1991 3250
173 203 214 231 1³.
233 204 268 232 (J.
285 207 357 235 259.

175 246 215 275 A.
231 247 264 275 C.
282 252 355 278 493.

167 831 204 860 15.
222 831 255 860 (2.
273 832 345 863 960.

165 874 205 903 Α.
222 875 254 904 C.
270 878 340 909 402⁷.

396 102 469 138 112
935 97 1073 135 TlTl
1108 97 1280 135 LIVII

391 198 551 241 tidiana
585 197 814 240 multitudo
846 197 1019 240 licentia
1053 213 1246 250 accensa,
1267 197 1404 253 adripi
1438 212 1569 240 unum
1610 199 1820 257 insignem

385 255 536 297 ducem
561 255 816 297 seditionum
835 255 980 310 jussit.
1026 254 1114 306 Ille,
1130 269 1259 310 quum
1284 270 1308 296 a
1329 254 1550 296 lictoribus
1564 255 1657 310 jam
1681 258 1821 299 trabe-

384 321 513 363 retur,
548 313 820 367 provocavit:
864 326 942 353 nec
974 312 1171 353 cessisset
1204 311 1501 367 provocationi
1534 314 1696 366 consul,
1717 315 1820 370 quia

383 383 469 409 non
496 369 674 410 dubium
697 379 788 410 erat
810 369 955 424 popuii
984 368 1214 423 judicium,
1239 368 1318 409 nisi
1341 382 1455 424 aegre
1490 368 1603 410 victa
1635 373 1820 426 pertina-

384 426 451 466 cia
474 424 596 476 foret,
620 425 800 467 consilio
823 426 959 482 magis
983 436 1024 464 ct
1047 425 1302 466 auctoritate
1322 425 1578 481 principum,
1597 441 1722 480 quam
1743 442 1820 483 po-

383 481 472 537 puli
497 482 694 524 clamore.
733 485 764 506 ⁵⁰
782 482 888 524 adeo
912 489 1160 536 supererant
1192 481 1322 522 animi
1356 481 1406 522 ad
1442 482 1731 524 sustinendam
1755 485 1819 525 in-

384 538 559 580 vidiam.
620 539 822 580 Crescere
845 538 942 578 inde
963 537 1120 578 malum
1146 538 1188 578 in
1211 537 1316 589 dies,
1337 553 1421 592 non
1446 539 1702 580 clamoribus
1725 554 1816 581 mo-

381 594 436 636 do
459 596 631 652 apertis,
655 597 741 646 scd,
763 595 878 650 quod
898 594 1034 634 multo
1057 594 1337 650 perniciosius
1356 603 1462 647 erat,
1485 597 1724 637 secessione
1746 611 1821 639 oc-

379 652 592 708 cultisque
613 651 866 705 conloquiis.
927 650 1116 691 Tandem
1142 651 1264 692 invisi
1292 649 1401 707 plebi
1434 652 1629 693 consules
1659 654 1819 708 magis-

379 716 492 750 tratu
524 710 698 760 abeunt,
723 707 927 749 Servilius
961 708 1136 759 neutris,
1155 707 1324 764 Appius
1355 708 1555 750 Patribus
1586 710 1691 751 mirc
1721 724 1817 766 gra-

379 774 462 806 tus,

438 820 666 863 XXVIII.
699 822 753 863 A.
775 821 995 877 Virginius
1029 820 1127 862 inde
1161 828 1205 861 et
1235 819 1288 862 Τ.
1309 822 1508 863 Vetusius
1542 822 1813 865 consulatum

376 878 540 920 incunt.
601 877 710 920 Tum
737 892 835 920 vero
861 878 1016 934 plebeS‚
1042 879 1203 918 incerta
1223 878 1367 932 quales
1390 878 1588 920 habitura
1618 881 1813 921 consules

376 944 501 985 esset,
523 943 664 977 coetus
688 946 934 986 nocturnos,
964 938 987 956 “¹
1008 939 1130 989 parsb
1162 933 1374 989 Esquiliis,
1398 949 1492 992 pars
1514 937 1556 976 in
1579 936 1813 988 Aventino,

378 991 542 1044 facere;
586 995 617 1015 ⁵2
632 1006 683 1034 ne
718 993 759 1034 in
792 993 886 1034 foro
923 992 1075 1032 subitis
1106 991 1338 1046 trepidaret
1371 991 1574 1043 consiliis,
1596 1004 1639 1033 et
1669 995 1814 1035 omnia

377 1058 535 1092 temere
557 1064 607 1090 ac
629 1048 805 1091 fortuito
828 1058 987 1105 ageret.
1050 1047 1153 1089 Eam
1179 1062 1264 1089 rem
1287 1048 1481 1090 consules
1513 1051 1608 1100 rati,
1631 1059 1677 1091 ut
1707 1061 1812 1101 erat,

375 1106 676 1161 perniciosam,
710 1107 738 1129 ⁵³
754 1106 804 1147 ad
838 1106 986 1147 Patres
1009 1105 1230 1147 deferunt:
1273 1106 1345 1146 sed
1378 1105 1558 1147 delatam
1593 1107 1814 1149 consulere

376 1163 524 1205 ordine
564 1178 650 1204 non
689 1163 824 1205 licuit.
861 1163 967 1204 adeo
1004 1162 1262 1204 tumultuose
1299 1171 1483 1219 excepta
1522 1171 1587 1204 est
1616 1163 1813 1205 clamori-

375 1220 455 1261 bus
479 1220 667 1276 undique
686 1229 730 1261 et
752 1219 1050 1276 indignatione
1073 1219 1265 1270 Pau-um,
1287 1219 1337 1269 si,
1359 1220 1472 1275 quod
1505 1220 1685 1276 imperio
1707 1235 1811 1262 con-

376 1276 500 1318 sulari
524 1280 553 1300 ³⁴
567 1277 886 1332 exsequendum
909 1285 1034 1326 esset,
1055 1276 1260 1318 invidiam
1283 1276 1375 1331 ejus
1399 1276 1593 1318 consules
1616 1278 1667 1319 ad
1692 1291 1812 1319 sena-

374 1343 465 1374 tum
489 1331 730 1388 rejicerent.
789 1333 982 1390 Profecto
1013 1333 1047 1374 si
1078 1339 1198 1374 essent
1228 1333 1271 1374 in
1306 1332 1507 1388 republica
1540 1335 1812 1390 magistratus,

374 1389 870 1448 mcllumsuturamfuisse
892 1390 1047 1441 Romae,
1071 1389 1148 1430 nisi
1165 1389 1386 1444 publicum,
1407 1390 1632 1431 concilium.
1687 1390 1810 1433 Nunc

373 1447 418 1487 in
439 1447 548 1489 mille
567 1448 700 1489 curias
720 1447 997 1502 concionesqne
1015 1451 1155 1503 (qaum
1176 1445 1260 1488 alia
1283 1446 1325 1486 in
1349 1446 1560 1502 Esquiliis,
1577 1447 1661 1488 alia
1682 1448 1725 1488 in
1745 1448 1809 1488 A-

371 1504 533 1546 ventino
556 1504 670 1560 fiant
704 1502 892 1554 concilia)
925 1503 1140 1559 dispersam
1172 1510 1208 1544 et
1244 1503 1477 1559 dissipatam
1514 1518 1594 1545 esse
1627 1505 1810 1560 rempub-

370 1560 506 1602 licam.
571 1561 716 1612 Unum,
739 1560 930 1611 Hercule,
954 1562 1100 1611 virum,
1119 1559 1182 1611 (ist
1212 1560 1315 1601 enim
1339 1559 1435 1615 plus
1454 1575 1544 1611 esse,
1567 1576 1686 1617 quam
1717 1576 1810 1603 cou-

368 1618 511 1668 sulem)
533 1617 665 1674 qualis
686 1616 771 1673 Ap.
796 1616 993 1658 Claudias
1003 1616 1155 1674 fiterit,
1173 1624 1367 1658 momento
1397 1618 1586 1672 temporis
1615 1618 1811 1659 discussu-

369 1689 460 1715 rum
474 1674 566 1716 illos
585 1673 858 1731 coetusfaisse‚
905 1674 1111 1729 Com-epti
1134 1673 1327 1714 consules
1349 1688 1496 1728 quum,
1512 1673 1614 1729 quid
1637 1689 1740 1730 ergo
1762 1689 1807 1716 se

370 1730 511 1773 facere
545 1731 860 1785 uellent,(nihil
894 1733 1006 1773 enim
1042 1731 1213 1786 segnius
1247 1729 1484 1782 molliusve,
1506 1745 1632 1786 quam
1669 1730 1807 1772 Patri-

369 1788 450 1829 bus
486 1789 666 1845 placeat‚
688 1789 877 1838 acturos)
909 1797 1302 1844 percunctarentur,
1323 1787 1571 1837 decernunt,
1594 1797 1640 1828 ut
1670 1788 1808 1829 delec-

370 1854 462 1886 tum
504 1860 632 1901 quam
675 1846 927 1887 acerrimum
970 1845 1170 1886 habeant.
1213 1843 1348 1885 55ὀῐίο
1390 1844 1583 1885 lascivire
1624 1844 1806 1900 plebem.

369 1900 563 1943 Dimisso
585 1912 750 1953 senatu,
769 1901 964 1944 consules
987 1902 1029 1942 in
1053 1901 1237 1943 tribunal
1270 1901 1550 1942 adscendunt.
1571 1901 1706 1943 citant
1730 1917 1808 1943 no-

361 1959 566 2000 minatim
600 1957 813 2014 juniores.
873 1959 1021 2005 Quum
1065 1959 1116 2000 ad
1160 1972 1317 1999 nomen
1353 1971 1481 1999 nemo
1519 1957 1808 2014 responderet,

360 2015 628 2061 circumfusa
665 2016 896 2058 multitudo
929 2016 971 2056 in
1004 2015 1226 2057 concionis
1267 2015 1442 2056 modum
1481 2029 1651 2071 negare,
1687 2014 1807 2056 Ultra

360 2071 492 2127 decipi
510 2072 666 2128 plebem
680 2088 808 2128 posse.
871 2072 1105 2129 Numquam
1126 2087 1250 2113 unum
1282 2071 1448 2113 militem
1478 2071 1697 2122 habituros,
1718 2072 1806 2113 ⁵⁶m'

353 2136 620 2183 praestaretm·
626 2129 736 2184 fides
748 2129 932 2187 publica.
955 2129 1176 2170 libertatem
1199 2128 1413 2185 uuicuique
1424 2128 1541 2185 prius
1567 2128 1810 2182 reddendam

889 2224 904 2245 ¹2
926 2226 1003 2255 add.
1021 2227 1053 2254 in.
1066 2227 1162 2255 Gron.
1179 2226 1270 2256 Crev.

356 2308 398 2334 ut
413 2303 449 2335 ινδ
462 2303 650 2345 quotidiana
669 2304 835 2344 jungatur
859 2313 936 2335 cuin
965 2305 1060 2335 licen·
1106 2303 1147 2334 da
1162 2303 1301 2334 consilia
1315 2308 1437 2334 essent.

357 2349 415 2377 tia.
1148 2350 1188 2377 53
1213 2348 1265 2377 Ad
1297 2347 1418 2377 Patres
1446 2345 1611 2386 deserunt]
1655 2345 1801 2377 Andreas

402 2391 564 2423 50⁴⁵Ade0
593 2395 788 2432 supererant
817 2392 937 2430 αηίηιὶ]
968 2390 1059 2421 Adeo
1103 2389 1206 2421 habet
1220 2390 1390 2430 referunt.-
1413 2390 1499 2429 quod
1515 2390 1620 2420 bacin
1640 2398 1674 2419 re
1690 2389 1801 2420 solen·

356 2433 432 2473 plus
447 2436 549 2465 etiam
567 2435 616 2465 illi
632 2437 713 2473 viro,
731 2444 831 2474 quam
855 2435 935 2464 satis
959 2438 1058 2471 esset,
1103 2443 1145 2464 ne
1172 2444 1210 2464 ac
1237 2435 1409 2474 proprium
1436 2438 1487 2464 est
1515 2433 1662 2463 verbum.
1707 2433 1746 2463 Id
1773 2433 1801 2464 si

356 2478 545 2508 animorum
569 2484 642 2509 erat
664 2479 707 2510 ad
730 2476 952 2510 resistendum
975 2477 1059 2508 odiis
1103 2477 1304 2508 admittatur
1328 2477 1390 2507 hoe
1418 2476 1502 2514 loco,
1527 2486 1609 2516 opus
1634 2476 1698 2506 erit
1724 2485 1802 2507 mox

358 2521 584 2560 popularibus.
1103 2520 1167 2559 legi
1182 2533 1188 2550 τ
1214 2522 1270 2551 sed
1283 2522 1434 2551 relatam.

398 2565 435 2594 51
464 2564 557 2594 Pars
582 2567 617 2595 in
642 2563 816 2605 Esquiliis]
852 2563 992 2594 Plurimi
1018 2573 1057 2594 ex
1147 2560 1494 2604 54*E.1·sequendum]
1521 2561 1779 2593 vindicandum.

356 2606 575 2638 Gronovianis
600 2608 693 2638 MSS.
710 2608 857 2647 quinque
882 2618 900 2637 e
928 2608 1061 2645 uostris,
1150 2611 1219 2639 55*
1234 2609 1305 2638 ocio
1327 2607 1488 2646 lascivire]
1513 2605 1666 2637 Licentia
1681 2606 1802 2637 exotio

356 2649 519 2689 Andreas,
546 2658 580 2681 et
604 2652 809 2691 Campanus,
835 2651 1000 2681 omittunt
1029 2651 1063 2681 ni
1106 2650 1249 2682 collecta
1263 2650 1412 2681 ferocire.

351 2695 398 2723 in.
1149 2694 1280 2726 56³*Ni
1302 2697 1521 2734 prestaretur
1536 2693 1626 2733 fides
1651 2692 1800 2733 publica]

396 2736 531 2768 5⁴2¹*Ne
561 2739 599 2767 in
624 2736 704 2777 soro
732 2738 848 2767 subitis
877 2738 1055 2778 trepidaret
1099 2738 1143 2769 Ni
1175 2737 1210 2768 id
1238 2737 1327 2775 quod
1354 2736 1419 2768 fule
1449 2736 1581 2776 publica
1599 2737 1802 2776 promissum

350 2779 500 2819 comitiis]
530 2781 579 2811 Ne
595 2781 779 2820 trepidaret
805 2782 934 2812 incerta
958 2783 991 2811 in
1009 2781 1059 2811 so·
1101 2785 1185 2821 erat,
1199 2790 1234 2813 re
1249 2786 1284 2813 et
1299 2781 1419 2815 effectu
1434 2780 1659 2816 exhiberetur.

352 2834 403 2862 ro,
417 2823 446 2855 si
462 2824 572 2855 subito
588 2829 623 2855 et
639 2824 674 2856 in
689 2834 724 2855 re
741 2825 900 2865 praesenti
923 2825 1056 2866 capien-
