1925 3239
487 86 491 88 ’
541 100 793 138 LIB.V111
830 100 960 138 CAP.
987 94 1072 138 XL.
1444 105 1519 140 495

78 195 228 236 morbo
251 194 358 237 forte
380 195 597 252 inplicitus
619 206 722 246 erat,
743 196 941 252 ²signu1n
966 196 1182 237 mittendis
1205 197 1420 260 quadzigis
1440 198 1513 239 da·
1527 212 1567 242 U
1585 211 1620 242 C
1637 214 1712 243 432

79 260 165 291 ret·
155 251 443 307 ‚functusque
464 267 514 294 eo
536 253 648 294 haud
668 267 767 293 saue
789 253 1050 294 memorandi
1077 254 1242 307 imperii
1265 255 1513 306 ministerio,
1526 256 1564 286 A·
1583 256 1619 287 C.
1636 257 1709 287 3520.

79 321 123 347 se
144 308 355 350 dictatura
376 309 608 351 abdicaret.
631 323 709 350 nec
740 308 864 349 facile
893 320 971 361 est,
994 320 1067 350 aut
1096 323 1182 349 retu
1214 310 1288 357 1ei,
1310 322 1381 350 aut
1413 326 1513 351 auc—

79 373 214 405 torem
256 367 416 406 auctori
458 365 670 420 praeferre.
727 364 938 406 Vitiatam
978 366 1223 406 memoriam
1263 366 1512 408 funebnibus

80 419 276 462 laudibus
298 436 405 472 reor,
428 422 656 476 falsisque
647 422 882 477 lmaginurn
906 422 1051 472 titulis,
1074 423 1174 463 dum
1197 422 1357 462 familia
1386 424 1437 464 ad
1469 438 1512 464 se

80 491 260 532 quaeque
282 477 436 519 famam
462 493 597 519 rerum
623 487 836 533 gestarum
860 478 1156 533 honorumque
1189 477 1362 519 fallente
1395 494 1512 520 men-

79 534 203 574 dacio
226 535 411 575 trahunt.
471 534 577 575 Inde
599 544 711 575 certe
741 545 784 574 et
812 536 1077 590 singulorum
1111 544 1243 590 gesta,
1266 545 1307 576 et
1339 536 1511 589 publica

80 600 355 632 monumenta
375 606 511 632 rerum
534 590 726 632 confusa.
750 605 827 632 nec
848 593 1070 647 quisquam
1102 591 1276 646 aequalis
1308 593 1510 647 tempoli-

82 646 160 688 bus
183 646 264 688 illis
286 648 466 714 scriptm
486 657 639 699 exstat,
661 662 746 703 quo
769 648 869 689 satis
890 659 1008 690 certo
1028 658 1200 689 auctore
1223 657 1369 689 stetur.

123 784 144 814 2
167 782 309 823 Signum
327 783 491 814 mittendis
503 782 686 823 quadrigas]
704 784 773 823 Sig-
816 793 954 815 munere
968 784 1121 825 fungitur
1137 784 1255 816 consul
1275 784 1296 815 1.
1312 783 1411 815 XLV.
1427 795 1453 816 c.
1481 787 1507 816 1.

81 835 177 864 num,
192 837 258 865 quo
272 827 351 856 dato
366 827 532 866 quadrigae
547 837 565 856 e
587 827 771 857 carceribus
814 827 912 860 infra.

81 870 211 900 emissae
228 872 430 910 corriperent
448 870 535 900 Circi
551 871 668 911 spatia.
698 870 770 901 Hoc
