1991 3250
360 113 409 148 52

906 106 1044 145 ΤΙΤἸ
1089 106 1258 146 LIVII

360 208 467 251 fuit:
499 219 639 252 cotem
663 221 832 264 quoquc
855 207 1005 248 eodem
1027 207 1123 249 loco
1145 207 1270 248 sitam
1304 206 1435 248 fuisse
1467 217 1722 259 memorant,
1743 217 1791 249 ut

359 277 469 307 esset
500 267 552 308 ad
585 275 778 321 posteros
809 265 1001 305 miraculi
1034 265 1127 319 ejus
1168 275 1510 306 monumentum.

1585 265 1790 321 Auguriis

360 333 475 364 certe
497 323 821 377 sacerdotioque
843 335 1054 376 augurum
1078 330 1220 362 tantus
1236 321 1374 362 honos
1393 321 1589 372 accessit,
1607 333 1655 362 ut
1683 322 1792 363 nihil

361 380 458 421 belli
492 380 694 435 domique
738 387 898 434 postea,
930 378 1011 418 nisi
1053 379 1290 433 auspicato,
1322 387 1563 434 gereretur:
1606 378 1792 419 concilia

359 437 525 493 populi,
547 436 761 478 exercitus
785 434 942 483 vocati,
963 437 995 459 ⁷⁴
1009 448 1176 475 summa
1198 449 1353 485 rerum,
1375 436 1448 476 ubi
1480 448 1578 475 aves
1600 449 1686 476 non
1715 435 1788 477 ad-

360 495 590 544 misissent,
610 492 970 533 ⁷⁵dirimerentur.
1022 490 1175 546 Neque
1206 503 1295 532 tum
1319 491 1575 546 Tarquinius
1597 491 1650 532 de
1671 493 1791 547 equi-

362 562 452 591 tum
475 549 678 591 centuriis
703 548 937 602 quidquam
968 548 1180 589 mutavit:
1211 562 1390 589 numero
1421 549 1597 588 alterum
1624 557 1791 590 tantum

361 608 534 662 adjecit,
557 617 604 647 ut
633 603 794 645 ⁷⁶mille
825 613 867 644 et
889 605 1129 660 octingenti
1160 605 1323 660 equites
1345 605 1396 645 ‘in
1430 606 1565 646 tribus
1588 605 1790 646 centuriis

360 673 514 705 essent.
536 666 567 688 ⁷⁷
586 662 849 703 Posteriores
869 661 997 702 modo
1020 662 1099 702 sub
1116 662 1267 702 iisdem
1288 663 1547 712 nominibus,
1567 662 1639 716 qui
1658 661 1792 702 additi

360 730 496 771 erant,
530 718 730 775 adpellati
765 727 889 759 sunt:
934 732 1039 773 quas
1070 733 1200 770 nunc,
1232 719 1334 774 quia
1362 723 1394 745 ⁷³
1409 719 1640 775 geminatae
1678 728 1792 770 sunt,

359 781 392 803 ⁷⁹
405 791 480 817 sex
505 785 660 817 vocant
682 775 913 816 centurias.

420 828 680 874 XXXVII.
713 831 811 873 Hac
837 840 956 886 parte
987 831 1210 888 copiarum
1240 841 1380 881 aucta,
1403 833 1556 873 iterum
1587 846 1686 874 cum
1711 831 1788 872 Sa-

360 890 473 931 binis
505 890 770 945 confligitur.

832 889 915 929 Sed
949 897 1233 944 praeterquam
1264 890 1378 944 quod
1412 889 1571 930 viribus
1601 897 1794 931 creverat

362 946 585 988 Romanus
608 948 836 995 exercitus,
860 960 912 986 ex
937 946 1108 987 occulto
1132 947 1261 986 etiam
1284 946 1454 986 additur
1479 945 1616 996 dolus,
1639 945 1793 996 missis,

359 1005 432 1058 qui
464 1018 663 1059 magnam
698 1004 782 1043 vim
816 1003 1046 1058 lignorum,
1070 1004 1112 1043 in
1144 1002 1322 1043 Anienis
1354 1002 1447 1058 ripa
1471 1003 1706 1057 jacentem,
1727 1015 1794 1042 ar-

359 1062 529 1102 dentem
551 1061 592 1101 iu
609 1061 765 1101 flumen
780 1060 1070 1114 conjicerent:
1094 1059 1502 1114 ventoquejuvante
1515 1073 1695 1101 accensa
1714 1058 1797 1113 lig-

361 1133 430 1168 na,
452 1121 484 1141 ³⁰
499 1128 541 1159 et
576 1117 790 1173 pleraque,
812 1117 856 1157 in
891 1117 1052 1157 ratibus
1087 1116 1274 1172 inpacta,
1297 1116 1472 1157 sublicis
1493 1131 1626 1172 quum
1659 1115 1794 1156 haere-

359 1186 469 1226 rent,
491 1178 519 1199 ⁸¹
539 1184 715 1230 pontem
740 1174 974 1214 incendunt
987 1171 1014 1214 ¹².

1056 1172 1120 1214 Ea
1141 1188 1312 1228 quoque
1335 1188 1398 1214 res
1418 1173 1459 1213 in
1483 1188 1630 1229 pugna
1659 1183 1794 1214 terro-

147 1244 338 1316 ={ainulfum
362 1247 450 1273 rem
473 1231 628 1272 adtulit
651 1231 837 1272 Sabinis.
867 1236 900 1258 82
924 1229 1082 1271 Effusis
1104 1230 1252 1272 eadem
1275 1230 1421 1287 fugam
1447 1231 1653 1285 inpediit:
1687 1229 1794 1270 mul-

169 1292 274 1318 untur.

362 1291 480 1345 tique
511 1288 726 1339 mortales,
755 1302 886 1343 quum
920 1287 1089 1329 hostem
1121 1286 1387 1343 effugissent,
1412 1288 1453 1327 in
1488 1287 1665 1328 flumine
1699 1286 1793 1341 ipso

362 1347 547 1403 periere:
579 1360 761 1400 quorum
783 1344 999 1385 fluitantia
1017 1359 1133 1385 arma
1153 1345 1207 1385 ad
1226 1346 1374 1386 urbem
1392 1344 1569 1399 cognita
1586 1345 1627 1384 in
1646 1342 1792 1384 Tiberi

364 1404 476 1458 prius
495 1417 617 1458 pene,
634 1416 761 1457 quam
779 1401 973 1442 nunciari
990 1410 1148 1456 posset,
1163 1401 1377 1456 insignem
1396 1401 1621 1441 victoriam
1641 1399 1793 1441 fecere.

365 1460 427 1501 Eo
454 1459 606 1515 proelio
629 1459 848 1516 praecipua
870 1461 1062 1513 equitum
1095 1458 1231 1514 gloria
1251 1458 1348 1499 fuit.
1373 1457 1587 1512 utrimque
1616 1457 1670 1498 ab
1701 1470 1796 1497 cor-

360 1518 487 1559 nibus
511 1517 688 1572 positos,
709 1530 841 1571 quum
867 1515 961 1570 jam
986 1515 1211 1570 pelleretur
1232 1515 1374 1556 media
1397 1514 1590 1570 peditum
1622 1527 1796 1555 suorum

353 1575 489 1624 ¹acies,
508 1574 567 1614 ita
584 1574 809 1614 incurrisse
829 1574 882 1613 ab
905 1572 1108 1614 lateribus
1131 1572 1289 1622 ferunt,
1309 1581 1356 1613 ut
1376 1586 1460 1612 non
1484 1571 1683 1612 sisterent
1705 1584 1797 1611 mo-

362 1632 416 1672 do
447 1631 628 1671 Sabinas
651 1630 841 1687 legiones
876 1629 1076 1671 ferociter
1106 1630 1315 1671 instantes
1346 1628 1613 1680 cedentibus,
1635 1627 1707 1668 sed
1730 1641 1801 1668 su-

894 1754 908 1774 ¹¹
923 1756 1108 1786 succendunt
1119 1756 1216 1786 Gran.
1233 1757 1323 1786 Cret.

359 1854 438 1885 ,llue
454 1856 601 1894 primum
618 1853 759 1894 populus
774 1854 941 1883 Romanus
955 1854 1056 1891 coire,

359 1900 427 1929 sive
443 1899 484 1929 ad
501 1899 645 1929 Comitia
662 1898 836 1927 convenire
854 1902 1012 1936 coeperat.

404 1945 444 1977 74
453 1942 616 1972 *Summa
627 1940 755 1979 rernm]
768 1940 922 1979 Denique
935 1950 974 1969 ea
985 1949 1058 1979 quae

362 1986 395 2016 in
412 1985 584 2025 republica
599 1985 734 2015 maximi
753 1984 915 2014 momenti
932 1989 1022 2014 sunt.

404 2032 445 2062 75
457 2033 476 2049 *-
486 2027 748 2068 Dirimerentzcr]
762 2027 998 2065 Differrentur,
1009 2036 1060 2058 re-

356 2071 543 2111 jicerentur
559 2073 592 2102 in
610 2071 700 2102 aliud
715 2078 861 2111 tempus.

405 2115 448 2149 76
469 2115 566 2146 simle
594 2121 624 2146 et
659 2116 852 2154 octingenti]
883 2113 1060 2154 Quomodo

361 2157 552 2198 duplicatus
567 2159 719 2197 equitum
743 2168 903 2188 numerus
919 2157 1010 2188 mille
1026 2165 1061 2188 et

360 2203 572 2241 octingentos
586 2202 727 2239 dederit,
739 2210 806 2231 non
816 2202 897 2231 satis
910 2207 1059 2241 apparet.

363 2245 526 2276 Romulus
540 2249 606 2276 tres
623 2246 775 2284 equitum
792 2245 959 2275 centurias
983 2254 1060 2274 con-

360 2289 506 2329 scripsit,
530 2299 630 2329 supra
653 2300 680 2318 c.
710 2291 759 2319 13.
801 2287 921 2318 Tullus
947 2289 1062 2328 (supra

362 2335 431 2371 30.)
452 2332 567 2363 decem
590 2336 718 2362 turmas
732 2342 772 2361 ex
797 2331 933 2362 Albanis
956 2331 1059 2371 legit:

364 2384 450 2414 quae,
465 2386 569 2415 quum
586 2375 727 2415 singulae
741 2375 879 2406 tricenis
895 2375 1061 2414 equitibus

361 2424 570 2457 constarent,
585 2421 747 2450 universae
769 2423 938 2449 trecentos
962 2419 1062 2448 effici-

366 2470 439 2492 unt.
471 2462 602 2502 ltaque,
618 2463 645 2492 si
670 2461 802 2493 Livium
818 2462 926 2492 solum
943 2471 1062 2492 cousu-

366 2504 487 2542 lamus,
500 2512 674 2536 sexcentos
686 2512 822 2536 tautum
839 2507 968 2544 equites
985 2510 1062 2536 ante

364 2548 584 2587 Tarquinium
610 2549 782 2580 habemus.
815 2549 953 2588 Dionys.
978 2549 999 2578 l.
1018 2549 1061 2578 ΙΙ.

364 2591 479 2622 scribit
497 2592 587 2622 mille
605 2592 710 2623 ferme
733 2593 862 2632 equites
878 2602 898 2622 a
919 2592 1063 2623 Romulo

366 2634 501 2665 relictos
516 2635 634 2665 fuisse:
660 2638 715 2675 qni
734 2645 907 2671 numerus,
920 2645 997 2666 cuin
1024 2637 1063 2665 iis

368 2687 448 2717 quos
462 2677 580 2710 'suune
596 2679 734 2715 addidit,
745 2681 838 2716 justo
853 2679 958 2717 major
973 2679 1047 2709 erit.

410 2725 449 2754 77
477 2721 683 2760 Posteriores]
710 2722 924 2752 Soluuunodo
949 2724 984 2758 ii,
1007 2723 1064 2761 qui

366 2764 471 2795 additi
482 2770 590 2803 erant,
598 2765 756 2805 appellati
764 2771 843 2796 sunt
855 2767 1062 2805 posteriores,

367 2807 430 2837 sub
447 2807 562 2838 iisdem
587 2813 700 2838 tamen
725 2810 932 2839 nominibus:
961 2810 1008 2839 ita
1027 2815 1062 2838 ut

374 2851 779 2888 Raninenses,'ritienses‚
797 2852 937 2883 Lucere<
956 2857 1061 2890 poste-

1101 1853 1202 1883 riores
1220 1852 1422 1883 dicerentur.

1146 1899 1185 1931 78
1216 1895 1397 1926 Geminam>
1410 1894 1498 1934 sunt]
1520 1895 1567 1924 Ex
1588 1893 1798 1924 ordinatione

1103 1939 1172 1970 Ser.
1188 1939 1306 1976 Tullii,
1323 1939 1363 1969 de
1379 1949 1445 1978 qua
1461 1939 1547 1968 iufra
1561 1948 1590 1968 c.
1606 1940 1661 1969 43.

1146 1987 1187 2018 79
1213 1982 1278 2014 δεῖ
1302 1984 1481 2020 centurias]
1507 1982 1561 2011 Sic
1591 1981 1697 2011 dictas
1727 1979 1798 2010 κατ’

1103 2026 1215 2066 ἐξοχὴν,
1246 2026 1324 2066 quia
1359 2027 1510 2056 omnium
1546 2024 1799 2063 antiquissimae.

1103 2071 1180 2101 Huc
1204 2069 1289 2100 refer
1310 2080 1365 2100 sea:
1388 2069 1445 2099 illa
1466 2066 1647 2109 srffl‘agia,
1665 2068 1705 2097 de
1729 2067 1803 2106 qui-

1105 2114 1166 2144 bus
1183 2113 1310 2144 Festus.

1148 2160 1189 2188 30
1213 2157 1262 2188 Ee
1273 2158 1430 2196 pleraque
1447 2158 1479 2186 in
1491 2154 1630 2194 ratibus]
1649 2155 1810 2195 Quorum·

1106 2201 1211 2240 major
1243 2210 1318 2240 pars
1350 2201 1383 2230 in
1415 2206 1502 2230 rates
1532 2199 1689 2238 imposita
1719 2202 1802 2227 erat.

1104 2245 1217 2284 Quum
1233 2250 1347 2274 tamen
1367 2243 1456 2273 hunc
1472 2247 1608 2283 pontem
1632 2252 1650 2272 e
1677 2241 1801 2271 ratibus

1104 2288 1207 2318 fuisse
1222 2288 1344 2318 scribat
1360 2287 1550 2326 Dionysiu5‚
1562 2291 1596 2316 et
1611 2285 1713 2325 ligna,
1727 2294 1802 2323 quie

1106 2331 1138 2361 in
1165 2341 1242 2361 eum
1268 2330 1409 2361 Romani
1434 2330 1659 2363 immiserunt,
1675 2328 1801 2364 omnia,

1107 2384 1172 2405 non
1195 2381 1330 2404 tantum
1354 2374 1524 2414 pleraque,
1547 2372 1676 2412 scaphis
1700 2371 1802 2401 fuisse

1106 2418 1228 2455 delata,
1245 2427 1311 2448 non
1335 2415 1542 2458 aspernanda
1565 2415 1697 2446 videtur
1718 2415 1802 2444 Gro-

1108 2462 1195 2492 novii
1213 2462 1425 2499 conjectura:
1449 2464 1480 2490 et
1497 2461 1656 2499 pleraque
1680 2459 1804 2488 ratibus

1106 2507 1251 2545 impacta
1266 2505 1454 2544 sublicisque
1468 2512 1569 2542 quum
1587 2505 1756 2532 horrerent.

1152 2552 1187 2579 ‘ol
1218 2547 1370 2586 Pontem]
1390 2549 1498 2585 Quem
1516 2547 1630 2576 Sabini
1653 2546 1803 2575 fecerant

1108 2592 1149 2623 ad
1166 2592 1374 2622 confluentes
1391 2591 1518 2620 Tiberis
1536 2596 1570 2619 et
1588 2589 1735 2619 Anienis.

1153 2637 1194 2665 22
1217 2631 1362 2675 Effusis]
1404 2633 1514 2663 Multo
1551 2634 1661 2672 aptius
1701 2634 1802 2667 esset,

1110 2678 1197 2717 quod
1213 2678 1347 2716 subjicit
1361 2676 1433 2707 Jac.
1452 2677 1649 2712 Gronovim,
1667 2674 1803 2713 effusis.

1110 2722 1189 2753 Fusi
1204 2721 1293 2751 enim
1311 2727 1400 2751 recte
1417 2725 1634 2760 opponuntur
1653 2727 1806 2759 pugnan-

1109 2765 1211 2803 tibus,
1236 2774 1301 2794 nou
1329 2765 1406 2793 item
1432 2761 1538 2803 qgl'nsi.
1587 2763 1628 2792 Et
1652 2760 1807 2792 similiter

1110 2808 1207 2845 infra,
1225 2808 1300 2838 Vll.
1323 2810 1376 2839 323.
1400 2810 1431 2837 oet
1443 2806 1556 2847 fluere
1580 2805 1746 2836 coaluerat
1771 2805 1807 2833 iu

1107 2850 1251 2891 effluere.
