<?xml version="1.0" encoding="UTF-8"?>
<!DOCTYPE html PUBLIC "-//W3C//DTD XHTML 1.0 Transitional//EN"
    "http://www.w3.org/TR/xhtml1/DTD/xhtml1-transitional.dtd">
<html xmlns="http://www.w3.org/1999/xhtml" xml:lang="en" lang="en">
 <head>
  <title>
</title>
<meta http-equiv="Content-Type" content="text/html;charset=utf-8" />
  <meta name='ocr-system' content='tesseract 3.04.00' />
  <meta name='ocr-capabilities' content='ocr_page ocr_carea ocr_par ocr_line ocrx_word'/>
</head>
<body>
  <div class='ocr_page' id='page_1' title='image "./historiarumaburb01livyuoft_0548.png"; bbox 0 0 1925 3239; ppageno 0'>
   <div class='ocr_carea' id='block_1_1' title="bbox 346 135 1285 179">
    <p class='ocr_par' dir='ltr' id='par_1_1' title="bbox 346 135 1285 179">
     <span class='ocr_line' id='line_1_1' title="bbox 346 135 1285 179; baseline -0.002 0"><span class='ocrx_word' id='word_1_1' title='bbox 346 143 425 179; x_wconf 75' lang='lat'>534</span> <span class='ocrx_word' id='word_1_2' title='bbox 933 136 1076 177; x_wconf 75' lang='lat' dir='ltr'>Tl’rl</span> <span class='ocrx_word' id='word_1_3' title='bbox 1112 135 1285 177; x_wconf 82' lang='lat' dir='ltr'>L1v11</span> 
     </span>
    </p>
   </div>
   <div class='ocr_carea' id='block_1_2' title="bbox 137 234 1796 522">
    <p class='ocr_par' dir='ltr' id='par_1_2' title="bbox 137 234 1796 522">
     <span class='ocr_line' id='line_1_2' title="bbox 137 234 1794 293; baseline -0.003 -6"><span class='ocrx_word' id='word_1_4' title='bbox 137 254 326 287; x_wconf 58' lang='lat' dir='ltr'>uenam.</span> <span class='ocrx_word' id='word_1_5' title='bbox 353 245 584 281; x_wconf 68' lang='lat' dir='ltr'>cesserunt.</span> <span class='ocrx_word' id='word_1_6' title='bbox 643 235 830 288; x_wconf 80' lang='lat' dir='ltr'>Etrusci,</span> <span class='ocrx_word' id='word_1_7' title='bbox 863 237 966 293; x_wconf 84' lang='lat' dir='ltr'>quia</span> <span class='ocrx_word' id='word_1_8' title='bbox 1001 234 1127 278; x_wconf 83' lang='lat' dir='ltr'>nullis</span> <span class='ocrx_word' id='word_1_9' title='bbox 1164 236 1407 279; x_wconf 81' lang='lat' dir='ltr'>recentibus</span> <span class='ocrx_word' id='word_1_10' title='bbox 1443 236 1644 281; x_wconf 78' lang='lat' dir='ltr'>subsidiis</span> <span class='ocrx_word' id='word_1_11' title='bbox 1685 236 1794 282; x_wconf 71' lang='lat' dir='ltr'>fulta</span> 
     </span>
     <span class='ocr_line' id='line_1_3' title="bbox 140 294 1793 351; baseline 0.002 -18"><span class='ocrx_word' id='word_1_12' title='bbox 140 300 178 332; x_wconf 71' lang='lat' dir='ltr'>A·</span> <span class='ocrx_word' id='word_1_13' title='bbox 194 297 232 329; x_wconf 89' lang='lat' dir='ltr'>C·</span> <span class='ocrx_word' id='word_1_14' title='bbox 246 300 320 333; x_wconf 84' lang='lat'><strong>309·</strong></span> <span class='ocrx_word' id='word_1_15' title='bbox 389 297 494 336; x_wconf 88' lang='lat' dir='ltr'>rima</span> <span class='ocrx_word' id='word_1_16' title='bbox 514 294 626 336; x_wconf 83' lang='lat' dir='ltr'>acies</span> <span class='ocrx_word' id='word_1_17' title='bbox 648 294 745 346; x_wconf 84' lang='lat' dir='ltr'>fuit,</span> <span class='ocrx_word' id='word_1_18' title='bbox 767 304 866 335; x_wconf 84' lang='lat' dir='ltr'>ante</span> <span class='ocrx_word' id='word_1_19' title='bbox 887 294 1010 351; x_wconf 86' lang='lat' dir='ltr'>signa</span> <span class='ocrx_word' id='word_1_20' title='bbox 1030 295 1230 348; x_wconf 82' lang='lat' dir='ltr'>circaque</span> <span class='ocrx_word' id='word_1_21' title='bbox 1251 307 1398 334; x_wconf 84' lang='lat' dir='ltr'>ornnes</span> <span class='ocrx_word' id='word_1_22' title='bbox 1416 294 1677 339; x_wconf 84' lang='lat' dir='ltr'>ceciderunt..</span> <span class='ocrx_word' id='word_1_23' title='bbox 1701 295 1793 336; x_wconf 88' lang='lat' dir='ltr'>nul-</span> 
     </span>
     <span class='ocr_line' id='line_1_4' title="bbox 355 310 1795 407; baseline 0 -12"><span class='ocrx_word' id='word_1_24' title='bbox 355 310 397 395; x_wconf 52' lang='lat' dir='ltr'>ii)</span> <span class='ocrx_word' id='word_1_25' title='bbox 422 365 624 407; x_wconf 83' lang='lat' dir='ltr'>umquam</span> <span class='ocrx_word' id='word_1_26' title='bbox 657 352 813 406; x_wconf 86' lang='lat' dir='ltr'>proelio</span> <span class='ocrx_word' id='word_1_27' title='bbox 837 351 953 407; x_wconf 83' lang='lat' dir='ltr'>fugae</span> <span class='ocrx_word' id='word_1_28' title='bbox 986 351 1142 401; x_wconf 85' lang='lat' dir='ltr'>minus,</span> <span class='ocrx_word' id='word_1_29' title='bbox 1166 365 1242 391; x_wconf 88' lang='lat' dir='ltr'>nec</span> <span class='ocrx_word' id='word_1_30' title='bbox 1278 351 1370 406; x_wconf 81' lang='lat' dir='ltr'>plus</span> <span class='ocrx_word' id='word_1_31' title='bbox 1402 349 1532 392; x_wconf 86' lang='lat' dir='ltr'>caedis</span> <span class='ocrx_word' id='word_1_32' title='bbox 1564 350 1727 401; x_wconf 82' lang='lat' dir='ltr'>fuisset,</span> <span class='ocrx_word' id='word_1_33' title='bbox 1750 351 1795 395; x_wconf 85' lang='lat' dir='ltr'>ni</span> 
     </span>
     <span class='ocr_line' id='line_1_5' title="bbox 355 407 1795 463; baseline -0.002 -11"><span class='ocrx_word' id='word_1_34' title='bbox 355 410 598 452; x_wconf 85' lang='lat' dir='ltr'>obstinatos</span> <span class='ocrx_word' id='word_1_35' title='bbox 621 410 726 449; x_wconf 90' lang='lat' dir='ltr'>mori</span> <span class='ocrx_word' id='word_1_36' title='bbox 759 407 922 449; x_wconf 86' lang='lat' dir='ltr'>Tuscos</span> <span class='ocrx_word' id='word_1_37' title='bbox 947 422 1031 449; x_wconf 81' lang='lat' dir='ltr'>nox</span> <span class='ocrx_word' id='word_1_38' title='bbox 1058 409 1265 458; x_wconf 54' lang='lat' dir='ltr'>texis-sen</span> <span class='ocrx_word' id='word_1_39' title='bbox 1297 409 1356 449; x_wconf 86' lang='lat' dir='ltr'>ita</span> <span class='ocrx_word' id='word_1_40' title='bbox 1386 416 1433 448; x_wconf 89' lang='lat' dir='ltr'>ut</span> <span class='ocrx_word' id='word_1_41' title='bbox 1458 407 1638 448; x_wconf 87' lang='lat' dir='ltr'>victores</span> <span class='ocrx_word' id='word_1_42' title='bbox 1663 410 1795 463; x_wconf 84' lang='lat' dir='ltr'>prius,</span> 
     </span>
     <span class='ocr_line' id='line_1_6' title="bbox 355 461 1796 522; baseline 0.001 -15"><span class='ocrx_word' id='word_1_43' title='bbox 355 480 484 522; x_wconf 84' lang='lat' dir='ltr'>quam</span> <span class='ocrx_word' id='word_1_44' title='bbox 508 466 628 514; x_wconf 87' lang='lat' dir='ltr'>victi,</span> <span class='ocrx_word' id='word_1_45' title='bbox 649 464 870 521; x_wconf 84' lang='lat' dir='ltr'>pugnandi</span> <span class='ocrx_word' id='word_1_46' title='bbox 900 464 1029 506; x_wconf 87' lang='lat' dir='ltr'>finem</span> <span class='ocrx_word' id='word_1_47' title='bbox 1064 464 1266 506; x_wconf 82' lang='lat' dir='ltr'>facerent.</span> <span class='ocrx_word' id='word_1_48' title='bbox 1329 461 1434 508; x_wconf 84' lang='lat' dir='ltr'>Post</span> <span class='ocrx_word' id='word_1_49' title='bbox 1464 479 1662 507; x_wconf 84' lang='lat' dir='ltr'>occasum</span> <span class='ocrx_word' id='word_1_50' title='bbox 1695 464 1796 509; x_wconf 78' lang='lat' dir='ltr'>solis</span> 
     </span>
    </p>
   </div>
   <div class='ocr_carea' id='block_1_3' title="bbox 357 522 1850 579">
    <p class='ocr_par' dir='ltr' id='par_1_3' title="bbox 357 522 1850 579">
     <span class='ocr_line' id='line_1_7' title="bbox 357 522 1850 579; baseline 0.001 -15"><span class='ocrx_word' id='word_1_51' title='bbox 357 536 529 579; x_wconf 70' lang='lat' dir='ltr'>Signum</span> <span class='ocrx_word' id='word_1_52' title='bbox 565 532 756 578; x_wconf 85' lang='lat' dir='ltr'>receptui</span> <span class='ocrx_word' id='word_1_53' title='bbox 792 522 938 563; x_wconf 86' lang='lat' dir='ltr'>datum</span> <span class='ocrx_word' id='word_1_54' title='bbox 973 530 1061 562; x_wconf 86' lang='lat' dir='ltr'>est:</span> <span class='ocrx_word' id='word_1_55' title='bbox 1111 530 1236 562; x_wconf 88' lang='lat' dir='ltr'>nocte</span> <span class='ocrx_word' id='word_1_56' title='bbox 1265 526 1297 551; x_wconf 71' lang='lat'>2⁹</span> <span class='ocrx_word' id='word_1_57' title='bbox 1311 522 1365 562; x_wconf 85' lang='lat' dir='ltr'>ab</span> <span class='ocrx_word' id='word_1_58' title='bbox 1390 532 1570 576; x_wconf 87' lang='lat' dir='ltr'>utroque</span> <span class='ocrx_word' id='word_1_59' title='bbox 1593 522 1636 563; x_wconf 90' lang='lat' dir='ltr'>in</span> <span class='ocrx_word' id='word_1_60' title='bbox 1659 530 1800 565; x_wconf 77' lang='lat' dir='ltr'>castra</span> <span class='ocrx_word' id='word_1_61' title='bbox 1844 527 1850 531; x_wconf 84' lang='grc'><strong>“</strong></span> 
     </span>
    </p>
   </div>
   <div class='ocr_carea' id='block_1_4' title="bbox 144 578 1798 2227">
    <p class='ocr_par' dir='ltr' id='par_1_4' title="bbox 356 578 1798 917">
     <span class='ocr_line' id='line_1_8' title="bbox 357 578 1795 633; baseline -0.002 -12"><span class='ocrx_word' id='word_1_62' title='bbox 357 581 556 622; x_wconf 81' lang='lat' dir='ltr'>reditum.</span> <span class='ocrx_word' id='word_1_63' title='bbox 617 579 711 620; x_wconf 88' lang='lat' dir='ltr'>Nec</span> <span class='ocrx_word' id='word_1_64' title='bbox 732 578 886 620; x_wconf 88' lang='lat' dir='ltr'>deinde</span> <span class='ocrx_word' id='word_1_65' title='bbox 907 579 1139 633; x_wconf 81' lang='lat' dir='ltr'>quidquam</span> <span class='ocrx_word' id='word_1_66' title='bbox 1162 592 1214 619; x_wconf 88' lang='lat' dir='ltr'>eo</span> <span class='ocrx_word' id='word_1_67' title='bbox 1234 591 1347 621; x_wconf 80' lang='lat' dir='ltr'>anno</span> <span class='ocrx_word' id='word_1_68' title='bbox 1381 579 1438 618; x_wconf 87' lang='lat' dir='ltr'>rei</span> <span class='ocrx_word' id='word_1_69' title='bbox 1471 579 1678 619; x_wconf 85' lang='lat' dir='ltr'>memoria</span> <span class='ocrx_word' id='word_1_70' title='bbox 1698 578 1795 633; x_wconf 88' lang='lat' dir='ltr'>dig-</span> 
     </span>
     <span class='ocr_line' id='line_1_9' title="bbox 356 635 1794 692; baseline 0.001 -15"><span class='ocrx_word' id='word_1_71' title='bbox 356 651 425 678; x_wconf 78' lang='lat' dir='ltr'>nae</span> <span class='ocrx_word' id='word_1_72' title='bbox 448 636 561 692; x_wconf 91' lang='lat' dir='ltr'>apud</span> <span class='ocrx_word' id='word_1_73' title='bbox 585 636 774 677; x_wconf 87' lang='lat' dir='ltr'>Sutrium</span> <span class='ocrx_word' id='word_1_74' title='bbox 799 645 966 692; x_wconf 86' lang='lat' dir='ltr'>gestum</span> <span class='ocrx_word' id='word_1_75' title='bbox 990 645 1080 686; x_wconf 78' lang='lat' dir='ltr'>est3</span> <span class='ocrx_word' id='word_1_76' title='bbox 1109 635 1210 689; x_wconf 86' lang='lat' dir='ltr'>quia</span> <span class='ocrx_word' id='word_1_77' title='bbox 1231 644 1273 675; x_wconf 86' lang='lat' dir='ltr'>et</span> <span class='ocrx_word' id='word_1_78' title='bbox 1294 649 1348 677; x_wconf 82' lang='lat' dir='ltr'>ex</span> <span class='ocrx_word' id='word_1_79' title='bbox 1381 635 1566 676; x_wconf 89' lang='lat' dir='ltr'>hostium</span> <span class='ocrx_word' id='word_1_80' title='bbox 1601 635 1794 678; x_wconf 81' lang='lat' dir='ltr'>exercitu</span> 
     </span>
     <span class='ocr_line' id='line_1_10' title="bbox 357 691 1795 750; baseline 0 -16"><span class='ocrx_word' id='word_1_81' title='bbox 357 693 497 750; x_wconf 82' lang='lat' dir='ltr'>prima</span> <span class='ocrx_word' id='word_1_82' title='bbox 518 701 610 734; x_wconf 90' lang='lat' dir='ltr'>tota</span> <span class='ocrx_word' id='word_1_83' title='bbox 631 693 743 734; x_wconf 84' lang='lat' dir='ltr'>acies</span> <span class='ocrx_word' id='word_1_84' title='bbox 761 693 900 733; x_wconf 85' lang='lat' dir='ltr'>deleta</span> <span class='ocrx_word' id='word_1_85' title='bbox 922 706 1008 732; x_wconf 87' lang='lat' dir='ltr'>uno</span> <span class='ocrx_word' id='word_1_86' title='bbox 1029 692 1184 746; x_wconf 82' lang='lat' dir='ltr'>proelio</span> <span class='ocrx_word' id='word_1_87' title='bbox 1207 691 1358 742; x_wconf 86' lang='lat' dir='ltr'>fuerat,</span> <span class='ocrx_word' id='word_1_88' title='bbox 1381 691 1644 733; x_wconf 84' lang='lat' dir='ltr'>subsidiariis</span> <span class='ocrx_word' id='word_1_89' title='bbox 1666 691 1795 734; x_wconf 86' lang='lat' dir='ltr'>modo</span> 
     </span>
     <span class='ocr_line' id='line_1_11' title="bbox 357 749 1797 804; baseline 0.001 -14"><span class='ocrx_word' id='word_1_90' title='bbox 357 749 532 800; x_wconf 82' lang='lat' dir='ltr'>relictis,</span> <span class='ocrx_word' id='word_1_91' title='bbox 556 750 628 792; x_wconf 85' lang='lat' dir='ltr'>vix</span> <span class='ocrx_word' id='word_1_92' title='bbox 667 749 781 804; x_wconf 91' lang='lat' dir='ltr'>quod</span> <span class='ocrx_word' id='word_1_93' title='bbox 814 750 916 789; x_wconf 84' lang='lat' dir='ltr'>satis</span> <span class='ocrx_word' id='word_1_94' title='bbox 946 758 1056 790; x_wconf 88' lang='lat' dir='ltr'>esset</span> <span class='ocrx_word' id='word_1_95' title='bbox 1087 749 1138 789; x_wconf 86' lang='lat' dir='ltr'>ad</span> <span class='ocrx_word' id='word_1_96' title='bbox 1170 758 1402 791; x_wconf 74' lang='lat' dir='ltr'>castrorum</span> <span class='ocrx_word' id='word_1_97' title='bbox 1435 749 1711 803; x_wconf 85' lang='lat' dir='ltr'>praesidium:</span> <span class='ocrx_word' id='word_1_98' title='bbox 1752 758 1797 792; x_wconf 84' lang='lat' dir='ltr'>et</span> 
     </span>
     <span class='ocr_line' id='line_1_12' title="bbox 359 805 1798 862; baseline -0.003 -15"><span class='ocrx_word' id='word_1_99' title='bbox 359 807 471 862; x_wconf 78' lang='lat' dir='ltr'>apud</span> <span class='ocrx_word' id='word_1_100' title='bbox 496 806 717 847; x_wconf 83' lang='lat' dir='ltr'>Romanos</span> <span class='ocrx_word' id='word_1_101' title='bbox 742 816 907 847; x_wconf 82' lang='lat' dir='ltr'>tantuin</span> <span class='ocrx_word' id='word_1_102' title='bbox 941 805 1159 847; x_wconf 81' lang='lat' dir='ltr'>vulnerum</span> <span class='ocrx_word' id='word_1_103' title='bbox 1193 805 1288 855; x_wconf 86' lang='lat' dir='ltr'>fuit,</span> <span class='ocrx_word' id='word_1_104' title='bbox 1311 816 1358 848; x_wconf 89' lang='lat' dir='ltr'>ut</span> <span class='ocrx_word' id='word_1_105' title='bbox 1388 805 1528 859; x_wconf 83' lang='lat' dir='ltr'>plures</span> <span class='ocrx_word' id='word_1_106' title='bbox 1560 816 1657 860; x_wconf 90' lang='lat' dir='ltr'>post</span> <span class='ocrx_word' id='word_1_107' title='bbox 1679 819 1798 861; x_wconf 78' lang='lat' dir='ltr'>proe-</span> 
     </span>
     <span class='ocr_line' id='line_1_13' title="bbox 359 862 1514 917; baseline -0.003 -11"><span class='ocrx_word' id='word_1_108' title='bbox 359 863 463 906; x_wconf 85' lang='lat' dir='ltr'>lium</span> <span class='ocrx_word' id='word_1_109' title='bbox 488 863 618 904; x_wconf 82' lang='lat' dir='ltr'>saucii</span> <span class='ocrx_word' id='word_1_110' title='bbox 639 864 912 913; x_wconf 81' lang='lat' dir='ltr'>decesserint,</span> <span class='ocrx_word' id='word_1_111' title='bbox 930 877 1058 917; x_wconf 87' lang='lat' dir='ltr'>quam</span> <span class='ocrx_word' id='word_1_112' title='bbox 1081 863 1324 905; x_wconf 78' lang='lat' dir='ltr'>ceciderant</span> <span class='ocrx_word' id='word_1_113' title='bbox 1344 863 1384 904; x_wconf 87' lang='lat' dir='ltr'>in</span> <span class='ocrx_word' id='word_1_114' title='bbox 1409 862 1514 904; x_wconf 85' lang='lat' dir='ltr'>acie.</span> 
     </span>
    </p>

    <p class='ocr_par' dir='ltr' id='par_1_5' title="bbox 146 918 1798 1134">
     <span class='ocr_line' id='line_1_14' title="bbox 418 918 1794 973; baseline -0.001 -10"><span class='ocrx_word' id='word_1_115' title='bbox 418 919 663 964; x_wconf 83' lang='lat' dir='ltr'>XXXIII.</span> <span class='ocrx_word' id='word_1_116' title='bbox 696 921 752 966; x_wconf 83' lang='lat' dir='ltr'>Q.</span> <span class='ocrx_word' id='word_1_117' title='bbox 779 920 935 960; x_wconf 79' lang='lat' dir='ltr'>Fabius</span> <span class='ocrx_word' id='word_1_118' title='bbox 957 920 1218 973; x_wconf 82' lang='lat' dir='ltr'>insequentis</span> <span class='ocrx_word' id='word_1_119' title='bbox 1247 919 1345 960; x_wconf 84' lang='lat' dir='ltr'>anni</span> <span class='ocrx_word' id='word_1_120' title='bbox 1377 918 1539 969; x_wconf 88' lang='lat' dir='ltr'>consul,</span> <span class='ocrx_word' id='word_1_121' title='bbox 1564 918 1718 961; x_wconf 80' lang='lat' dir='ltr'>bellum</span> <span class='ocrx_word' id='word_1_122' title='bbox 1741 919 1794 962; x_wconf 85' lang='lat' dir='ltr'>ad</span> 
     </span>
     <span class='ocr_line' id='line_1_15' title="bbox 146 975 1798 1047; baseline -0.001 -27"><span class='ocrx_word' id='word_1_123' title='bbox 146 1014 179 1047; x_wconf 66' lang='lat' dir='ltr'>Q</span> <span class='ocrx_word' id='word_1_124' title='bbox 202 1012 338 1043; x_wconf 81' lang='lat' dir='ltr'>Fabi011</span> <span class='ocrx_word' id='word_1_125' title='bbox 361 978 552 1020; x_wconf 85' lang='lat' dir='ltr'>Sutrium</span> <span class='ocrx_word' id='word_1_126' title='bbox 582 977 769 1033; x_wconf 85' lang='lat' dir='ltr'>excepit.</span> <span class='ocrx_word' id='word_1_127' title='bbox 801 976 968 1032; x_wconf 84' lang='lat' dir='ltr'>collega</span> <span class='ocrx_word' id='word_1_128' title='bbox 1001 976 1135 1017; x_wconf 87' lang='lat' dir='ltr'>Fabio</span> <span class='ocrx_word' id='word_1_129' title='bbox 1172 975 1224 1020; x_wconf 87' lang='lat' dir='ltr'>C.</span> <span class='ocrx_word' id='word_1_130' title='bbox 1257 975 1447 1022; x_wconf 80' lang='lat' dir='ltr'>Marcius</span> <span class='ocrx_word' id='word_1_131' title='bbox 1481 976 1651 1017; x_wconf 85' lang='lat' dir='ltr'>Rutilus</span> <span class='ocrx_word' id='word_1_132' title='bbox 1673 976 1798 1018; x_wconf 82' lang='lat' dir='ltr'>datus</span> 
     </span>
     <span class='ocr_line' id='line_1_16' title="bbox 148 1031 1796 1088; baseline -0.001 -12"><span class='ocrx_word' id='word_1_133' title='bbox 148 1036 317 1086; x_wconf 57' lang='lat' dir='ltr'>cJMarcio</span> <span class='ocrx_word' id='word_1_134' title='bbox 342 1032 439 1076; x_wconf 62' lang='lat' dir='ltr'>est.</span> <span class='ocrx_word' id='word_1_135' title='bbox 500 1034 701 1076; x_wconf 87' lang='lat' dir='ltr'>Ceterum</span> <span class='ocrx_word' id='word_1_136' title='bbox 732 1044 776 1075; x_wconf 89' lang='lat' dir='ltr'>et</span> <span class='ocrx_word' id='word_1_137' title='bbox 808 1033 966 1074; x_wconf 84' lang='lat' dir='ltr'>Fabius</span> <span class='ocrx_word' id='word_1_138' title='bbox 996 1033 1336 1088; x_wconf 81' lang='lat' dir='ltr'>supplementum</span> <span class='ocrx_word' id='word_1_139' title='bbox 1360 1034 1415 1076; x_wconf 83' lang='lat' dir='ltr'>ab</span> <span class='ocrx_word' id='word_1_140' title='bbox 1440 1031 1578 1075; x_wconf 85' lang='lat' dir='ltr'>Roma</span> <span class='ocrx_word' id='word_1_141' title='bbox 1599 1033 1796 1083; x_wconf 83' lang='lat' dir='ltr'>adduxit,</span> 
     </span>
     <span class='ocr_line' id='line_1_17' title="bbox 146 1089 1794 1134; baseline 0.003 -6"><span class='ocrx_word' id='word_1_142' title='bbox 146 1098 232 1129; x_wconf 84' lang='lat' dir='ltr'>Coss.</span> <span class='ocrx_word' id='word_1_143' title='bbox 359 1101 404 1132; x_wconf 89' lang='lat' dir='ltr'>et</span> <span class='ocrx_word' id='word_1_144' title='bbox 425 1105 560 1134; x_wconf 86' lang='lat' dir='ltr'>novus</span> <span class='ocrx_word' id='word_1_145' title='bbox 593 1091 808 1132; x_wconf 84' lang='lat' dir='ltr'>exercitus</span> <span class='ocrx_word' id='word_1_146' title='bbox 831 1091 961 1131; x_wconf 90' lang='lat' dir='ltr'>domo</span> <span class='ocrx_word' id='word_1_147' title='bbox 993 1090 1159 1131; x_wconf 88' lang='lat' dir='ltr'>adcitus</span> <span class='ocrx_word' id='word_1_148' title='bbox 1184 1089 1373 1131; x_wconf 78' lang='lat' dir='ltr'>Etruscis</span> <span class='ocrx_word' id='word_1_149' title='bbox 1395 1091 1526 1131; x_wconf 89' lang='lat' dir='ltr'>venit.</span> <span class='ocrx_word' id='word_1_150' title='bbox 1588 1090 1794 1133; x_wconf 83' lang='lat' dir='ltr'>Permulti</span> 
     </span>
    </p>

    <p class='ocr_par' dir='ltr' id='par_1_6' title="bbox 144 1146 1797 2227">
     <span class='ocr_line' id='line_1_18' title="bbox 359 1146 1796 1204; baseline -0.001 -14"><span class='ocrx_word' id='word_1_151' title='bbox 359 1148 593 1204; x_wconf 76' lang='lat' dir='ltr'>annijam‘1</span> <span class='ocrx_word' id='word_1_152' title='bbox 616 1157 751 1198; x_wconf 84' lang='lat' dir='ltr'>erant,</span> <span class='ocrx_word' id='word_1_153' title='bbox 773 1162 904 1203; x_wconf 89' lang='lat' dir='ltr'>quum</span> <span class='ocrx_word' id='word_1_154' title='bbox 928 1147 1038 1188; x_wconf 85' lang='lat' dir='ltr'>inter</span> <span class='ocrx_word' id='word_1_155' title='bbox 1062 1146 1262 1203; x_wconf 81' lang='lat' dir='ltr'>patricios</span> <span class='ocrx_word' id='word_1_156' title='bbox 1289 1147 1558 1202; x_wconf 84' lang='lat' dir='ltr'>magistratus</span> <span class='ocrx_word' id='word_1_157' title='bbox 1582 1147 1796 1199; x_wconf 77' lang='lat' dir='ltr'>tribunos-</span> 
     </span>
     <span class='ocr_line' id='line_1_19' title="bbox 358 1203 1794 1261; baseline 0 -15"><span class='ocrx_word' id='word_1_158' title='bbox 358 1210 466 1261; x_wconf 77' lang='lat' dir='ltr'>quer</span> <span class='ocrx_word' id='word_1_159' title='bbox 495 1205 610 1246; x_wconf 85' lang='lat' dir='ltr'>nulla</span> <span class='ocrx_word' id='word_1_160' title='bbox 639 1205 873 1246; x_wconf 86' lang='lat' dir='ltr'>certamina</span> <span class='ocrx_word' id='word_1_161' title='bbox 906 1203 1101 1245; x_wconf 82' lang='lat' dir='ltr'>fuerant:</span> <span class='ocrx_word' id='word_1_162' title='bbox 1133 1218 1263 1258; x_wconf 89' lang='lat' dir='ltr'>quum</span> <span class='ocrx_word' id='word_1_163' title='bbox 1295 1218 1348 1245; x_wconf 84' lang='lat' dir='ltr'>ex</span> <span class='ocrx_word' id='word_1_164' title='bbox 1380 1218 1430 1244; x_wconf 86' lang='lat' dir='ltr'>ea</span> <span class='ocrx_word' id='word_1_165' title='bbox 1451 1203 1628 1255; x_wconf 80' lang='lat' dir='ltr'>familia,</span> <span class='ocrx_word' id='word_1_166' title='bbox 1648 1206 1682 1228; x_wconf 78' lang='lat'>³⁰</span> <span class='ocrx_word' id='word_1_167' title='bbox 1696 1218 1794 1258; x_wconf 84' lang='lat' dir='ltr'>quae</span> 
     </span>
     <span class='ocr_line' id='line_1_20' title="bbox 358 1261 1794 1317; baseline -0.001 -14"><span class='ocrx_word' id='word_1_168' title='bbox 358 1262 475 1304; x_wconf 86' lang='lat' dir='ltr'>velut</span> <span class='ocrx_word' id='word_1_169' title='bbox 509 1262 651 1304; x_wconf 83' lang='lat' dir='ltr'>fatalis</span> <span class='ocrx_word' id='word_1_170' title='bbox 683 1271 775 1302; x_wconf 87' lang='lat' dir='ltr'>tum</span> <span class='ocrx_word' id='word_1_171' title='bbox 809 1261 990 1302; x_wconf 87' lang='lat' dir='ltr'>tribunis</span> <span class='ocrx_word' id='word_1_172' title='bbox 1029 1276 1078 1301; x_wconf 87' lang='lat' dir='ltr'>ac</span> <span class='ocrx_word' id='word_1_173' title='bbox 1114 1261 1226 1317; x_wconf 88' lang='lat' dir='ltr'>plebi</span> <span class='ocrx_word' id='word_1_174' title='bbox 1259 1271 1363 1312; x_wconf 72' lang='lat' dir='ltr'>erat,</span> <span class='ocrx_word' id='word_1_175' title='bbox 1396 1270 1610 1303; x_wconf 80' lang='lat' dir='ltr'>cei-tamen</span> <span class='ocrx_word' id='word_1_176' title='bbox 1643 1261 1794 1303; x_wconf 83' lang='lat' dir='ltr'>oritur.</span> 
     </span>
     <span class='ocr_line' id='line_1_21' title="bbox 146 1317 1795 1376; baseline -0.002 -14"><span class='ocrx_word' id='word_1_177' title='bbox 146 1333 207 1371; x_wconf 78' lang='lat' dir='ltr'>Ap.</span> <span class='ocrx_word' id='word_1_178' title='bbox 227 1330 319 1361; x_wconf 75' lang='lat' dir='ltr'>ctau-</span> <span class='ocrx_word' id='word_1_179' title='bbox 359 1319 444 1376; x_wconf 86' lang='lat' dir='ltr'>Ap.</span> <span class='ocrx_word' id='word_1_180' title='bbox 468 1319 674 1362; x_wconf 78' lang='lat' dir='ltr'>Claudius</span> <span class='ocrx_word' id='word_1_181' title='bbox 704 1332 869 1368; x_wconf 80' lang='lat' dir='ltr'>censor,</span> <span class='ocrx_word' id='word_1_182' title='bbox 891 1318 1162 1359; x_wconf 83' lang='lat' dir='ltr'>circumactis</span> <span class='ocrx_word' id='word_1_183' title='bbox 1197 1318 1342 1358; x_wconf 87' lang='lat' dir='ltr'>decem</span> <span class='ocrx_word' id='word_1_184' title='bbox 1376 1329 1420 1358; x_wconf 81' lang='lat' dir='ltr'>et</span> <span class='ocrx_word' id='word_1_185' title='bbox 1439 1327 1541 1359; x_wconf 79' lang='lat' dir='ltr'>octo</span> <span class='ocrx_word' id='word_1_186' title='bbox 1562 1317 1795 1368; x_wconf 84' lang='lat' dir='ltr'>mensibus,</span> 
     </span>
     <span class='ocr_line' id='line_1_22' title="bbox 147 1374 1795 1432; baseline -0.001 -15"><span class='ocrx_word' id='word_1_187' title='bbox 147 1376 215 1405; x_wconf 83' lang='lat' dir='ltr'>dius</span> <span class='ocrx_word' id='word_1_188' title='bbox 231 1384 339 1404; x_wconf 61' lang='lat' dir='ltr'>⁰⁹⁰³u·</span> <span class='ocrx_word' id='word_1_189' title='bbox 360 1376 474 1432; x_wconf 84' lang='lat' dir='ltr'>quod</span> <span class='ocrx_word' id='word_1_190' title='bbox 492 1375 716 1418; x_wconf 79' lang='lat' dir='ltr'>³1AEmilia</span> <span class='ocrx_word' id='word_1_191' title='bbox 740 1376 832 1430; x_wconf 84' lang='lat' dir='ltr'>lege</span> <span class='ocrx_word' id='word_1_192' title='bbox 855 1375 1023 1415; x_wconf 82' lang='lat' dir='ltr'>finitum</span> <span class='ocrx_word' id='word_1_193' title='bbox 1046 1389 1234 1416; x_wconf 83' lang='lat' dir='ltr'>censurae</span> <span class='ocrx_word' id='word_1_194' title='bbox 1258 1374 1441 1430; x_wconf 84' lang='lat' dir='ltr'>spatium</span> <span class='ocrx_word' id='word_1_195' title='bbox 1464 1376 1668 1429; x_wconf 84' lang='lat' dir='ltr'>temporis</span> <span class='ocrx_word' id='word_1_196' title='bbox 1689 1385 1795 1427; x_wconf 86' lang='lat' dir='ltr'>erat,</span> 
     </span>
     <span class='ocr_line' id='line_1_23' title="bbox 144 1419 1795 1499; baseline -0.002 -23"><span class='ocrx_word' id='word_1_197' title='bbox 144 1419 319 1499; x_wconf 41' lang='grc' dir='ltr'>ἷζὲῖῖζὲξξζῒ</span> <span class='ocrx_word' id='word_1_198' title='bbox 359 1440 534 1489; x_wconf 75' lang='lat' dir='ltr'>³2quum</span> <span class='ocrx_word' id='word_1_199' title='bbox 569 1433 620 1475; x_wconf 87' lang='lat' dir='ltr'>C.</span> <span class='ocrx_word' id='word_1_200' title='bbox 655 1432 849 1474; x_wconf 81' lang='lat' dir='ltr'>Plautius</span> <span class='ocrx_word' id='word_1_201' title='bbox 878 1431 1044 1487; x_wconf 80' lang='lat' dir='ltr'>collega</span> <span class='ocrx_word' id='word_1_202' title='bbox 1064 1432 1156 1486; x_wconf 84' lang='lat' dir='ltr'>ejus</span> <span class='ocrx_word' id='word_1_203' title='bbox 1178 1433 1429 1487; x_wconf 82' lang='lat' dir='ltr'>magistratu</span> <span class='ocrx_word' id='word_1_204' title='bbox 1464 1445 1507 1472; x_wconf 92' lang='lat' dir='ltr'>se</span> <span class='ocrx_word' id='word_1_205' title='bbox 1540 1431 1795 1482; x_wconf 83' lang='lat' dir='ltr'>abdicasset,</span> 
     </span>
     <span class='ocr_line' id='line_1_24' title="bbox 145 1488 1797 1544; baseline 0 -14"><span class='ocrx_word' id='word_1_206' title='bbox 145 1508 330 1542; x_wconf 72' lang='lat' dir='ltr'>tempusre-</span> <span class='ocrx_word' id='word_1_207' title='bbox 362 1491 474 1532; x_wconf 84' lang='lat' dir='ltr'>nulla</span> <span class='ocrx_word' id='word_1_208' title='bbox 497 1491 535 1532; x_wconf 85' lang='lat' dir='ltr'>vi</span> <span class='ocrx_word' id='word_1_209' title='bbox 558 1489 773 1544; x_wconf 86' lang='lat' dir='ltr'>compelli,</span> <span class='ocrx_word' id='word_1_210' title='bbox 795 1500 842 1529; x_wconf 91' lang='lat' dir='ltr'>ut</span> <span class='ocrx_word' id='word_1_211' title='bbox 864 1489 1097 1539; x_wconf 81' lang='lat' dir='ltr'>abdicaret,</span> <span class='ocrx_word' id='word_1_212' title='bbox 1117 1490 1272 1544; x_wconf 89' lang='lat' dir='ltr'>potuit.</span> <span class='ocrx_word' id='word_1_213' title='bbox 1333 1488 1383 1530; x_wconf 89' lang='lat' dir='ltr'>P.</span> <span class='ocrx_word' id='word_1_214' title='bbox 1407 1488 1683 1543; x_wconf 81' lang='lat' dir='ltr'>Sempronius</span> <span class='ocrx_word' id='word_1_215' title='bbox 1705 1497 1797 1532; x_wconf 81' lang='lat' dir='ltr'>erat</span> 
     </span>
     <span class='ocr_line' id='line_1_25' title="bbox 145 1545 1797 1603; baseline -0.002 -14"><span class='ocrx_word' id='word_1_216' title='bbox 145 1549 234 1578; x_wconf 59' lang='lat' dir='ltr'>tinet·</span> <span class='ocrx_word' id='word_1_217' title='bbox 360 1549 556 1589; x_wconf 87' lang='lat' dir='ltr'>tribunus</span> <span class='ocrx_word' id='word_1_218' title='bbox 581 1547 737 1603; x_wconf 79' lang='lat' dir='ltr'>plebis3</span> <span class='ocrx_word' id='word_1_219' title='bbox 769 1546 843 1602; x_wconf 88' lang='lat' dir='ltr'>qui</span> <span class='ocrx_word' id='word_1_220' title='bbox 867 1545 1065 1587; x_wconf 81' lang='lat' dir='ltr'>finieudae</span> <span class='ocrx_word' id='word_1_221' title='bbox 1087 1559 1276 1587; x_wconf 67' lang='lat' dir='ltr'>censurae</span> <span class='ocrx_word' id='word_1_222' title='bbox 1300 1546 1409 1586; x_wconf 83' lang='lat' dir='ltr'>intra</span> <span class='ocrx_word' id='word_1_223' title='bbox 1432 1545 1667 1601; x_wconf 86' lang='lat' dir='ltr'>legitimum</span> <span class='ocrx_word' id='word_1_224' title='bbox 1689 1557 1797 1587; x_wconf 82' lang='lat' dir='ltr'>tem-</span> 
     </span>
     <span class='ocr_line' id='line_1_26' title="bbox 358 1602 1794 1661; baseline -0.001 -15"><span class='ocrx_word' id='word_1_225' title='bbox 358 1619 439 1661; x_wconf 88' lang='lat' dir='ltr'>pus</span> <span class='ocrx_word' id='word_1_226' title='bbox 477 1605 690 1646; x_wconf 84' lang='lat' dir='ltr'>actionem</span> <span class='ocrx_word' id='word_1_227' title='bbox 738 1612 995 1659; x_wconf 81' lang='lat' dir='ltr'>susceperat,</span> <span class='ocrx_word' id='word_1_228' title='bbox 1042 1617 1128 1644; x_wconf 86' lang='lat' dir='ltr'>non</span> <span class='ocrx_word' id='word_1_229' title='bbox 1179 1602 1424 1658; x_wconf 86' lang='lat' dir='ltr'>popularem</span> <span class='ocrx_word' id='word_1_230' title='bbox 1475 1602 1626 1657; x_wconf 83' lang='lat' dir='ltr'>magiS,</span> <span class='ocrx_word' id='word_1_231' title='bbox 1664 1617 1794 1660; x_wconf 85' lang='lat' dir='ltr'>quam</span> 
     </span>
     <span class='ocr_line' id='line_1_27' title="bbox 352 1659 1794 1718; baseline -0.001 -16"><span class='ocrx_word' id='word_1_232' title='bbox 352 1663 541 1718; x_wconf 79' lang='lat' dir='ltr'>justam3</span> <span class='ocrx_word' id='word_1_233' title='bbox 574 1675 650 1702; x_wconf 88' lang='lat' dir='ltr'>nec</span> <span class='ocrx_word' id='word_1_234' title='bbox 674 1661 715 1701; x_wconf 90' lang='lat' dir='ltr'>in</span> <span class='ocrx_word' id='word_1_235' title='bbox 741 1659 908 1715; x_wconf 86' lang='lat' dir='ltr'>vulgus,</span> <span class='ocrx_word' id='word_1_236' title='bbox 930 1674 1056 1714; x_wconf 86' lang='lat' dir='ltr'>quam</span> <span class='ocrx_word' id='word_1_237' title='bbox 1077 1661 1243 1714; x_wconf 86' lang='lat' dir='ltr'>optimo</span> <span class='ocrx_word' id='word_1_238' title='bbox 1265 1660 1433 1714; x_wconf 89' lang='lat' dir='ltr'>cuique,</span> <span class='ocrx_word' id='word_1_239' title='bbox 1456 1661 1702 1715; x_wconf 81' lang='lat' dir='ltr'>gratiorem.</span> <span class='ocrx_word' id='word_1_240' title='bbox 1735 1659 1794 1710; x_wconf 85' lang='lat' dir='ltr'>Is,</span> 
     </span>
     <span class='ocr_line' id='line_1_28' title="bbox 359 1716 1795 1774; baseline -0.001 -15"><span class='ocrx_word' id='word_1_241' title='bbox 359 1733 490 1774; x_wconf 88' lang='lat' dir='ltr'>quum</span> <span class='ocrx_word' id='word_1_242' title='bbox 529 1718 777 1763; x_wconf 84' lang='lat' dir='ltr'>idemtidem</span> <span class='ocrx_word' id='word_1_243' title='bbox 818 1718 956 1772; x_wconf 86' lang='lat' dir='ltr'>legem</span> <span class='ocrx_word' id='word_1_244' title='bbox 992 1716 1212 1758; x_wconf 83' lang='lat' dir='ltr'>AEmiliam</span> <span class='ocrx_word' id='word_1_245' title='bbox 1250 1717 1460 1766; x_wconf 83' lang='lat' dir='ltr'>recitaret,</span> <span class='ocrx_word' id='word_1_246' title='bbox 1492 1727 1795 1771; x_wconf 80' lang='lat' dir='ltr'>auctoremque</span> 
     </span>
     <span class='ocr_line' id='line_1_29' title="bbox 360 1769 1796 1831; baseline -0.002 -14"><span class='ocrx_word' id='word_1_247' title='bbox 360 1776 452 1831; x_wconf 86' lang='lat' dir='ltr'>ejus</span> <span class='ocrx_word' id='word_1_248' title='bbox 477 1775 614 1816; x_wconf 82' lang='lat' dir='ltr'>Mam.</span> <span class='ocrx_word' id='word_1_249' title='bbox 638 1774 859 1816; x_wconf 84' lang='lat' dir='ltr'>AEmilium</span> <span class='ocrx_word' id='word_1_250' title='bbox 883 1773 1137 1817; x_wconf 83' lang='lat' dir='ltr'>dictatorem</span> <span class='ocrx_word' id='word_1_251' title='bbox 1172 1773 1368 1814; x_wconf 83' lang='lat' dir='ltr'>laudibus</span> <span class='ocrx_word' id='word_1_252' title='bbox 1391 1772 1544 1824; x_wconf 76' lang='lat' dir='ltr'>ferre13</span> <span class='ocrx_word' id='word_1_253' title='bbox 1574 1769 1644 1827; x_wconf 86' lang='lat' dir='ltr'>q&#39;ui</span> <span class='ocrx_word' id='word_1_254' title='bbox 1669 1775 1796 1830; x_wconf 86' lang='lat' dir='ltr'>quin·-</span> 
     </span>
     <span class='ocr_line' id='line_1_30' title="bbox 360 1830 1795 1888; baseline -0.001 -15"><span class='ocrx_word' id='word_1_255' title='bbox 360 1832 611 1888; x_wconf 82' lang='lat' dir='ltr'>quennalem</span> <span class='ocrx_word' id='word_1_256' title='bbox 647 1841 745 1872; x_wconf 81' lang='lat' dir='ltr'>ante</span> <span class='ocrx_word' id='word_1_257' title='bbox 776 1845 1015 1881; x_wconf 86' lang='lat' dir='ltr'>censuram,</span> <span class='ocrx_word' id='word_1_258' title='bbox 1050 1839 1093 1871; x_wconf 86' lang='lat' dir='ltr'>et</span> <span class='ocrx_word' id='word_1_259' title='bbox 1130 1833 1161 1854; x_wconf 76' lang='lat'>³³</span> <span class='ocrx_word' id='word_1_260' title='bbox 1187 1830 1498 1885; x_wconf 79' lang='lat' dir='ltr'>longinquitate</span> <span class='ocrx_word' id='word_1_261' title='bbox 1542 1839 1795 1885; x_wconf 80' lang='lat' dir='ltr'>potestatem</span> 
     </span>
     <span class='ocr_line' id='line_1_31' title="bbox 361 1885 1793 1942; baseline -0.001 -12"><span class='ocrx_word' id='word_1_262' title='bbox 361 1890 670 1939; x_wconf 76' lang='lat' dir='ltr'>dominantem,</span> <span class='ocrx_word' id='word_1_263' title='bbox 713 1888 825 1930; x_wconf 85' lang='lat' dir='ltr'>intra</span> <span class='ocrx_word' id='word_1_264' title='bbox 865 1902 940 1928; x_wconf 85' lang='lat' dir='ltr'>sex</span> <span class='ocrx_word' id='word_1_265' title='bbox 983 1887 1190 1927; x_wconf 86' lang='lat' dir='ltr'>mensium</span> <span class='ocrx_word' id='word_1_266' title='bbox 1233 1898 1275 1927; x_wconf 87' lang='lat' dir='ltr'>et</span> <span class='ocrx_word' id='word_1_267' title='bbox 1310 1887 1407 1927; x_wconf 86' lang='lat' dir='ltr'>anni</span> <span class='ocrx_word' id='word_1_268' title='bbox 1441 1885 1653 1942; x_wconf 67' lang='lat' dir='ltr'>coegisset</span> <span class='ocrx_word' id='word_1_269' title='bbox 1694 1902 1793 1942; x_wconf 87' lang='lat' dir='ltr'>spa-</span> 
     </span>
     <span class='ocr_line' id='line_1_32' title="bbox 361 1942 1797 2002; baseline -0.001 -15"><span class='ocrx_word' id='word_1_270' title='bbox 361 1946 498 1988; x_wconf 86' lang='lat' dir='ltr'>tium:</span> <span class='ocrx_word' id='word_1_271' title='bbox 540 1945 640 1996; x_wconf 78' lang='lat' dir='ltr'>Dic,</span> <span class='ocrx_word' id='word_1_272' title='bbox 663 1945 846 2002; x_wconf 79' lang='lat' dir='ltr'>agedum,</span> <span class='ocrx_word' id='word_1_273' title='bbox 881 1945 1035 1999; x_wconf 86' lang='lat' dir='ltr'>inquit,</span> <span class='ocrx_word' id='word_1_274' title='bbox 1065 1943 1149 1998; x_wconf 84' lang='lat' dir='ltr'>Ap.</span> <span class='ocrx_word' id='word_1_275' title='bbox 1189 1942 1353 1994; x_wconf 74' lang='lat' dir='ltr'>Claudi,</span> <span class='ocrx_word' id='word_1_276' title='bbox 1386 1942 1578 1998; x_wconf 76' lang='lat' dir='ltr'>quidnam</span> <span class='ocrx_word' id='word_1_277' title='bbox 1595 1942 1797 2000; x_wconf 76' lang='lat' dir='ltr'>facturus</span> 
     </span>
     <span class='ocr_line' id='line_1_33' title="bbox 345 1998 1797 2060; baseline 0 -18"><span class='ocrx_word' id='word_1_278' title='bbox 345 2002 499 2060; x_wconf 67' lang='lat' dir='ltr'>sileris,</span> <span class='ocrx_word' id='word_1_279' title='bbox 519 2002 554 2044; x_wconf 79' lang='lat' dir='ltr'>si</span> <span class='ocrx_word' id='word_1_280' title='bbox 587 2017 631 2043; x_wconf 88' lang='lat' dir='ltr'>eo</span> <span class='ocrx_word' id='word_1_281' title='bbox 658 2010 844 2056; x_wconf 78' lang='lat' dir='ltr'>tempore,</span> <span class='ocrx_word' id='word_1_282' title='bbox 867 2015 942 2057; x_wconf 81' lang='lat' dir='ltr'>quo</span> <span class='ocrx_word' id='word_1_283' title='bbox 978 1999 1028 2041; x_wconf 87' lang='lat' dir='ltr'>C.</span> <span class='ocrx_word' id='word_1_284' title='bbox 1051 2000 1200 2041; x_wconf 81' lang='lat' dir='ltr'>Furius</span> <span class='ocrx_word' id='word_1_285' title='bbox 1229 2007 1265 2041; x_wconf 76' lang='lat' dir='ltr'>et</span> <span class='ocrx_word' id='word_1_286' title='bbox 1287 2000 1355 2041; x_wconf 86' lang='lat' dir='ltr'>M.</span> <span class='ocrx_word' id='word_1_287' title='bbox 1386 1998 1595 2056; x_wconf 75' lang='lat' dir='ltr'>Geganius</span> <span class='ocrx_word' id='word_1_288' title='bbox 1624 2001 1797 2042; x_wconf 74' lang='lat' dir='ltr'>censores</span> 
     </span>
     <span class='ocr_line' id='line_1_34' title="bbox 344 2056 1795 2117; baseline -0.005 -16"><span class='ocrx_word' id='word_1_289' title='bbox 344 2059 538 2117; x_wconf 64' lang='lat' dir='ltr'>filerunt,</span> <span class='ocrx_word' id='word_1_290' title='bbox 559 2073 694 2101; x_wconf 77' lang='lat' dir='ltr'>censor</span> <span class='ocrx_word' id='word_1_291' title='bbox 711 2058 875 2115; x_wconf 76' lang='lat' dir='ltr'>fuisses.</span> <span class='ocrx_word' id='word_1_292' title='bbox 938 2057 1108 2113; x_wconf 82' lang='lat' dir='ltr'>Negare</span> <span class='ocrx_word' id='word_1_293' title='bbox 1136 2056 1319 2113; x_wconf 86' lang='lat' dir='ltr'>Appius,</span> <span class='ocrx_word' id='word_1_294' title='bbox 1341 2056 1691 2111; x_wconf 76' lang='lat' dir='ltr'>interrogationem</span> <span class='ocrx_word' id='word_1_295' title='bbox 1720 2057 1795 2099; x_wconf 76' lang='lat' dir='ltr'>tri.</span> 
     </span>
     <span class='ocr_line' id='line_1_35' title="bbox 360 2114 1796 2171; baseline -0.003 -13"><span class='ocrx_word' id='word_1_296' title='bbox 360 2117 457 2158; x_wconf 70' lang='lat' dir='ltr'>buni</span> <span class='ocrx_word' id='word_1_297' title='bbox 478 2130 622 2159; x_wconf 55' lang='lat' dir='ltr'>manno</span> <span class='ocrx_word' id='word_1_298' title='bbox 645 2130 760 2171; x_wconf 80' lang='lat' dir='ltr'>opere</span> <span class='ocrx_word' id='word_1_299' title='bbox 780 2114 834 2156; x_wconf 79' lang='lat' dir='ltr'>ad</span> <span class='ocrx_word' id='word_1_300' title='bbox 864 2129 1040 2155; x_wconf 83' lang='lat' dir='ltr'>caussam</span> <span class='ocrx_word' id='word_1_301' title='bbox 1060 2115 1255 2169; x_wconf 81' lang='lat' dir='ltr'>pertinere</span> <span class='ocrx_word' id='word_1_302' title='bbox 1274 2128 1403 2154; x_wconf 73' lang='lat' dir='ltr'>suam.</span> <span class='ocrx_word' id='word_1_303' title='bbox 1433 2128 1540 2164; x_wconf 75' lang='lat' dir='ltr'>uam,</span> <span class='ocrx_word' id='word_1_304' title='bbox 1562 2114 1633 2154; x_wconf 78' lang='lat' dir='ltr'>etsi</span> <span class='ocrx_word' id='word_1_305' title='bbox 1663 2121 1796 2156; x_wconf 63' lang='lat' dir='ltr'>tenue-1</span> 
     </span>
     <span class='ocr_line' id='line_1_36' title="bbox 358 2169 1795 2227; baseline -0.001 -13"><span class='ocrx_word' id='word_1_306' title='bbox 358 2174 415 2214; x_wconf 76' lang='lat' dir='ltr'>rit</span> <span class='ocrx_word' id='word_1_307' title='bbox 441 2172 505 2215; x_wconf 74' lang='lat' dir='ltr'>lex</span> <span class='ocrx_word' id='word_1_308' title='bbox 571 2173 699 2214; x_wconf 72' lang='lat' dir='ltr'>&#39;milia</span> <span class='ocrx_word' id='word_1_309' title='bbox 731 2187 794 2213; x_wconf 86' lang='lat' dir='ltr'>eos</span> <span class='ocrx_word' id='word_1_310' title='bbox 822 2186 1009 2221; x_wconf 77' lang='lat' dir='ltr'>censores,</span> <span class='ocrx_word' id='word_1_311' title='bbox 1031 2186 1199 2227; x_wconf 77' lang='lat' dir='ltr'>quorum</span> <span class='ocrx_word' id='word_1_312' title='bbox 1234 2171 1275 2212; x_wconf 75' lang='lat' dir='ltr'>in</span> <span class='ocrx_word' id='word_1_313' title='bbox 1308 2170 1548 2227; x_wconf 76' lang='lat' dir='ltr'>magistratu</span> <span class='ocrx_word' id='word_1_314' title='bbox 1576 2169 1662 2213; x_wconf 82' lang='lat' dir='ltr'>lata</span> <span class='ocrx_word' id='word_1_315' title='bbox 1689 2178 1795 2224; x_wconf 82' lang='lat' dir='ltr'>essee,</span> 
     </span>
    </p>
   </div>
   <div class='ocr_carea' id='block_1_5' title="bbox 144 924 334 1001">
    <p class='ocr_par' dir='ltr' id='par_1_7' title="bbox 144 924 334 1001">
     <span class='ocr_line' id='line_1_37' title="bbox 144 924 334 958; baseline -0.021 0"><span class='ocrx_word' id='word_1_316' title='bbox 144 926 188 958; x_wconf 80' lang='lat' dir='ltr'>U.</span> <span class='ocrx_word' id='word_1_317' title='bbox 207 924 244 955; x_wconf 88' lang='lat' dir='ltr'>C.</span> <span class='ocrx_word' id='word_1_318' title='bbox 259 926 334 956; x_wconf 78' lang='lat'><strong>444.</strong></span> 
     </span>
     <span class='ocr_line' id='line_1_38' title="bbox 145 969 331 1001; baseline -0.016 0"><span class='ocrx_word' id='word_1_319' title='bbox 145 970 184 1001; x_wconf 83' lang='lat' dir='ltr'>A.</span> <span class='ocrx_word' id='word_1_320' title='bbox 203 969 239 998; x_wconf 91' lang='lat' dir='ltr'>C.</span> <span class='ocrx_word' id='word_1_321' title='bbox 258 971 331 999; x_wconf 77' lang='lat'>308.</span> 
     </span>
    </p>
   </div>
   <div class='ocr_carea' id='block_1_6' title="bbox 657 2263 1060 2302">
    <p class='ocr_par' dir='ltr' id='par_1_8' title="bbox 657 2263 1060 2302">
     <span class='ocr_line' id='line_1_39' title="bbox 657 2263 1060 2302; baseline -0.005 -9"><span class='ocrx_word' id='word_1_322' title='bbox 657 2268 671 2288; x_wconf 59' lang='grc' dir='ltr'>’ὅ</span> <span class='ocrx_word' id='word_1_323' title='bbox 685 2263 759 2302; x_wconf 73' lang='lat' dir='ltr'>jam.</span> <span class='ocrx_word' id='word_1_324' title='bbox 771 2263 846 2294; x_wconf 84' lang='lat' dir='ltr'>anni</span> <span class='ocrx_word' id='word_1_325' title='bbox 857 2263 953 2292; x_wconf 86' lang='lat' dir='ltr'>Grou.</span> <span class='ocrx_word' id='word_1_326' title='bbox 971 2263 1060 2291; x_wconf 82' lang='lat' dir='ltr'>Crev.</span> 
     </span>
    </p>
   </div>
   <div class='ocr_carea' id='block_1_7' title="bbox 355 2334 1054 2898">
    <p class='ocr_par' dir='ltr' id='par_1_9' title="bbox 359 2334 1051 2425">
     <span class='ocr_line' id='line_1_40' title="bbox 402 2334 1051 2380; baseline -0.012 -7"><span class='ocrx_word' id='word_1_327' title='bbox 402 2342 444 2378; x_wconf 69' lang='lat'>29</span> <span class='ocrx_word' id='word_1_328' title='bbox 466 2340 516 2373; x_wconf 78' lang='lat' dir='ltr'>Ab</span> <span class='ocrx_word' id='word_1_329' title='bbox 539 2343 674 2380; x_wconf 70' lang='lat' dir='ltr'>utroque</span> <span class='ocrx_word' id='word_1_330' title='bbox 694 2340 730 2368; x_wconf 71' lang='lat' dir='ltr'>in</span> <span class='ocrx_word' id='word_1_331' title='bbox 760 2342 870 2368; x_wconf 67' lang='lat' dir='ltr'>casira</span> <span class='ocrx_word' id='word_1_332' title='bbox 895 2334 1051 2376; x_wconf 67' lang='lat' dir='ltr'>redicam]</span> 
     </span>
     <span class='ocr_line' id='line_1_41' title="bbox 359 2383 830 2425; baseline -0.011 -10"><span class='ocrx_word' id='word_1_333' title='bbox 359 2384 449 2425; x_wconf 75' lang='lat' dir='ltr'>Lege</span> <span class='ocrx_word' id='word_1_334' title='bbox 465 2383 602 2414; x_wconf 86' lang='lat' dir='ltr'>omnino</span> <span class='ocrx_word' id='word_1_335' title='bbox 618 2384 658 2413; x_wconf 75' lang='lat' dir='ltr'>ab</span> <span class='ocrx_word' id='word_1_336' title='bbox 675 2383 830 2422; x_wconf 73' lang='lat' dir='ltr'>utrisque.</span> 
     </span>
    </p>

    <p class='ocr_par' dir='ltr' id='par_1_10' title="bbox 355 2422 1054 2802">
     <span class='ocr_line' id='line_1_42' title="bbox 403 2422 1051 2468; baseline -0.012 -10"><span class='ocrx_word' id='word_1_337' title='bbox 403 2430 445 2458; x_wconf 82' lang='lat'>30</span> <span class='ocrx_word' id='word_1_338' title='bbox 468 2427 552 2468; x_wconf 52' lang='grc' dir='ltr'>[ξαρ</span> <span class='ocrx_word' id='word_1_339' title='bbox 568 2427 654 2456; x_wconf 78' lang='lat' dir='ltr'>velut</span> <span class='ocrx_word' id='word_1_340' title='bbox 665 2425 790 2465; x_wconf 77' lang='lat' dir='ltr'>fatalis</span> <span class='ocrx_word' id='word_1_341' title='bbox 814 2428 883 2454; x_wconf 78' lang='lat' dir='ltr'>lum</span> <span class='ocrx_word' id='word_1_342' title='bbox 900 2422 1051 2463; x_wconf 53' lang='lat' dir='ltr'>tribunis]</span> 
     </span>
     <span class='ocr_line' id='line_1_43' title="bbox 358 2466 1054 2506; baseline -0.007 -6"><span class='ocrx_word' id='word_1_343' title='bbox 358 2470 392 2503; x_wconf 70' lang='lat' dir='ltr'>Si</span> <span class='ocrx_word' id='word_1_344' title='bbox 415 2470 484 2500; x_wconf 74' lang='lat' dir='ltr'>haec</span> <span class='ocrx_word' id='word_1_345' title='bbox 502 2476 551 2499; x_wconf 62' lang='lat' dir='ltr'>est</span> <span class='ocrx_word' id='word_1_346' title='bbox 566 2479 643 2499; x_wconf 76' lang='lat' dir='ltr'>vera</span> <span class='ocrx_word' id='word_1_347' title='bbox 658 2469 754 2506; x_wconf 78' lang='lat' dir='ltr'>liujus</span> <span class='ocrx_word' id='word_1_348' title='bbox 771 2467 832 2498; x_wconf 86' lang='grc' dir='ltr'>1οοί</span> <span class='ocrx_word' id='word_1_349' title='bbox 850 2466 962 2503; x_wconf 79' lang='lat' dir='ltr'>lectio,</span> <span class='ocrx_word' id='word_1_350' title='bbox 980 2476 1054 2495; x_wconf 78' lang='lat' dir='ltr'>scu-</span> 
     </span>
     <span class='ocr_line' id='line_1_44' title="bbox 359 2509 1053 2550; baseline -0.007 -7"><span class='ocrx_word' id='word_1_351' title='bbox 359 2523 416 2543; x_wconf 86' lang='lat' dir='ltr'>sus</span> <span class='ocrx_word' id='word_1_352' title='bbox 429 2514 492 2544; x_wconf 75' lang='lat' dir='ltr'>erit</span> <span class='ocrx_word' id='word_1_353' title='bbox 507 2525 514 2541; x_wconf 91' lang='lat'>·.</span> <span class='ocrx_word' id='word_1_354' title='bbox 539 2522 611 2550; x_wconf 73' lang='lat' dir='ltr'>quae</span> <span class='ocrx_word' id='word_1_355' title='bbox 625 2511 714 2542; x_wconf 67' lang='lat' dir='ltr'>velut</span> <span class='ocrx_word' id='word_1_356' title='bbox 732 2511 800 2541; x_wconf 74' lang='lat' dir='ltr'>faio</span> <span class='ocrx_word' id='word_1_357' title='bbox 817 2510 895 2541; x_wconf 82' lang='lat' dir='ltr'>data</span> <span class='ocrx_word' id='word_1_358' title='bbox 910 2514 981 2540; x_wconf 83' lang='lat' dir='ltr'>erat</span> <span class='ocrx_word' id='word_1_359' title='bbox 998 2509 1053 2539; x_wconf 78' lang='lat' dir='ltr'>ad-</span> 
     </span>
     <span class='ocr_line' id='line_1_45' title="bbox 358 2552 1053 2594; baseline -0.009 -7"><span class='ocrx_word' id='word_1_360' title='bbox 358 2556 503 2587; x_wconf 82' lang='lat' dir='ltr'>versaria</span> <span class='ocrx_word' id='word_1_361' title='bbox 518 2556 661 2588; x_wconf 83' lang='lat' dir='ltr'>tribunis</span> <span class='ocrx_word' id='word_1_362' title='bbox 677 2565 714 2585; x_wconf 82' lang='lat' dir='ltr'>ac</span> <span class='ocrx_word' id='word_1_363' title='bbox 732 2554 830 2594; x_wconf 79' lang='lat' dir='ltr'>plebi.</span> <span class='ocrx_word' id='word_1_364' title='bbox 874 2554 913 2585; x_wconf 73' lang='lat' dir='ltr'>At</span> <span class='ocrx_word' id='word_1_365' title='bbox 927 2552 1053 2582; x_wconf 82' lang='lat' dir='ltr'>Grono-</span> 
     </span>
     <span class='ocr_line' id='line_1_46' title="bbox 358 2595 1052 2638; baseline -0.004 -11"><span class='ocrx_word' id='word_1_366' title='bbox 358 2600 429 2628; x_wconf 88' lang='lat' dir='ltr'>vius</span> <span class='ocrx_word' id='word_1_367' title='bbox 458 2603 602 2629; x_wconf 74' lang='lat' dir='ltr'>testatur</span> <span class='ocrx_word' id='word_1_368' title='bbox 631 2599 664 2628; x_wconf 88' lang='lat' dir='ltr'>iu</span> <span class='ocrx_word' id='word_1_369' title='bbox 695 2597 859 2638; x_wconf 78' lang='lat' dir='ltr'>plerisque</span> <span class='ocrx_word' id='word_1_370' title='bbox 897 2595 991 2625; x_wconf 84' lang='lat' dir='ltr'>MSS.</span> <span class='ocrx_word' id='word_1_371' title='bbox 1018 2602 1052 2625; x_wconf 72' lang='lat' dir='ltr'>et</span> 
     </span>
     <span class='ocr_line' id='line_1_47' title="bbox 355 2639 1050 2681; baseline -0.006 -9"><span class='ocrx_word' id='word_1_372' title='bbox 355 2646 439 2672; x_wconf 83' lang='lat' dir='ltr'>vett.</span> <span class='ocrx_word' id='word_1_373' title='bbox 454 2642 550 2671; x_wconf 82' lang='lat' dir='ltr'>editis</span> <span class='ocrx_word' id='word_1_374' title='bbox 563 2641 625 2679; x_wconf 67' lang='lat' dir='ltr'>legi</span> <span class='ocrx_word' id='word_1_375' title='bbox 638 2654 644 2670; x_wconf 85' lang='lat'>:</span> <span class='ocrx_word' id='word_1_376' title='bbox 669 2650 741 2681; x_wconf 76' lang='lat' dir='ltr'>quoe</span> <span class='ocrx_word' id='word_1_377' title='bbox 751 2639 967 2678; x_wconf 56' lang='lat' dir='ltr'>velaminum</span> <span class='ocrx_word' id='word_1_378' title='bbox 978 2649 1050 2668; x_wconf 79' lang='lat' dir='ltr'>cum</span> 
     </span>
     <span class='ocr_line' id='line_1_48' title="bbox 358 2683 1051 2724; baseline -0.004 -9"><span class='ocrx_word' id='word_1_379' title='bbox 358 2686 494 2715; x_wconf 75' lang='lat' dir='ltr'>tribunis</span> <span class='ocrx_word' id='word_1_380' title='bbox 508 2694 546 2714; x_wconf 73' lang='lat' dir='ltr'>ae</span> <span class='ocrx_word' id='word_1_381' title='bbox 561 2685 653 2724; x_wconf 74' lang='lat' dir='ltr'>plebe</span> <span class='ocrx_word' id='word_1_382' title='bbox 667 2689 740 2714; x_wconf 76' lang='lat' dir='ltr'>erat</span> <span class='ocrx_word' id='word_1_383' title='bbox 753 2697 762 2713; x_wconf 88' lang='lat'><em>:</em></span> <span class='ocrx_word' id='word_1_384' title='bbox 784 2689 819 2714; x_wconf 84' lang='lat' dir='ltr'>et</span> <span class='ocrx_word' id='word_1_385' title='bbox 834 2683 1051 2712; x_wconf 76' lang='lat' dir='ltr'>consentiunt</span> 
     </span>
     <span class='ocr_line' id='line_1_49' title="bbox 356 2726 1051 2766; baseline -0.004 -8"><span class='ocrx_word' id='word_1_386' title='bbox 356 2737 472 2764; x_wconf 65' lang='lat' dir='ltr'>,omues</span> <span class='ocrx_word' id='word_1_387' title='bbox 490 2727 608 2758; x_wconf 83' lang='lat' dir='ltr'>nostri:</span> <span class='ocrx_word' id='word_1_388' title='bbox 635 2732 672 2757; x_wconf 84' lang='lat' dir='ltr'>ut</span> <span class='ocrx_word' id='word_1_389' title='bbox 688 2727 813 2766; x_wconf 79' lang='lat' dir='ltr'>aliquid</span> <span class='ocrx_word' id='word_1_390' title='bbox 828 2726 986 2756; x_wconf 80' lang='lat' dir='ltr'>excidisse</span> <span class='ocrx_word' id='word_1_391' title='bbox 1006 2727 1051 2755; x_wconf 77' lang='lat' dir='ltr'>vi-</span> 
     </span>
     <span class='ocr_line' id='line_1_50' title="bbox 357 2771 486 2802; baseline -0.016 0"><span class='ocrx_word' id='word_1_392' title='bbox 357 2771 486 2802; x_wconf 70' lang='lat' dir='ltr'>dcatur,</span> 
     </span>
    </p>

    <p class='ocr_par' dir='ltr' id='par_1_11' title="bbox 398 2810 1050 2852">
     <span class='ocr_line' id='line_1_51' title="bbox 398 2810 1050 2852; baseline -0.008 -7"><span class='ocrx_word' id='word_1_393' title='bbox 398 2817 437 2845; x_wconf 84' lang='lat'>31</span> <span class='ocrx_word' id='word_1_394' title='bbox 464 2813 610 2851; x_wconf 75' lang='lat' dir='ltr'>AEmilia</span> <span class='ocrx_word' id='word_1_395' title='bbox 622 2812 705 2852; x_wconf 66' lang='lat' dir='ltr'>Iege]</span> <span class='ocrx_word' id='word_1_396' title='bbox 729 2811 803 2842; x_wconf 84' lang='lat' dir='ltr'>Vid.</span> <span class='ocrx_word' id='word_1_397' title='bbox 817 2821 917 2851; x_wconf 78' lang='lat' dir='ltr'>snpra</span> <span class='ocrx_word' id='word_1_398' title='bbox 929 2810 983 2841; x_wconf 75' lang='lat' dir='ltr'>[V.</span> <span class='ocrx_word' id='word_1_399' title='bbox 999 2813 1050 2841; x_wconf 68' lang='lat'>2⁴.</span> 
     </span>
    </p>

    <p class='ocr_par' dir='ltr' id='par_1_12' title="bbox 395 2854 1049 2898">
     <span class='ocr_line' id='line_1_52' title="bbox 395 2854 1049 2898; baseline -0.006 -9"><span class='ocrx_word' id='word_1_400' title='bbox 395 2860 441 2892; x_wconf 66' lang='lat'>32</span> <span class='ocrx_word' id='word_1_401' title='bbox 462 2857 578 2898; x_wconf 62' lang='lat' dir='ltr'>„Quum</span> <span class='ocrx_word' id='word_1_402' title='bbox 595 2856 627 2887; x_wconf 88' lang='lat' dir='ltr'>C.</span> <span class='ocrx_word' id='word_1_403' title='bbox 642 2855 814 2897; x_wconf 63' lang='lat' dir='ltr'>Plautius]</span> <span class='ocrx_word' id='word_1_404' title='bbox 841 2855 913 2886; x_wconf 80' lang='lat' dir='ltr'>Hoc</span> <span class='ocrx_word' id='word_1_405' title='bbox 928 2854 1000 2886; x_wconf 86' lang='lat' dir='ltr'>Ioco</span> <span class='ocrx_word' id='word_1_406' title='bbox 1015 2858 1049 2885; x_wconf 81' lang='lat' dir='ltr'>et</span> 
     </span>
    </p>
   </div>
   <div class='ocr_carea' id='block_1_8' title="bbox 1190 2261 1497 2300">
    <p class='ocr_par' dir='ltr' id='par_1_13' title="bbox 1190 2261 1497 2300">
     <span class='ocr_line' id='line_1_53' title="bbox 1190 2261 1497 2300; baseline 0.007 -11"><span class='ocrx_word' id='word_1_407' title='bbox 1190 2267 1202 2281; x_wconf 76' lang='lat' dir='ltr'>r</span> <span class='ocrx_word' id='word_1_408' title='bbox 1223 2261 1291 2290; x_wconf 77' lang='lat' dir='ltr'>add.</span> <span class='ocrx_word' id='word_1_409' title='bbox 1302 2262 1400 2300; x_wconf 73' lang='lat' dir='ltr'>plebis</span> <span class='ocrx_word' id='word_1_410' title='bbox 1413 2261 1497 2292; x_wconf 78' lang='lat' dir='ltr'><strong>Eaed.</strong></span> 
     </span>
    </p>
   </div>
   <div class='ocr_carea' id='block_1_9' title="bbox 1094 2337 1795 2853">
    <p class='ocr_par' dir='ltr' id='par_1_14' title="bbox 1094 2337 1795 2765">
     <span class='ocr_line' id='line_1_54' title="bbox 1098 2337 1795 2377; baseline 0.007 -12"><span class='ocrx_word' id='word_1_411' title='bbox 1098 2337 1133 2366; x_wconf 82' lang='lat' dir='ltr'>in</span> <span class='ocrx_word' id='word_1_412' title='bbox 1155 2337 1305 2366; x_wconf 73' lang='lat' dir='ltr'>oratione</span> <span class='ocrx_word' id='word_1_413' title='bbox 1329 2337 1523 2377; x_wconf 17' lang='lat' dir='ltr'>Sempronii,</span> <span class='ocrx_word' id='word_1_414' title='bbox 1540 2347 1614 2368; x_wconf 91' lang='lat' dir='ltr'>mox</span> <span class='ocrx_word' id='word_1_415' title='bbox 1637 2343 1795 2373; x_wconf 76' lang='lat' dir='ltr'>secutura</span> 
     </span>
     <span class='ocr_line' id='line_1_55' title="bbox 1098 2380 1792 2422; baseline 0.006 -14"><span class='ocrx_word' id='word_1_416' title='bbox 1098 2390 1136 2409; x_wconf 80' lang='lat' dir='ltr'>ea</span> <span class='ocrx_word' id='word_1_417' title='bbox 1152 2380 1231 2411; x_wconf 72' lang='lat' dir='ltr'>«livit</span> <span class='ocrx_word' id='word_1_418' title='bbox 1259 2380 1380 2416; x_wconf 84' lang='lat' dir='ltr'>Livius,</span> <span class='ocrx_word' id='word_1_419' title='bbox 1396 2390 1435 2410; x_wconf 81' lang='lat' dir='ltr'>ex</span> <span class='ocrx_word' id='word_1_420' title='bbox 1460 2381 1578 2420; x_wconf 88' lang='lat' dir='ltr'>quibus</span> <span class='ocrx_word' id='word_1_421' title='bbox 1602 2381 1711 2422; x_wconf 71' lang='lat' dir='ltr'>colligi</span> <span class='ocrx_word' id='word_1_422' title='bbox 1736 2382 1792 2412; x_wconf 75' lang='lat' dir='ltr'>de-</span> 
     </span>
     <span class='ocr_line' id='line_1_56' title="bbox 1098 2423 1794 2455; baseline 0.007 -5"><span class='ocrx_word' id='word_1_423' title='bbox 1098 2423 1173 2452; x_wconf 77' lang='lat' dir='ltr'>bere</span> <span class='ocrx_word' id='word_1_424' title='bbox 1197 2423 1348 2453; x_wconf 67' lang='lat' dir='ltr'>videatur</span> <span class='ocrx_word' id='word_1_425' title='bbox 1371 2423 1407 2453; x_wconf 81' lang='lat' dir='ltr'>C.</span> <span class='ocrx_word' id='word_1_426' title='bbox 1432 2423 1600 2454; x_wconf 72' lang='lat' dir='ltr'>Plautium</span> <span class='ocrx_word' id='word_1_427' title='bbox 1621 2434 1685 2454; x_wconf 85' lang='lat' dir='ltr'>non</span> <span class='ocrx_word' id='word_1_428' title='bbox 1703 2425 1794 2455; x_wconf 80' lang='lat' dir='ltr'>abdi-</span> 
     </span>
     <span class='ocr_line' id='line_1_57' title="bbox 1098 2467 1794 2503; baseline 0.004 -8"><span class='ocrx_word' id='word_1_429' title='bbox 1098 2476 1186 2496; x_wconf 76' lang='lat' dir='ltr'>casse</span> <span class='ocrx_word' id='word_1_430' title='bbox 1203 2476 1236 2496; x_wconf 69' lang='lat' dir='ltr'>se</span> <span class='ocrx_word' id='word_1_431' title='bbox 1256 2476 1406 2503; x_wconf 70' lang='lat' dir='ltr'>censura,</span> <span class='ocrx_word' id='word_1_432' title='bbox 1424 2467 1486 2496; x_wconf 86' lang='lat' dir='ltr'>nisi</span> <span class='ocrx_word' id='word_1_433' title='bbox 1504 2469 1713 2497; x_wconf 78' lang='lat' dir='ltr'>circumactis</span> <span class='ocrx_word' id='word_1_434' title='bbox 1737 2469 1794 2498; x_wconf 84' lang='lat' dir='ltr'>de·</span> 
     </span>
     <span class='ocr_line' id='line_1_58' title="bbox 1097 2511 1791 2550; baseline 0.006 -12"><span class='ocrx_word' id='word_1_435' title='bbox 1097 2519 1168 2539; x_wconf 78' lang='lat' dir='ltr'>ceni</span> <span class='ocrx_word' id='word_1_436' title='bbox 1201 2516 1234 2539; x_wconf 68' lang='lat' dir='ltr'>et</span> <span class='ocrx_word' id='word_1_437' title='bbox 1259 2515 1333 2539; x_wconf 78' lang='lat' dir='ltr'>octo</span> <span class='ocrx_word' id='word_1_438' title='bbox 1363 2511 1541 2540; x_wconf 81' lang='lat' dir='ltr'>mensibus.</span> <span class='ocrx_word' id='word_1_439' title='bbox 1586 2511 1629 2542; x_wconf 77' lang='lat' dir='ltr'>Et</span> <span class='ocrx_word' id='word_1_440' title='bbox 1657 2512 1791 2550; x_wconf 71' lang='lat' dir='ltr'>quidun</span> 
     </span>
     <span class='ocr_line' id='line_1_59' title="bbox 1095 2552 1792 2593; baseline 0 -10"><span class='ocrx_word' id='word_1_441' title='bbox 1095 2553 1141 2583; x_wconf 81' lang='lat' dir='ltr'>sic</span> <span class='ocrx_word' id='word_1_442' title='bbox 1161 2560 1322 2583; x_wconf 73' lang='lat' dir='ltr'>memorat</span> <span class='ocrx_word' id='word_1_443' title='bbox 1348 2552 1522 2584; x_wconf 68' lang='lat' dir='ltr'>frontinus</span> <span class='ocrx_word' id='word_1_444' title='bbox 1545 2554 1585 2583; x_wconf 83' lang='lat' dir='ltr'>de</span> <span class='ocrx_word' id='word_1_445' title='bbox 1607 2555 1792 2593; x_wconf 77' lang='lat' dir='ltr'>Aquoeduc-</span> 
     </span>
     <span class='ocr_line' id='line_1_60' title="bbox 1095 2596 1792 2631; baseline 0.003 -6"><span class='ocrx_word' id='word_1_446' title='bbox 1095 2597 1195 2631; x_wconf 74' lang='lat' dir='ltr'>tibus,</span> <span class='ocrx_word' id='word_1_447' title='bbox 1215 2596 1234 2626; x_wconf 91' lang='grc'>1.</span> <span class='ocrx_word' id='word_1_448' title='bbox 1261 2597 1286 2626; x_wconf 92' lang='lat' dir='ltr'>l.</span> <span class='ocrx_word' id='word_1_449' title='bbox 1320 2596 1507 2627; x_wconf 73' lang='lat' dir='ltr'>Videndum</span> <span class='ocrx_word' id='word_1_450' title='bbox 1526 2606 1565 2626; x_wconf 85' lang='lat' dir='ltr'>an</span> <span class='ocrx_word' id='word_1_451' title='bbox 1585 2597 1655 2627; x_wconf 79' lang='lat' dir='ltr'>haee</span> <span class='ocrx_word' id='word_1_452' title='bbox 1679 2598 1792 2627; x_wconf 73' lang='lat' dir='ltr'>com-is</span> 
     </span>
     <span class='ocr_line' id='line_1_61' title="bbox 1095 2639 1790 2679; baseline 0.003 -10"><span class='ocrx_word' id='word_1_453' title='bbox 1095 2639 1166 2669; x_wconf 67' lang='lat' dir='ltr'>linri</span> <span class='ocrx_word' id='word_1_454' title='bbox 1195 2640 1289 2669; x_wconf 77' lang='lat' dir='ltr'>facile</span> <span class='ocrx_word' id='word_1_455' title='bbox 1316 2640 1443 2679; x_wconf 72' lang='lat' dir='ltr'>possint</span> <span class='ocrx_word' id='word_1_456' title='bbox 1468 2649 1544 2670; x_wconf 84' lang='lat' dir='ltr'>cum</span> <span class='ocrx_word' id='word_1_457' title='bbox 1575 2640 1625 2678; x_wconf 74' lang='lat' dir='ltr'>iis,</span> <span class='ocrx_word' id='word_1_458' title='bbox 1650 2651 1722 2679; x_wconf 85' lang='lat' dir='ltr'>quae</span> <span class='ocrx_word' id='word_1_459' title='bbox 1750 2640 1790 2671; x_wconf 81' lang='lat' dir='ltr'>de</span> 
     </span>
     <span class='ocr_line' id='line_1_62' title="bbox 1094 2682 1790 2725; baseline 0.007 -14"><span class='ocrx_word' id='word_1_460' title='bbox 1094 2682 1240 2721; x_wconf 69' lang='lat' dir='ltr'>ejusdcm</span> <span class='ocrx_word' id='word_1_461' title='bbox 1267 2682 1384 2712; x_wconf 85' lang='lat' dir='ltr'>Plautii</span> <span class='ocrx_word' id='word_1_462' title='bbox 1408 2682 1615 2713; x_wconf 76' lang='lat' dir='ltr'>abdicatione</span> <span class='ocrx_word' id='word_1_463' title='bbox 1638 2685 1790 2725; x_wconf 74' lang='lat' dir='ltr'>superius</span> 
     </span>
     <span class='ocr_line' id='line_1_63' title="bbox 1095 2727 1445 2765; baseline 0.003 -10"><span class='ocrx_word' id='word_1_464' title='bbox 1095 2727 1220 2765; x_wconf 77' lang='lat' dir='ltr'>scripta</span> <span class='ocrx_word' id='word_1_465' title='bbox 1234 2732 1325 2761; x_wconf 83' lang='lat' dir='ltr'>sunt,</span> <span class='ocrx_word' id='word_1_466' title='bbox 1343 2736 1371 2755; x_wconf 90' lang='lat' dir='ltr'>c.</span> <span class='ocrx_word' id='word_1_467' title='bbox 1394 2728 1445 2759; x_wconf 68' lang='lat'>39.</span> 
     </span>
    </p>

    <p class='ocr_par' dir='ltr' id='par_1_15' title="bbox 1095 2769 1790 2853">
     <span class='ocr_line' id='line_1_64' title="bbox 1138 2769 1790 2808; baseline 0.003 -9"><span class='ocrx_word' id='word_1_468' title='bbox 1138 2773 1177 2799; x_wconf 80' lang='grc'>33</span> <span class='ocrx_word' id='word_1_469' title='bbox 1205 2769 1457 2808; x_wconf 69' lang='lat' dir='ltr'>Longinquitalc</span> <span class='ocrx_word' id='word_1_470' title='bbox 1474 2769 1683 2808; x_wconf 71' lang='lat' dir='ltr'>potestatem]</span> <span class='ocrx_word' id='word_1_471' title='bbox 1718 2769 1790 2801; x_wconf 64' lang='lat' dir='ltr'>Me,</span> 
     </span>
     <span class='ocr_line' id='line_1_65' title="bbox 1095 2811 1676 2853; baseline -0.003 -9"><span class='ocrx_word' id='word_1_472' title='bbox 1095 2811 1157 2844; x_wconf 81' lang='lat' dir='ltr'>lius</span> <span class='ocrx_word' id='word_1_473' title='bbox 1170 2812 1308 2845; x_wconf 67' lang='lat' dir='ltr'>fortasse</span> <span class='ocrx_word' id='word_1_474' title='bbox 1325 2811 1491 2852; x_wconf 81' lang='lat' dir='ltr'>legeretur</span> <span class='ocrx_word' id='word_1_475' title='bbox 1500 2815 1676 2853; x_wconf 68' lang='lat' dir='ltr'>poto-scaeis.</span> 
     </span>
    </p>
   </div>
   <div class='ocr_carea' id='block_1_10' title="bbox 1892 1584 1925 2739">
    <p class='ocr_par' dir='ltr' id='par_1_16' title="bbox 1892 1584 1925 2739">
     <span class='ocr_line' id='line_1_66' title="bbox 1892 1584 1925 2739; baseline 0 0"><span class='ocrx_word' id='word_1_476' title='bbox 1892 1584 1925 2739; x_wconf 95' lang='lat' dir='ltr'> </span> 
     </span>
    </p>
   </div>
   <div class='ocr_carea' id='block_1_11' title="bbox 1921 1393 1925 1494">
    <p class='ocr_par' dir='ltr' id='par_1_17' title="bbox 1921 1393 1925 1494">
     <span class='ocr_line' id='line_1_67' title="bbox 1921 1393 1925 1494; baseline 0 0"><span class='ocrx_word' id='word_1_477' title='bbox 1921 1393 1925 1494; x_wconf 66' lang='lat' dir='ltr'>l</span> 
     </span>
    </p>
   </div>
   <div class='ocr_carea' id='block_1_12' title="bbox 1883 2747 1925 3239">
    <p class='ocr_par' dir='ltr' id='par_1_18' title="bbox 1883 2747 1925 3239">
     <span class='ocr_line' id='line_1_68' title="bbox 1883 2747 1925 3239; baseline 0 0"><span class='ocrx_word' id='word_1_478' title='bbox 1883 2747 1925 3239; x_wconf 95' lang='lat' dir='ltr'> </span> 
     </span>
    </p>
   </div>
  </div>
 </body>
</html>
