1925 3239
468 114 586 156 Llss.
609 117 717 156 VIII.
756 116 882 155 CAP.
909 116 1117 155 XXXVII.
1460 120 1532 156 491

105 212 291 268 publica,
313 228 438 268 quam
478 215 689 270 privatum
724 214 1039 269 compendium,
1063 215 1103 254 iu
1139 213 1306 254 hostem
1340 215 1591 264 actxebat.U,
1608 232 1644 263 C.
1659 234 1734 264 430.

107 269 188 310 His
220 270 409 311 cladibus
441 273 604 312 subacti
631 271 842 311 Samnites
867 285 1012 325 pacem
1037 273 1085 310 ah
1116 271 1324 311 dictatore
1347 273 1506 326 petiere
1525 276 1587 313 gA.
1604 276 1640 306 C·
1656 278 1730 308 322.

103 341 201 367 cum
224 341 309 380 quo
333 328 459 382 pacti,
484 337 528 367 ut
556 328 720 383 singula
741 328 996 368 ,vestimenta
1030 327 1249 377 militibus,
1272 338 1314 367 et
1347 342 1534 368 annuum

104 384 362 438 stipendium
396 385 570 434 darent;
601 398 732 438 quum
763 385 821 424 ire
853 386 902 424 ad
939 393 1129 424 senatum
1155 384 1263 438 jussi
1295 394 1450 434 esseut,
1473 399 1537 425 se·

102 450 276 480 cuturos
313 455 356 480 se
389 441 639 481 dictatorem
675 441 996 494 responderunt,
1029 442 1150 480 unius
1185 441 1276 494 ejus
1324 442 1418 480 tidei
1457 442 1538 481 vir-

103 498 272 551 tutique
293 511 483 538 caussam
504 511 620 538 suam
644 498 1004 538 commendantes.
1030 499 1087 537 ita
1109 497 1314 537 deductus
1337 513 1388 538 ex
1414 498 1536 538 Sam-

101 553 264 593 nitibus
287 556 513 594 exercitus.

159 609 416 651 XXXVII.
452 610 647 650 Dictator
670 610 935 665 triumphans
961 610 1103 650 urbem
1126 620 1189 650 est
1211 611 1446 665 ingressus:
1479 618 1590 660 et,U.
1607 620 1643 649 C.
1661 623 1735 651 431.

98 679 230 719 quum
253 682 296 706 se
317 668 525 707 dictatura
546 667 744 708 abdicare
768 667 906 716 vellet,
922 667 1044 721 jussu
1079 666 1270 715 Patrum,
1290 668 1533 721 priusquam
1556 665 1585 718 ἦ
1604 664 1639 713 (9·
1656 666 1731 713 39}-

99 723 332 773 abdicaret,
364 723 557 763 consules
591 725 751 764 creavit
786 723 836 764 C.
861 724 1097 778 Sulpicium
1135 723 1331 778 Longum
1365 708 1733 781 iter-u111,1(1'·{3{¹l‘s„¹g{⁰

98 777 158 824 Q.
183 779 401 819 [Emilium
429 779 722 820 Cerretanum.
783 781 1009 829 Samnites,
1034 780 1192 820 infecta
1216 794 1334 834 pace,
1353 782 1454 834 quia
1483 780 1633 824 demuto
1649 794 1733 822 Coss.

97 836 419 878 conditionibus
442 838 661 892 agebatur,
685 837 875 877 inducias
898 851 1057 876 annuas
1080 837 1134 876 ab
1159 837 1261 876 urbe
1286 838 1534 877 retulerunt.

97 904 177 932 nec
198 906 338 932 earum
366 895 548 948 ipsarum
574 906 719 934 sancta
741 894 844 934 fides
868 893 972 934 fuit:
1006 893 1125 944 adeo,
1147 902 1370 947 postquam
1407 893 1534 947 Papi-

96 949 206 988 rium
229 950 366 990 abisse
389 951 639 1005 magistratu
664 952 910 991 nunciatum
933 960 1010 997 est,
1030 950 1189 989 adfecti
1214 952 1264 990 ad
1292 950 1533 990 bellandum

95 1005 225 1045 animi
251 1016 361 1046 sunt.
424 1007 475 1048 C.
500 1007 704 1061 Sulpicio,
729 1008 783 1052 Q.
807 1006 982 1046 AEmilio
999 1008 1052 1058 (⁹⁰
1068 1006 1237 1046 Aulium
1262 1007 1431 1060 quidam
1457 1021 1531 1046 an-

95 1061 210 1101 nales
233 1062 409 1112 habent)
433 1063 711 1112 consulibus-⁵,
734 1065 785 1103 ad
806 1063 1090 1103 defectionem
1125 1063 1379 1103 Samnitium
1413 1062 1534 1117 Apu-

96 1116 181 1158 lum
205 1133 362 1159 novum
391 1120 543 1160 bellum
568 1122 761 1160 accessit.
806 1119 1002 1175 Utroque
1023 1120 1235 1159 exercitus
1259 1121 1390 1159 missi.
1438 1119 1532 1159 Sul-

99 1175 215 1228 picio
238 1175 463 1227 Samnites,
486 1176 615 1232 Apuli
640 1177 815 1217 AEmilio
850 1188 962 1217 sorte
993 1186 1238 1216 evenerunt.
1301 1177 1426 1226 Sunt,
1457 1177 1529 1229 qui

94 1244 179 1272 non
206 1232 307 1287 ipsis
329 1233 481 1287 Apulis
505 1233 660 1274 bellum
684 1234 875 1282 inlatum,
899 1234 969 1274 sed
1003 1234 1141 1272 socios
1164 1233 1255 1286 ejus
1290 1233 1428 1286 gentis
1453 1247 1530 1286 po·

96 1288 217 1342 pulos
236 1292 289 1329 ab
313 1290 566 1330 Samnitium
593 1292 630 1330 vi
653 1299 780 1345 atque
805 1290 968 1344 injuriis
990 1289 1184 1329 defensos
1209 1290 1408 1329 scribant.
1446 1288 1529 1329 Ce-

95 1354 231 1385 terum
256 1345 425 1386 fortuna
449 1347 720 1397 Samnitium,
741 1348 812 1386 vix
837 1362 860 1386 a
882 1361 924 1386 se
947 1347 1047 1401 ipsis
1069 1361 1119 1386 eo
1144 1359 1333 1400 tempore
1357 1345 1529 1400 propul-

92 1402 277 1441 santium
315 1403 485 1451 bellum,
511 1405 682 1458 propius
715 1413 761 1443 ut
798 1403 851 1442 sit
882 1417 995 1452 vero,
1025 1402 1144 1452 facit,
1176 1416 1260 1442 non
1291 1402 1442 1456 Apulis
1473 1403 1527 1442 ab

94 1457 359 1499 Samnitibus
383 1474 499 1500 arma
523 1460 666 1509 inlata,
690 1460 757 1501 sed
782 1474 879 1499 cum
913 1470 1091 1513 utraque
1123 1458 1246 1499 simul
1279 1469 1406 1514 gente
1441 1459 1527 1498 bel-

93 1513 179 1554 lum
206 1515 411 1556 Romanis
443 1517 586 1556 fuisse.
619 1531 696 1556 uec
719 1527 859 1556 tamen
882 1529 944 1555 res
967 1517 1050 1556 ulla
1086 1515 1371 1555 memorabilis
1404 1525 1524 1556 acta:

90 1584 198 1625 ,ager
218 1571 383 1627 Apuius
417 1573 722 1627 Samniumque
755 1583 1019 1613 evastatum:
1054 1573 1194 1613 hostes
1227 1586 1303 1611 nec
1338 1573 1421 1620 liic,
1446 1585 1525 1611 nec

91 1627 180 1668 illic
202 1628 378 1669 inventi.
440 1628 591 1670 Romae
626 1638 856 1669 nocturnus
882 1640 1014 1669 terror
1037 1629 1096 1669 ita
1127 1643 1181 1669 ex
1214 1643 1363 1668 somno
1395 1628 1525 1682 trepi-

87 1683 186 1724 dam
228 1696 400 1739 repente
431 1686 648 1726 civitatem
682 1686 856 1735 excivit,
891 1696 936 1725 ut.
969 1685 1232 1741 Capitolium
1271 1694 1399 1739 atque
1432 1698 1523 1733 arx,

88 1742 337 1796 moeniaque
378 1750 420 1782 et
466 1752 614 1797 portae,
653 1743 775 1798 plena
811 1751 1068 1782 armatorum
1109 1742 1280 1781 fuerint.
1311 1753 1351 1781 et
1391 1755 1523 1795 quum

87 1807 390 1839 concursatum
414 1798 814 1853 conclamatumque
836 1799 888 1839 ad
913 1813 1028 1838 arma
1049 1799 1248 1839 omnibus
1271 1798 1374 1838 locis
1397 1809 1522 1847 esset,

87 1853 226 1907 prima
247 1854 341 1895 luce
362 1869 440 1895 nec
462 1866 623 1900 auctor,
649 1870 724 1895 nec
747 1870 894 1895 caussa
921 1856 1088 1894 terroris
1120 1855 1373 1908 comparuit.
1438 1852 1522 1894 Eo-

86 1909 182 1950 dem
206 1925 318 1951 anno
339 1912 392 1951 de
421 1911 671 1952 Tusculanis
704 1912 847 1951 Flavia
887 1913 1110 1966 rogatione
1135 1910 1277 1965 populi
1302 1911 1383 1950 fuit
1399 1910 1518 1964 judi·
1531 1922 1732 1952 Judiciumde

84 1966 215 2007 cium.
258 1967 325 2009 M.
349 1968 517 2009 Flavius
540 1969 735 2009 tribunus
758 1968 891 2024 plebis
915 1968 1011 2008 tulit
1042 1968 1092 2009 ad
1116 1967 1335 2022 populum,
1360 1977 1405 2007 ut
1430 1969 1459 1993 ⁹¹
1477 1967 1724 2008 in'sss⁵01¹¹a¹¹³⁵·

128 2085 144 2106 ¹¹
166 2087 203 2116 ab
217 2087 313 2117 Gron.
326 2089 417 2117 Crev.
575 2102 594 2110 a
612 2086 620 2107 ἲ
640 2087 825 2122 consulibus,
840 2088 974 2117 Aulium
989 2087 1117 2127 quidam
1130 2087 1257 2117 annales
1271 2086 1390 2123 habent,
1407 2086 1449 2116 ad
1461 2089 1519 2117 etc.

89 2130 181 2160 Crev.

822 2218 862 2249 ad
879 2229 1003 2249 annum
1021 2221 1094 2250 438.
1123 2219 1199 2249 Non
1215 2228 1388 2259 possumus
1402 2223 1517 2250 tamen

127 2224 169 2254 90
191 2220 328 2250 Aulium
342 2220 473 2260 quidam
490 2223 624 2251 annales
646 2218 775 2258 liabent]

821 2263 971 2293 assentiri
1001 2262 1197 2292 doctissimis
1219 2263 1308 2299 viriS,
1332 2263 1387 2301 qui
1410 2268 1517 2293 totam

81 2263 179 2303 Quod
209 2263 341 2301 quidem
372 2264 493 2299 verius,
519 2273 580 2292 nec
611 2264 779 2293 immerito

83 2307 236 2342 fortasse,
281 2306 413 2336 videtur
456 2307 602 2344 sigonio,
648 2306 782 2345 Pighio,

82 2349 266 2380 Gronovio:
286 2347 360 2379 tum
384 2350 462 2387 quia
485 2349 537 2378 hic
565 2349 679 2379 consul
712 2349 779 2388 ple-

82 2393 174 2423 beitis
186 2402 256 2422 esse
267 2392 394 2427 debuit,
404 2401 506 2430 quum
517 2392 682 2432 Sulpicius
690 2393 776 2421 foret

80 2436 261 2475 patricius:
285 2436 420 2466 AEmilia
434 2440 546 2465 autem
571 2444 650 2473 gens
675 2436 775 2474 patri-

78 2480 132 2509 eia
153 2484 236 2517 erat,
259 2479 356 2508 Aulia
379 2478 525 2517 plebeia:
557 2482 628 2507 tum
652 2479 730 2515 quia
754 2478 774 2507 1.

81 2522 142 2552 lx.
159 2532 253 2562 capp.
273 2525 321 2552 15.
342 2522 390 2551 16.
410 2524 460 2552 223.
477 2526 510 2550 et
528 2524 579 2551 23.
596 2521 650 2550 ubi
667 2521 705 2550 de
721 2531 775 2550 eo-

81 2565 158 2595 dem
190 2565 323 2595 homine
360 2565 482 2603 agitur,
515 2564 704 2603 campanus
742 2568 776 2593 et

77 2608 226 2638 Andreas
249 2617 411 2647 nusquam
435 2607 629 2644 AEmz'lz'um,
646 2606 702 2636 sed
726 2606 775 2636 vel

80 2651 266 2689 Aurelium,
282 2651 333 2681 vel
355 2651 491 2687 Aulum,
510 2650 559 2679 vel
581 2650 706 2685 Alium,
725 2650 774 2679 vel

80 2695 217 2727 Aulium
234 2695 375 2733 denique
390 2693 534 2723 habent:
552 2693 638 2722 uude
656 2693 774 2722 merito

77 2736 248 2776 colligitur
283 2738 412 2767 Livium
451 2736 500 2766 his
539 2735 617 2765 locis
662 2746 774 2765 revera

78 2781 246 2820 scripsisse
262 2781 406 2810 Aulium.
438 2780 660 2809 Consentiunt
676 2779 773 2818 Capi-

76 2823 174 2854 tolini
191 2823 291 2862 Fasti,
308 2824 362 2854 ubi
378 2823 417 2853 de
431 2824 501 2862 ejus
524 2828 630 2853 morte
654 2828 771 2862 agunt,

822 2306 908 2336 hanc
951 2305 1176 2345 parenthesin,
1214 2305 1348 2335 Aulium
1385 2307 1518 2344 quidam

821 2350 956 2379 annales
978 2350 1106 2384 liabent,
1122 2357 1196 2386 quae
1220 2349 1340 2387 ubique
1365 2352 1482 2385 exstat,
1499 2358 1534 2384 e,

817 2392 956 2422 Liviauo
978 2395 1071 2421 textu
1099 2391 1288 2420 exturbant.
1333 2391 1403 2421 Nee
1434 2392 1516 2422 adeo

819 2436 941 2464 mirum
975 2440 1025 2464 est
1055 2434 1184 2464 Livium
1219 2434 1272 2463 hic
1298 2434 1450 2464 haesitare
1479 2435 1516 2464 in

819 2477 875 2507 illo
892 2478 1025 2507 nominc
1040 2489 1049 2514 ς
1072 2484 1187 2517 postca
1202 2478 1230 2505 ei
1247 2481 1422 2509 sententiae
1440 2487 1513 2516 quae

818 2521 1026 2550 verisimilior
1049 2521 1108 2559 ipsi
1127 2520 1194 2549 visa
1209 2524 1270 2555 est,
1285 2521 1354 2549 sine
1371 2520 1440 2550 ulla
1454 2521 1514 2550 du-

820 2564 989 2593 bitationis
1008 2572 1087 2592 nota
1103 2562 1288 2592 adhaesisse.

861 2611 896 2639 91
931 2608 965 2636 ln
990 2606 1361 2644 Tusculanos..qnorum
1385 2604 1508 2644 eorum]

818 2650 856 2678 In
886 2649 1104 2684 Tusculanos,
1129 2659 1192 2678 nou
1221 2659 1334 2678 omues
1365 2649 1512 2687 quidem,

818 2693 873 2722 sed
890 2694 921 2721 iu
939 2692 1010 2721 illos
1026 2702 1153 2727 eorum,
1165 2692 1230 2721 sive
1247 2702 1286 2721 ex
1301 2693 1510 2730 eis,qu01·um

814 2746 876 2774 ope
893 2745 931 2764 ac
950 2735 1097 2764 consilio.
1109 2755 1116 2763 .
1130 2735 1278 2764 Suleuuis
1301 2741 1371 2765 erat
1388 2735 1510 2764 formu-

815 2777 860 2814 la,
887 2780 942 2817 qm'
969 2788 1090 2808 eorum.
1136 2778 1295 2817 Exempla
1323 2778 1393 2808 vide
1423 2777 1511 2816 apud

816 2828 965 2851 nostrum
995 2820 1120 2852 XXIII.
1150 2823 1201 2852 2²5.
1233 2826 1268 2851 et
1305 2820 1426 2852 XXVI.
1455 2823 1508 2852 3⁴.
