1991 3250
155 215 199 245 U.
214 217 250 245 C.
265 217 338 245 259.

158 259 200 288 A.
215 259 251 287 C.
269 262 342 287 493.

376 111 450 146 106
933 108 1071 146 TITI
1106 86 1273 145 nvn

375 206 625 249 Latinorum
649 207 700 249 ad
725 207 1044 250 Aristodemum
1068 218 1295 264 tyrannum
1319 209 1570 252 contulerat.
1619 211 1683 256 Eo
1705 227 1812 254 nun-

372 265 441 306 cio
463 265 593 306 erecti
620 264 785 317 Patres,
806 276 944 307 erecta
969 266 1127 322 plebes.
1159 265 1228 306 sed
1256 266 1454 307 Patribus
1484 271 1514 293 2³
1532 269 1659 310 nimis
1687 269 1814 311 luxu·

158 301 244 331 Mors
260 301 338 330 Tar·
396 321 404 329 .

100 376 103 377 ⁷
157 344 269 384 quinii.

155 671 280 702 Bellum
289 680 360 701 cum

158 715 286 746 Volscis.

371 336 565 377 rlosa'ea
595 321 680 363 fuit
709 322 884 365 laetitia:
922 322 1054 378 plebi,
1083 323 1153 363 cui
1185 323 1237 363 ad
1268 337 1358 364 eam
1392 323 1506 364 diem
1536 339 1701 366 summa
1730 340 1812 381 ope

375 379 628 420 inservitum
649 389 754 430 erat,
776 379 946 434 injuriae
969 394 994 420 a
1014 379 1273 435 prirnoribus
1297 379 1386 420 fieri
1411 395 1597 436 coepere.
1650 381 1814 425 Eodem

370 439 484 477 anno
517 435 670 491 Signia
699 436 884 486 colonia,
905 450 1033 491 quam
1057 449 1131 476 rex
1162 434 1417 491 Tarquinius
1443 437 1693 490 deduxerat,
1714 455 1812 495 sup-

371 492 488 548 pleto
511 506 688 533 numero
712 492 980 544 colonorum,
1003 492 1157 533 iterum
1179 492 1362 534 deducta
1383 504 1459 534 est.
1512 493 1666 536 Romae
1694 498 1725 520 ‘2⁴
1740 497 1814 537 tri-

372 551 452 591 bus
473 564 560 590 una
579 560 623 589 et
645 549 798 605 viginti
830 548 973 590 rhctae.
1032 548 1165 590 AEdes
1198 548 1406 591 Mercurii
1424 551 1631 603 dedicata
1650 562 1715 592 est
1736 552 1815 594 idi-

373 607 455 647 bus
483 605 630 647 Maiis.
1355 623 1358 625 ·

433 662 600 704 XXII.
633 660 745 702 Cum
778 662 1032 704 Volscorum
1063 670 1191 718 gente
1226 663 1378 705 Latino
1409 663 1521 705 bello
1553 679 1691 719 neque
1715 679 1816 720 pax,

371 734 510 775 neque
533 718 690 760 bellum
714 717 867 760 fuerat.
903 733 1000 760 nam
1024 726 1068 759 et
1093 719 1234 761 Volsci
1257 733 1609 777 comparaverant
1641 720 1815 772 auxilia,

370 791 469 832 quae
500 776 722 816 mitterent
745 775 924 826 Latinis,
947 776 990 816 ni
1014 784 1270 817 maturatum
1298 779 1353 818 ab
1374 778 1583 819 dictatore
1617 777 1815 819 Romano

372 841 507 883 esset3
546 841 591 873 et
619 833 852 874 maturavit
882 832 1121 884 Romanus,
1147 847 1200 872 ne
1231 834 1392 888 proelia
1415 849 1501 876 uno
1531 849 1630 876 cum
1662 835 1817 876 Latino

372 889 617 944 Volscoque
647 889 942 931 contenderet.
1003 888 1102 930 Hac
1135 888 1198 930 ira
1232 890 1428 932 consules
1460 892 1503 932 in
1537 891 1735 933 Volscum
1771 906 1815 932 a-

374 961 500 1003 grum
531 945 723 1001 legiones
751 946 928 988 duxere.
972 946 1164 998 Volscos,
1187 947 1354 988 consilii
1374 962 1548 1003 poenam
1572 962 1658 989 non
1683 959 1819 989 metu-

374 1013 508 1054 enteS,
531 1003 789 1059 necopinata
813 1018 878 1045 res
909 1003 1104 1059 perculit.
1164 1002 1395 1045 Armorum
1424 1005 1679 1046 inmemores
1703 1006 1819 1046 obsi-

373 1061 448 1102 des
471 1060 574 1101 dant
597 1070 808 1101 trecentos
830 1060 1073 1116 principum
1096 1075 1122 1101 a
1140 1059 1255 1102 Cora
1276 1071 1347 1116 atq
1355 1075 1404 1102 ue
1427 1061 1626 1103 Pometia
1648 1061 1819 1104 liberos.

376 1118 438 1160 ita
458 1117 549 1158 sine
573 1118 805 1159 certamine
837 1117 937 1159 inde
965 1117 1164 1159 abductae
1197 1117 1402 1174 legiones,
1464 1119 1558 1160 Nec
1592 1119 1653 1159 ita
1683 1118 1819 1160 multo

375 1182 475 1231 post
495 1174 662 1216 Volscis
685 1174 835 1216 levatis
857 1184 972 1216 metu
998 1189 1121 1215 suum
1150 1174 1278 1216 rediit
1297 1175 1547 1231 ingenium:
1582 1189 1725 1217 rursus
1746 1190 1820 1218 oc-

373 1231 538 1274 cultum
579 1240 731 1288 parant
771 1231 944 1284 bellum,
981 1230 1185 1273 Hernicis
1227 1232 1270 1272 in
1314 1233 1566 1274 societatem
1604 1247 1819 1274 armorum

373 1289 598 1330 adsumtis.
659 1288 844 1344 Legatos
862 1303 1034 1344 quoque
1055 1289 1107 1330 ad
1130 1287 1446 1331 sollicitandum
1468 1290 1638 1331 Latium
1661 1290 1820 1346 passim

373 1345 616 1387 dimittunt.
679 1345 763 1386 Sed
795 1360 941 1387 recens
974 1345 1026 1387 ad
1062 1345 1280 1402 Regillum
1308 1347 1448 1388 lacum
1478 1356 1656 1403 accepta
1679 1346 1820 1389 clades

374 1405 408 1427 ²⁵
424 1401 601 1444 Latinos
624 1402 688 1443 ira
707 1402 894 1458 odioque
913 1402 1022 1458 ejuS,
1043 1403 1305 1458 quicumque
1323 1418 1440 1445 arma
1461 1403 1670 1454 suaderet,
1692 1417 1746 1450 ne
1768 1404 1822 1446 ab

375 1457 530 1515 legatis
551 1459 724 1515 quidem
752 1460 960 1501 violandis
989 1459 1214 1500 abstinuit.
1275 1459 1621 1516 Comprehensos
1644 1460 1820 1503 Volscos

381 1516 567 1559 Romam
593 1517 770 1558 duxere.
830 1516 898 1559 Ibi
924 1517 1070 1558 traditi
1094 1516 1355 1558 consulibus.
1394 1517 1717 1573 indicatumque
1743 1528 1822 1568 est,

378 1574 557 1616 Volscos
591 1573 893 1630 Hernicosque
925 1588 1073 1630 parare
1112 1573 1268 1615 bellum
1307 1573 1529 1618 Romanis.
1592 1575 1746 1616 Relata
1777 1589 1822 1617 re

380 1631 433 1672 ad
466 1641 675 1682 senatum,
701 1632 808 1673 adeo
840 1631 924 1672 fuit
953 1641 1123 1687 gratum
1157 1631 1372 1681 Patribus,
1399 1641 1446 1672 ut
1476 1641 1520 1673 et
1549 1632 1820 1688 captivorum

381 1702 456 1729 sex
480 1688 612 1729 millia
636 1688 798 1729 Latinis
829 1688 1110 1738 remitterent,
1131 1699 1173 1729 et
1203 1689 1255 1729 de
1278 1688 1456 1740 foedere,
1477 1689 1592 1744 quod
1621 1702 1754 1745 prope
1776 1689 1817 1730 in

379 1755 635 1801 perpetuum
666 1754 870 1802 negatum
897 1745 1049 1797 fuerat,
1071 1760 1159 1786 rem
1181 1745 1231 1786 ad
1257 1759 1390 1787 novos
1415 1746 1689 1802 magistratus
1720 1745 1819 1800 reji-

379 1812 540 1843 cerent.
601 1801 832 1843 Enimvero
866 1813 955 1844 tum
990 1802 1131 1843 Latini
1156 1803 1341 1858 gaudere
1372 1802 1502 1853 facto,
1525 1803 1641 1858 pacis
1672 1814 1820 1842 aucto-

380 1872 446 1899 res
473 1860 505 1883 ⁹⁶
521 1860 562 1899 in
588 1860 753 1915 ingenti
775 1859 912 1915 gloria
937 1874 1042 1900 esse.
1103 1858 1320 1900 Coronam
1343 1873 1511 1900 auream
1534 1859 1635 1902 Jovi
1658 1859 1821 1900 donum

381 1921 424 1962 in
458 1916 723 1973 Capitolium
754 1917 948 1958 mittunt.
986 1930 1084 1957 cum
1107 1916 1259 1971 legatis
1286 1916 1499 1972 donoque,
1520 1917 1592 1972 qni
1625 1917 1820 1972 captivo-

378 1991 475 2020 rum
507 1974 668 2016 remissi
701 1974 753 2014 ad
781 1988 878 2014 suos
911 1973 1094 2024 fuerant,
1116 1988 1272 2029 magna
1301 1974 1560 2014 circumfusa
1590 1972 1821 2014 multitudo

380 2033 514 2075 venit.
574 2031 767 2087 Pergunt
796 2031 947 2072 domos
978 2045 1141 2082 corum,
1163 2030 1275 2086 apud
1306 2044 1429 2086 quem
1455 2030 1635 2086 quisquc
1666 2030 1821 2071 servie-

426 2152 467 2181 23
486 2149 597 2180 AVimis
614 2149 798 2187 luxuriosa]
824 2148 900 2179 Non
918 2148 996 2178 satis
1010 2157 1081 2177 nio·
1126 2155 1285 2176 numerus
1310 2145 1350 2175 ad
1375 2146 1522 2184 quinque
1547 2150 1578 2175 ct
1602 2145 1822 2184 qnadraginta

382 2192 508 2224 derata.
1126 2190 1331 2226 cxc-essisset,
1349 2199 1450 2227 quum
1468 2194 1580 2218 tamen
1602 2189 1688 2230 apud
1705 2198 1821 2219 omncs

425 2236 704 2267 ‘24207'ru1usuna
717 2231 1004 2273 etviginlisaccoe]
1018 2233 1083 2264 Ad-
1127 2238 1255 2262 <muster
1282 2234 1428 2271 quinque
1457 2239 1589 2263 tantum
1615 2239 1651 2262 et
1680 2232 1820 2272 triginta

383 2279 465 2317 dita,
488 2287 527 2310 ut
554 2279 699 2315 videtur,
722 2278 810 2307 tribu
836 2277 985 2307 Claudia.
1009 2277 1082 2306 vid.
1128 2278 1232 2305 trinus
1247 2277 1413 2306 Romanas
1437 2275 1549 2306 fuisso.
1596 2276 1748 2314 Denique
1771 2275 1822 2305 Si-

383 2330 452 2354 not.
477 2325 529 2355 32.
553 2323 594 2352 ad
617 2321 644 2352 l.
667 2325 720 2353 43.
744 2327 779 2351 et
795 2325 865 2351 not.
888 2323 941 2353 02.
965 2320 1005 2350 ad
1035 2322 1082 2350 ln'.
1128 2321 1245 2357 goinus
1269 2320 1301 2349 in
1326 2320 1393 2348 suis
1418 2319 1507 2349 liin-is
1532 2318 1648 2358 legisse
1665 2328 1699 2349 se
1718 2321 1821 2349 testa-

383 2377 495 2407 supra.
542 2365 670 2404 *solim
703 2365 770 2401 hic,
800 2363 1081 2404 qtfe·iiia‹linorlt11n
1128 2371 1195 2399 tur,
1217 2373 1283 2393 ωια
1306 2368 1335 2393 ct
1359 2364 1499 2401 viginli:
1523 2362 1610 2401 qnod
1633 2369 1666 2392 ct
1690 2371 1748 2391 nos
1773 2372 1823 2392 rc-

382 2418 419 2441 et
441 2411 473 2440 in
498 2410 659 2449 epitome,
680 2408 853 2447 legebatur
877 2418 944 2437 unu
968 2412 998 2437 et
1021 2408 1083 2438 tri·
1128 2407 1273 2445 poi-imus
1307 2407 1339 2435 in
1379 2406 1609 2444 antiquissimo
1639 2415 1656 2434 e
1689 2406 1824 2436 nostris.

380 2457 489 2492 ginta.
535 2453 599 2482 Sed
622 2451 802 2491 Dionysius
827 2451 847 2480 l.
870 2449 947 2481 Vll.
973 2451 1006 2480 in
1024 2451 1082 2488 ju·
1129 2450 1250 2480 Mvrito
1266 2451 1368 2490 igitur
1384 2449 1438 2479 illc
1463 2449 1552 2479 hunc
1574 2458 1752 2479 numerum
1771 2459 1821 2479 re-

382 2498 469 2527 dicio
487 2495 666 2531 Coriolani,
685 2494 772 2534 quod
792 2493 891 2534 paulo
915 2501 988 2534 post
1006 2494 1078 2525 ham·
1124 2494 1246 2533 lubuit.

382 2546 536 2579 tmupora
573 2540 698 2568 sartum
737 2545 800 2575 est,
829 2547 929 2567 unam
965 2545 998 2567 ct
1033 2538 1078 2567 vi·
1167 2539 1206 2566 ⁴25
1243 2538 1482 2567 Latinos-...ne
1497 2535 1537 2565 ab
1554 2536 1670 2573 legatis
1688 2535 1817 2575 quidem

384 2584 469 2619 giuti
487 2588 620 2612 rantum
638 2583 744 2612 tribus
761 2588 937 2611 memorat.
981 2581 1021 2611 Et
1039 2590 1078 2609 cx
1123 2581 1278 2609 rimandis
1300 2577 1480 2616 abstinuit]
1530 2578 1617 2608 Fecit
1644 2585 1680 2608 nt
1708 2578 1818 2609 Latini

386 2626 529 2655 Liviana*
554 2625 701 2655 mantile
725 2625 821 2655 variis
845 2624 938 2660 locis,
958 2634 1078 2664 nempe
1125 2634 1166 2653 no
1183 2624 1224 2653 :ib
1242 2624 1357 2663 legatis
1373 2622 1506 2661 quidun
1533 2621 1691 2651 violandis
1710 2632 1744 2651 se
1761 2622 1819 2652 ab·

383 2669 440 2699 w.
459 2672 488 2698 5.
504 2668 578 2698 vn.
601 2672 648 2699 15.
663 2668 755 2698 vm.
778 2671 825 2701 17.
844 2668 903 2698 lx.
919 2669 971 2698 ¹20.
989 2667 1030 2697 X.
1045 2672 1077 2701 9,
1122 2667 1297 2696 stoicum.

383 2717 418 2742 et
434 2712 523 2751 Epir.
542 2711 562 2741 l.
581 2711 671 2741 xlx.
699 2712 856 2741 discimus
878 2710 1079 2749 qnatuordc-
1168 2712 1209 2741 911·
1242 2711 1284 2740 Ιιι
1307 2710 1430 2746 ingemi
1452 2709 1560 2747 gloria
1583 2706 1662 2746 nese]
1699 2707 1819 2748 scripti

384 2757 448 2786 cim
480 2755 614 2785 diversis
650 2755 854 2794 temporibus
887 2754 993 2784 tribus
1023 2754 1079 2784 ad-
1125 2754 1258 2792 qnidam
1283 2758 1318 2782 ct
1341 2754 1546 2793 Campanus,
1565 2753 1720 2791 ignorant
1736 2761 1818 2793 pra·-

377 2800 487 2837 jvctas
510 2808 599 2828 esse:
630 2799 677 2827 ita
702 2806 751 2834 ut,
776 2799 800 2827 si
827 2807 915 2826 nunc
939 2797 1081 2835 triginta
1125 2797 1336 2837 positionem.

383 2850 417 2872 et
447 2851 513 2872 una
544 2841 665 2879 forent,
698 2850 812 2872 carum
849 2841 1079 2872 universarum
