1991 3250
187 472 228 503 U.
245 472 281 502 C.
297 475 373 507 319.

182 518 221 547 A.
240 516 276 546 C.
291 519 365 547 4:33.

184 560 231 589 M.
247 561 361 589 Corne-

184 602 240 638 lio,
254 603 288 632 L.
304 604 362 632 Pa-

185 646 267 686 pirio
283 647 367 676 Coss.

183 712 377 744 Pestilentia.

399 141 475 176 252
936 137 1082 175 TITl-
1116 137 1287 175 LIVII

397 253 487 279 sare
510 238 554 280 in
573 252 721 280 omnes
743 239 964 294 opiniones
987 240 1112 282 licet:
1144 253 1274 294 quum
1307 246 1459 281 auctor
1485 250 1658 296 pugnas,
1679 254 1824 282 recen-

397 298 511 336 tibus
532 295 678 352 spoliis
704 297 745 336 in
770 310 887 337 sacra
917 297 1014 338 sede
1047 297 1209 352 positis,
1231 296 1385 338 Jovem
1417 310 1551 352 prope
1579 298 1733 353 ipsum,
1754 297 1827 338 cui

398 363 497 393 vota
517 362 650 402 erant,
675 351 991 408 Romulumque
1023 353 1205 403 intuens,
1228 350 1338 393 haud
1371 353 1627 408 spernendos
1658 353 1751 394 falsi
1773 353 1828 394 ti-

399 409 472 449 tuli
498 418 639 458 testes,
663 422 706 449 se
724 405 802 449 ΤΑ.
827 408 1071 449 Cornelium
1098 409 1278 450 Cossum
1303 409 1519 450 consulem
1543 410 1773 464 scripserit.

456 465 593 506 XXI.
627 464 691 504 M.
713 464 915 506 Cornelio
941 465 1254 520 Maluginense,
1279 466 1324 506 L.
1350 466 1523 521 Papirio
1545 466 1700 507 Crasso
1721 480 1827 507 con-

400 522 576 572 sulib-us,
595 522 807 562 exercitus
840 523 882 562 in
915 536 1064 577 agrum
1103 523 1319 563 Veientem
1351 531 1416 563 ac*
1436 523 1643 564 Faliscum
1677 522 1823 564 ducti:

402 579 557 633 praedae
581 579 744 619 abactae
770 578 990 618 hominum
1015 593 1327 634 pecorumque:
1361 579 1495 620 bostis
1519 580 1558 620 in
1592 580 1700 635 agris
1731 593 1832 619 nus·

401 650 526 690 quam
562 635 771 683 inventus,
804 649 939 689 neque
970 635 1187 689 pugnandi
1219 636 1344 689 copia
1374 635 1501 676 facta.
1532 637 1657 677 urbes
1686 646 1827 676 tamen

403 706 486 734 non
508 692 785 746 obpugnatae‚
808 694 908 745 quia
931 692 1169 746 pestilentia
1189 691 1393 746 populum
1417 693 1584 733 invasit.
1651 692 1702 732 Et
1723 691 1830 732 sedi-

403 749 540 789 tiones
563 747 676 788 domi
702 749 894 801 quaesiiae
927 758 1038 796 sunt,
1062 762 1139 794 nec
1162 761 1289 788 motae
1313 758 1466 799 tamen,
1485 751 1538 789 ab
1570 749 1645 803 Sp.
1678 747 1830 789 Maelio

402 805 574 859 tribuno
598 804 757 858 plebi53
789 805 876 858 qui,
898 803 1042 844 savo-re
1063 805 1247 845 nominis
1274 815 1489 846 moturum
1512 819 1555 846 se
1584 805 1745 859 aliquid
1766 818 1831 844 ra-

348 886 353 899 .
398 860 484 912 tusj
503 871 545 901 et
570 860 768 901 Minucio
791 862 902 901 diem
933 862 1113 911 dixerat,
1135 871 1177 901 et
1200 863 1465 916 rogationem
1488 862 1540 903 de
1564 861 1830 916 publicandis

182 1309 227 1341 U.
240 1310 276 1340 C.
295 1312 367 1340 320.

183 1354 224 1384 Α.
241 1353 277 1383 C.
290 1356 363 1383 1132.

184 1398 219 1426 C.
236 1397 322 1426 Julio
342 1397 382 1425 11.

183 1441 219 1471 1..
232 1439 374 1479 Virginio

183 1484 269 1515 Coss

181 1681 308 1712 Bellum

183 1735 254 1754 cum
270 1724 359 1754 Fide-

184 1767 310 1798 natibus
325 1772 355 1797 et

182 1810 376 1841 Veientibus.

398 918 521 958 bonis
554 917 720 957 Servilii
744 917 892 957 Ahalae
926 918 1102 958 tulerat:
1145 917 1259 958 falsis
1292 918 1541 959 criminibus
1571 933 1594 959 a
1629 917 1829 959 Minucio

396 976 735 1016 circumventum
773 973 967 1014 Maelium
1001 989 1196 1029 arqunS,
1228 974 1406 1015 Servilio
1436 976 1597 1016 caedem
1629 974 1733 1015 civis
1765 974 1830 1014 in-

395 1031 584 1072 demnati
608 1028 831 1085 objiciens.
860 1031 984 1086 6quae
1009 1032 1181 1071 vaniora
1212 1031 1262 1071 ad
1296 1030 1500 1086 populum
1532 1032 1624 1086 ipso
1654 1041 1831 1072 auctore

396 1087 528 1128 fuere.
589 1086 789 1127 Ceterum
824 1088 956 1143 inagis
989 1088 1051 1128 vis
1084 1087 1220 1128 morbi
1252 1088 1550 1143 ingravescens
1580 1102 1693 1129 curae
1725 1095 1830 1138 erat,

397 1156 661 1198 terroresque
699 1158 749 1184 ac
792 1145 1012 1199 prodigia3
1054 1145 1238 1184 maxime
1279 1145 1391 1199 quod
1441 1145 1600 1186 crebris
1641 1144 1830 1186 motibus

397 1212 518 1242 terrae
544 1215 661 1241 ruere
683 1201 723 1240 in
747 1200 859 1256 agris
884 1201 1194 1241 nunciabantur
1215 1211 1341 1241 tecta.
1401 1201 1656 1242 Obsecratio
1687 1201 1831 1255 itaque

395 1273 420 1298 a
439 1257 614 1312 populo,
646 1261 660 1283 ⁷
677 1257 909 1298 duumviris
935 1260 948 1279 ὃ
965 1258 1268 1312 praeeuntibuS,
1289 1267 1352 1298 est
1374 1256 1502 1298 facta.
1562 1257 1831 1298 Pestilentior

399 1316 496 1355 inde
537 1329 687 1362 annus,
723 1314 774 1354 C.
808 1314 926 1355 Julio
969 1316 1119 1354 iterum
1162 1324 1205 1354 et
1245 1314 1292 1354 L.
1337 1313 1531 1370 Virginio
1569 1313 1830 1364 consulibus,

397 1377 586 1411 9tantum
614 1380 772 1410 metum
795 1371 1004 1410 vastitatis
1027 1371 1067 1410 in
1094 1372 1196 1411 urbe
1217 1371 1414 1426 agrisque
1434 1371 1550 1422 fecit,
1572 1381 1615 1411 ut
1637 1385 1720 1411 non
1741 1384 1831 1410 mo·

399 1429 454 1469 do
478 1427 692 1482 praedandi
714 1442 861 1468 caussa
881 1427 1102 1482 quisquam
1126 1441 1178 1468 ex
1202 1441 1302 1482 agro
1334 1426 1530 1467 Romano
1562 1442 1645 1468 non
1678 1426 1829 1476 exiret,

403 1486 550 1526 bellive
572 1484 776 1524 inferendi
805 1478 1005 1524 memoria
1028 1483 1227 1524 Patribus
1248 1494 1321 1523 aut
1352 1483 1632 1538 plebi'esset3
1662 1485 1734 1525 sed
1766 1481 1827 1523 ul-

400 1551 464 1583 tro
487 1542 726 1590 Fidenates,
747 1541 817 1595 qui
843 1555 885 1580 se
908 1541 1044 1595 primo
1066 1552 1138 1580 aut
1159 1540 1333 1595 oppid0‚
1350 1552 1423 1581 aut
1455 1541 1686 1590 montibus,
1710 1545 1740 1566 ¹⁰
1756 1548 1830 1580 aut

399 1599 530 1639 muris
565 1607 801 1648 tenuerant,
833 1597 1121 1652 populabundi
1154 1597 1457 1637 descenderent
1486 1598 1526 1637 in
1559 1611 1707 1652 agrum
1742 1595 1831 1637 Ro-

399 1669 587 1696 manum.
617 1653 784 1703 deinde,
823 1654 1063 1694 Veientium
1101 1653 1288 1694 exercitu
1324 1654 1482 1702 adeito,
1515 1659 1631 1705 (nain
1674 1652 1828 1694 Falisci

399 1711 574 1768 perpelli
598 1711 650 1751 ad
672 1710 993 1751 instaurandum
1018 1709 1189 1760 bellum,
1213 1723 1348 1764 neque
1369 1710 1488 1751 clade
1521 1710 1830 1760 Romanorum,

399 1782 535 1824 neque
555 1768 765 1809 sociorum
799 1768 1009 1822 precibus,
1032 1768 1226 1822 potuere)
1248 1767 1332 1807 duo
1363 1766 1509 1822 populi
1541 1767 1739 1808 transiere
1769 1763 1829 1806 A-

396 1826 595 1875 nienem;
636 1833 764 1878 atque
795 1824 907 1864 haud
942 1823 1089 1878 procul
1121 1822 1289 1864 Collina
1324 1833 1446 1878 porta
1477 1823 1598 1879 signa
1628 1822 1827 1864 habuere.

399 1882 676 1938 Trepidatum
701 1883 856 1935 itaque,
880 1896 965 1921 non
988 1882 1031 1921 in
1061 1882 1174 1936 agris
1206 1880 1357 1935 magis,
1378 1894 1504 1935 quam
1539 1882 1581 1921 in
1613 1881 1727 1928 urbe,
1751 1888 1830 1920 est.

397 1939 538 1982 Julius
557 1938 705 1979 consul
729 1938 769 1977 in
801 1952 958 1993 aggere
989 1938 1202 1992 murisque
1232 1936 1421 1992 explicat
1452 1938 1612 1993 copias.
1633 1952 1658 1978 a
1690 1935 1829 1990 Virgi-

397 1997 472 2039 uio
499 2005 668 2037 senatus
703 1994 747 2035 in
785 1995 876 2036 aede
919 1994 1091 2041 Quirini
1133 1993 1381 2035 consulitur.
1441 1993 1713 2035 Dictatore-m
1741 1991 1828 2034 dici

958 2082 972 2104 f
987 2094 1049 2113 sese
1062 2085 1159 2113 Gron.
1175 2084 1264 2113 Crev.

398 2164 598 2203 magistratu
614 2162 818 2202 amplissimo
835 2161 968 2191 functus
993 2165 1092 2198 esset,
1137 2169 1211 2190 rum
1228 2158 1430 2189 custodibus.

397 2212 432 2237 et
448 2207 651 2237 rarissimum
669 2207 702 2235 in
720 2205 804 2234 bello
826 2204 924 2233 ‹lec-us
952 2204 1012 2233 sibi
1038 2214 1091 2243 pe·
1180 2207 1198 2234 8
1224 2202 1467 2240 Proeemztibus]
1486 2201 1620 2232 Cei-tam
1637 2201 1825 2238 verborum,

395 2250 548 2290 perisset,
572 2250 721 2288 quamvis
740 2249 796 2278 illa
819 2248 936 2277 decora
959 2246 1092 2277 diversis
1137 2246 1170 2276 in
1201 2255 1273 2284 quae
1299 2246 1482 2274 obsecratio
1514 2246 1621 2283 fieret,
1649 2243 1827 2275 formulam

396 2293 601 2333 temporibus
639 2293 668 2322 ei
707 2292 935 2329 contigissent.
979 2289 1093 2319 Simile

396 2336 586 2376 exemplum
658 2335 721 2364 vid.
789 2334 876 2374 apud
941 2339 1092 2363 nostrum

397 2379 587 2410 xxxvul.
619 2381 670 2410 35.
725 2378 805 2416 Haee
839 2377 952 2407 omnia
987 2376 1091 2406 fusius

398 2433 419 2453 a
451 2423 622 2453 Perizonio
660 2426 804 2451 tractata
841 2420 947 2460 legere
983 2428 1091 2459 operae

398 2467 544 2507 pretium
562 2471 622 2495 est.

443 2510 461 2539 G
484 2509 568 2549 ‚Qum
585 2506 732 2545 vaniora]
758 2506 956 2546 Quanquam
981 2505 1034 2535 hie
1050 2505 1092 2535 ir-

399 2552 479 2582 ritos
494 2553 593 2582 fuisse
609 2551 732 2581 tribuni
759 2554 894 2580 conatus
919 2549 1030 2579 Livius
1046 2548 1094 2578 af-

399 2596 522 2632 firmat,
549 2603 661 2624 tamen
686 2593 823 2624 Ahalam
853 2592 1026 2623 Servilium
1058 2598 1090 2621 et

398 2637 548 2668 Valerius
567 2638 653 2667 Max.
673 2637 693 2666 l.
713 2637 750 2667 V.
770 2648 798 2667 c.
816 2639 845 2666 3.
869 2636 1031 2666 custodita,-
1054 2637 1091 2665 11*-

401 2681 531 2712 berlaeis
546 2683 660 2710 cii-ium
672 2690 784 2720 pierias
799 2681 894 2709 aritio
907 2689 963 2709 suo
974 2688 1090 2718 pepen-

399 2725 479 2754 dis-se
501 2724 626 2760 (radim
651 2729 683 2753 et
709 2724 824 2754 Cir-ero
847 2732 905 2762 pro
929 2723 1038 2758 domo,
1057 2731 1088 2751 n.

402 2770 453 2798 86.
481 2768 610 2806 pulsum
640 2767 731 2800 urbe,
749 2767 782 2795 in
809 2775 948 2804 eamque.
973 2765 1092 2796 deinde

402 2811 593 2842 restitutum
612 2816 782 2839 memorat.

445 2857 461 2888 7
488 2853 697 2891 Duzcnwirc's]
724 2851 895 2884 Librorum
917 2851 1092 2891 Sibyllino-

1136 2289 1226 2328 prius
1251 2289 1479 2326 recitantibus,
1497 2298 1569 2327 quae
1595 2288 1733 2319 totidem
1758 2296 1829 2316 ver-

1137 2332 1184 2362 bis
1201 2332 1251 2361 vel
1268 2342 1286 2360 a
1304 2333 1437 2371 populo,
1453 2331 1502 2361 vel
1519 2342 1538 2361 a
1558 2332 1753 2370 magistratu
1769 2329 1830 2360 ali-

1136 2385 1201 2414 quo
1217 2375 1404 2405 referretur.
1449 2375 1550 2405 Moris
1567 2375 1686 2415 quippe
1710 2374 1829 2404 Roma.

1138 2419 1186 2448 nis
1202 2425 1286 2455 erat,
1304 2425 1342 2448 ut
1365 2419 1399 2448 in
1423 2417 1653 2448 devotionibus
1678 2417 1711 2446 in
1727 2417 1828 2446 soede-

1136 2462 1224 2491 ribus
1263 2461 1461 2498 sanciendis,
1491 2467 1525 2490 et
1556 2460 1628 2490 aliis
1664 2459 1827 2498 ejusmodi

1136 2506 1252 2535 ritibus
1268 2505 1368 2534 saeris
1385 2502 1592 2544 peragendis,
1603 2502 1751 2543 pontifex
1767 2502 1828 2532 ali-

1135 2550 1220 2587 quis,
1236 2552 1294 2577 ant
1309 2546 1472 2584 sacerdos,
1489 2547 1578 2586 prior
1591 2547 1826 2586 pronunciaret

1136 2592 1285 2621 solennia
1302 2591 1409 2628 verba,
1426 2599 1466 2620 ne
1484 2599 1540 2628 per
1557 2590 1721 2619 inscitiam
1737 2588 1825 2619 labe-

1136 2642 1227 2665 retur
1243 2635 1282 2671 is,
1298 2635 1352 2673 qui
1370 2643 1410 2664 ea
1425 2633 1568 2673 proferre
1584 2632 1734 2663 debebat.
1749 2632 1823 2662 vid.

1135 2678 1157 2708 1.
1173 2677 1266 2708 Vlll.
1284 2681 1314 2711 9.

1176 2726 1196 2755 9
1224 2721 1364 2750 Tantum
1402 2717 1537 2757 metum]
1576 2719 1679 2749 Recte
1709 2726 1823 2749 censet

1135 2764 1218 2796 Tan.
1238 2763 1339 2794 Faber
1354 2762 1607 2803 expungendam
1624 2771 1694 2793 esse
1710 2770 1825 2794 vocem

1136 2813 1271 2838 metum.

1184 2850 1325 2882 10¹*Aue
1342 2847 1458 2889 muris]
1486 2847 1716 2880 Castellorum.
