1925 3239
602 116 722 155 LIB.
749 113 801 152 X.
839 115 968 152 CAP.
996 113 1101 151 XLI.
1490 118 1561 156 601

133 218 346 261 retineret.
407 217 583 273 Quippe
611 217 655 257 in
678 216 811 257 oculis
833 225 922 257 erat
944 215 1084 256 omnis
1118 215 1185 255 ille
1209 214 1365 256 occulti
1399 226 1566 270 paratus
1581 229 1623 260 U,
1644 228 1679 259 C.
1697 231 1772 262 459.

132 276 256 326 sacri,
286 285 329 316 et
358 275 509 316 armati
540 273 794 324 sacerdotes,
825 282 869 313 et
902 273 1145 327 promiscua
1183 271 1405 312 hominum
1444 287 1570 328 pecu·
1584 272 1673 306 A.,C.
1693 273 1765 308 29³,

132 333 321 387 dumque
355 342 532 387 strages,
551 341 593 371 et
625 344 823 385 respersae
854 331 885 356 ⁶⁸
900 329 1030 370 fando
1064 328 1332 383 nefandoque
1365 330 1571 384 sanguine

132 403 234 440 arae,
256 400 300 430 et
320 388 411 429 dira
431 387 685 436 exsecratio,
707 402 756 427 ac
777 385 927 427 furiale
948 400 1134 434 carmen,
1156 385 1417 426 detestandae
1447 387 1571 426 lami-

133 445 202 486 liae
234 446 441 500 stirpique
475 443 780 500 compositum.
801 443 867 484 his
898 442 1079 483 vinculis
1113 442 1227 497 fugae
1261 442 1456 482 obstricti
1488 452 1571 482 sta-2

135 502 255 553 bant,
276 503 413 543 civem
438 501 589 557 magis,
610 514 737 554 quam
759 500 942 550 hostem,
965 500 1178 539 timentes.
1227 497 1390 539 Instare
1412 498 1572 539 Roma-

134 573 215 603 nus
236 572 261 599 a
283 572 417 600 cornu
439 567 633 612 utroque,
648 572 672 597 a
694 557 832 597 media
852 557 958 607 acie,
972 565 1015 596 et
1035 556 1199 596 caedere
1223 554 1413 596 Deorum
1435 555 1573 596 homi-

135 629 324 671 numque
344 614 560 656 adtonitos
585 623 715 654 metti.
739 623 1000 668 repugnatur
1022 613 1222 667 segniter,
1245 621 1292 652 ut
1313 613 1366 652 ab
1390 611 1573 666 iis,quos

130 672 265 713 timor
285 682 518 713 moraretur
538 685 564 711 a
586 670 702 726 fuga.
760 670 859 712 Jam
885 683 1016 725 prope
1037 670 1089 710 ad
1113 670 1234 723 signa
1256 669 1393 710 caedes
1426 682 1572 724 perve-

135 739 271 780 nerat,
290 744 418 784 quum
439 743 495 770 ex
519 737 757 768 transverso
782 726 934 782 pulviS,
958 725 1072 767 velut
1094 726 1280 781 ingentis
1303 725 1486 781 agminis
1509 726 1573 764 in-

135 799 260 827 cessu
301 795 458 836 motus,
494 785 705 840 adparuit.
767 784 842 839 Sp,
877 783 1059 824 Nautius
1093 783 1345 834 (Octavium
1387 781 1572 822 Matium

133 843 311 897 quidam
333 857 430 883 eum
451 842 641 892 tradunt)
662 842 749 882 dux
772 840 954 883 alaribus
970 840 1219 881 cohortibus
1236 848 1337 878 erat.
1353 838 1572 892 pulverem

132 899 357 954 majorem,
388 913 514 953 quam
549 912 626 954 pro
660 911 851 948 numero,
873 897 1144 938 excitabant:
1188 895 1417 936 insidentes
1450 894 1574 935 mulis

135 956 305 997 calones
329 956 552 997 frondosos
575 969 713 996 ramos
736 968 810 1009 per
834 964 989 995 terram
1013 953 1262 994 trahebant:
1295 967 1411 992 arma
1431 952 1573 1007 signa-

135 1027 220 1067 que
241 1027 314 1067 per
336 1012 546 1053 turbidam
579 1011 718 1052 lucem
752 1011 795 1052 in
827 1011 966 1066 primo
999 1010 1286 1066 adparebant:
1319 1017 1418 1064 post
1449 1009 1575 1049 altior

137 1070 393 1124 densiorque
417 1067 552 1125 pulvis
573 1069 765 1124 equitum
789 1068 974 1123 speciem
994 1067 1240 1123 cogentium
1258 1079 1413 1120 agmen
1431 1065 1574 1106 dabat.

142 1125 394 1180 Fefellitque
428 1141 512 1167 non
546 1125 758 1166 Samnites
797 1124 938 1174 modo,
972 1125 1045 1165 sed
1082 1123 1210 1164 etiam
1244 1121 1488 1164 Romanos:
1533 1130 1577 1162 et

138 1184 286 1223 consul
310 1183 550 1224 adfirmavit
571 1197 770 1232 errorem,
791 1181 1015 1222 clamitans
1048 1180 1158 1221 inter
1190 1179 1325 1234 prima
1357 1179 1494 1234 signa,
1516 1179 1578 1220 ita

140 1250 187 1279 ut
212 1255 293 1280 vox
318 1242 443 1281 etiam
479 1239 532 1280 ad
563 1239 706 1280 hostes
740 1238 966 1287 accideret,
989 1244 1150 1292 captum
1186 1235 1429 1287 Cominium,
1450 1235 1577 1276 victo-

140 1311 222 1339 rem
242 1295 434 1353 collegam
463 1296 625 1345 adesse3
654 1295 934 1336 adniterentur
963 1295 1117 1335 vincere
1144 1293 1272 1348 priuS,
1294 1307 1414 1347 quam
1442 1291 1577 1347 gloria

143 1353 314 1394 alterius
340 1353 530 1394 exercitus
544 1353 682 1405 fieret.
745 1351 856 1393 Haec
889 1351 1074 1392 insidens
1106 1365 1231 1405 equo.
1265 1349 1363 1389 inde
1400 1349 1576 1390 tribunis

140 1411 548 1465 centurionibusque
579 1410 774 1464 imperat,
806 1418 852 1449 ut
887 1409 1023 1449 viam‘
1053 1408 1268 1462 equitibus
1302 1405 1577 1461 patefaciant.

144 1466 244 1522 Ipse
264 1466 480 1507 Trebonio
504 1466 781 1519 Caedicioque
802 1465 1074 1521 praedixerat,
1096 1474 1156 1514 ut,
1178 1464 1253 1504 ubi
1281 1478 1325 1504 se
1357 1462 1578 1517 cuspidem

140 1534 325 1564 erectam
360 1525 624 1578 quatientem
656 1523 875 1574 vidissent,
907 1530 1066 1576 quanta
1095 1521 1284 1561 maxima
1316 1519 1356 1560 vi
1393 1529 1579 1575 possent,

133 1581 408 1621 ¹concitarent
427 1581 590 1635 equites
612 1581 655 1621 in
676 1579 860 1620 hostem.
891 1578 960 1620 Ad
986 1588 1134 1618 nutum
1157 1577 1316 1628 omnia,
1336 1586 1384 1616 ut
1405 1591 1458 1616 ex
1479 1585 1580 1616 ante

143 1648 399 1693 praeparato,
422 1637 546 1678 fiunt.
569 1636 813 1692 panduntur
845 1636 954 1676 inter
987 1635 1152 1676 ordines
1183 1635 1290 1674 viae:
1323 1632 1518 1688 provolat
1539 1647 1582 1673 e-

144 1708 263 1749 ques,
285 1705 412 1749 atque
446 1694 611 1735 infestis
643 1693 891 1748 cuspidibus
915 1692 958 1732 in
982 1691 1168 1732 medium
1205 1704 1358 1745 agmen
1394 1689 1583 1730 hostium

143 1751 226 1791 ruit
238 1768 250 1802 ς
265 1751 586 1807 perrumpitque
599 1750 782 1800 ordines,
793 1762 1061 1804 quacumque
1074 1749 1266 1803 inpetum
1281 1747 1411 1787 dedit.
1424 1746 1585 1786 instant

145 1807 401 1849 Volumnius
423 1820 465 1848 et
485 1808 646 1863 Scipio,
668 1816 712 1847 et
734 1806 947 1862 perculsos
970 1814 1179 1845 sternunt.
1210 1803 1334 1854 Tum,
1350 1803 1444 1857 jam
1467 1802 1583 1844 Deo·
1595 1818 1773 1848 νῑοῑὶεειιῃ-ἶ

144 1879 237 1906 rum
275 1864 582 1919 hominumque
618 1865 733 1904 victa
770 1863 826 1913 vi,
864 1862 1101 1903 funduntur
1134 1861 1321 1901 linteatae
1360 1859 1686 1900 cohortesznites·

146 1922 305 1978 pariter
330 1922 463 1976 jurati
496 1921 756 1976 injuratique
794 1919 980 1975 fugiunt,
1013 1932 1091 1960 nec
1127 1931 1397 1972 quemquam,
1431 1925 1585 1971 praeter

143 1979 304 2028 hosteS,
327 1987 536 2022 metuunt.
566 1980 598 2005 ⁶9
615 1977 812 2018 Peditum
835 1990 1004 2032 agmen,
1026 1975 1138 2030 quod
1172 1973 1380 2028 superfuit
1413 1987 1584 2028 pugnae,

147 2035 191 2076 in
214 2044 353 2076 castra
374 2034 426 2075 ad
448 2034 724 2089 Aquiloniam
756 2032 1024 2087 compulsum
1056 2041 1136 2072 cst.
1167 2031 1368 2071 nobilitas
1398 2030 1583 2084 equites-

148 2106 232 2147 que
257 2092 498 2133 Bovianum
535 2091 835 2147 pel‘fugerunt:
874 2090 1035 2144 equites
1068 2102 1196 2143 eques
1231 2087 1434 2141 sequitur,
1466 2087 1585 2140 pedi-

146 2159 234 2190 tem
267 2149 419 2203 pedes:
450 2163 500 2189 ac
532 2148 699 2189 diversa
732 2161 905 2197 cornua,
927 2147 1125 2186 dextrum
1159 2144 1210 2185 ad
1245 2152 1382 2184 castra
1414 2143 1584 2183 Sainni÷

147 2207 270 2255 tium,
294 2205 447 2246 laevum
469 2204 521 2245 ad
544 2206 693 2252 urbem
717 2203 868 2249 tendit.
930 2202 1053 2243 Prior
1074 2201 1293 2256 aliquanto
1327 2199 1583 2240 Volumnius

150 2272 290 2303 castra
311 2262 450 2317 cepit:
482 2261 535 2312 ad
567 2262 716 2302 urbem
748 2260 938 2314 Scipioni
971 2258 1132 2313 majore
1164 2257 1369 2297 resistitur
1399 2257 1467 2306 vi,
1498 2270 1584 2296 non

148 2321 252 2374 quia
281 2318 374 2373 plu-s
404 2318 535 2358 animi
567 2318 691 2359 victis
721 2326 800 2368 est,
821 2316 892 2357 sed
925 2315 1081 2366 melius·
1103 2314 1223 2363 muri,
1254 2327 1380 2368 quam
1413 2312 1584 2363 vallum,

151 2385 336 2416 armatos
359 2384 518 2423 arcent,
542 2374 638 2415 inde
660 2374 871 2429 lapidibus
903 2372 1152 2428 propulsant
1182 2370 1363 2411 hostem.
1424 2369 1583 2424 Scipio,

149 2433 233 2474 nisi
256 2433 296 2478 in
321 2432 459 2487 primo
480 2445 652 2486 pavore,
675 2431 915 2487 priusquam
937 2429 1259 2484 conlegerentur
1289 2425 1420 2467 animi
1452 2435 1585 2466 trans-

706 2538 718 2553 ¹·
741 2534 806 2563 vias
824 2533 920 2562 Gron.
937 2532 1028 2562 Crev.

189 2619 388 2651 '68¹‘Famlo
433 2618 633 2660 nefandoque
668 2616 843 2657 sanguine]
893 2617 950 2647 sed
964 2617 1045 2656 quad
1071 2618 1140 2655 ejus
1164 2614 1324 2655 superfuit
1344 2624 1476 2654 pngnoe.
1523 2614 1587 2644 Εοφ

155 2663 198 2693 Et
213 2664 373 2703 sanguine
392 2663 571 2703 pecudum,
589 2672 687 2701 quem
711 2661 759 2690 fas
776 2669 849 2691 erat
893 2661 968 2690 dem
986 2661 1052 2690 fere
1071 2659 1166 2689 modo
1182 2658 1314 2699 locutus
1330 2665 1378 2688 est
1402 2658 1513 2688 Livius
1531 2668 1585 2687 su-

153 2706 275 2743 fundi3
299 2710 332 2736 et
347 2707 523 2737 hominum
541 2706 717 2744 sanguine,
733 2705 788 2743 qui
807 2705 849 2734 si·
894 2714 964 2743 pra,
994 2703 1032 2732 V.
1055 2705 1108 2734 34.
1154 2703 1199 2739 Is,
1223 2702 1306 2741 quod
1328 2703 1377 2732 his
1404 2712 1443 2732 ea·
1461 2702 1585 2740 populis

153 2759 194 2780 ne
209 2749 331 2779 scelere
346 2750 473 2780 effundi
490 2758 555 2779 non
573 2755 714 2789 poterat.
887 2747 1085 2781 abundabat,
1100 2745 1283 2784 Bituriges,
1300 2745 1469 2776 Arvernos.
1508 2743 1581 2774 x'isl.

196 2793 237 2827 69
262 2792 420 2823 Peditum
437 2802 570 2832 agmen,
587 2792 669 2831 quod
686 2789 845 2831 superfuit
891 2797 925 2821 et
939 2789 1025 2820 infra
1039 2789 1160 2820 xxw.
1181 2792 1231 2820 33.
1493 2785 1496 2787 ’

147 2835 283 2876 pugnoe]
310 2836 467 2868 Peditum
483 2845 616 2875 agmen,
634 2844 700 2866 nou
723 2837 845 2872 totum,
