1914 3239
277 95 336 132 3'0
823 89 966 130 ΤΙΤῙ
1004 88 1178 129 LIVII

61 206 149 238 sarii.
280 192 459 247 aliisque
493 190 748 233 ceremoniis
785 189 1050 232 venerabiles
1083 204 1134 231 ac
1167 196 1335 229 sanctas
1367 185 1487 228 fecit.
1527 190 1559 216 ³⁷
1580 185 1718 227 Salios

280 249 385 290 item
417 248 647 290 duodecim
679 247 816 288 Marti
845 251 878 272 ³⁸
894 247 1087 288 Gradivo
1109 245 1240 301 xlegit,
1263 252 1295 274 39
1313 243 1558 298 tunicaeque
1588 243 1720 298 picta:

280 306 452 361 insigne
481 305 615 354 dedit,
637 311 682 344 et
711 317 838 359 super
869 303 1060 343 tunicam
1093 316 1260 342 aeneum
1287 299 1452 356 pectori
1486 308 1718 354 tegumen:

280 361 562 415 coelestiaque
593 374 726 409 arma,
751 374 847 414 quae
881 364 913 384 ⁴⁰
928 358 1086 399 ancilia
1115 357 1400 412 adpellantur,
1423 355 1547 404 ferre,
1568 369 1618 396 ac
1649 368 1723 410 per

280 419 429 459 urbem
456 418 516 458 ire
537 425 738 458 canentes
769 414 960 456 carmina
989 427 1088 455 cum
1112 414 1309 469 tripudiis
1331 411 1613 465 sollemnique
1643 410 1724 451 sal-

281 483 374 515 tatu
419 473 567 528 jussit.
638 478 667 498 ⁴¹
687 471 948 512 Pontificem
997 470 1152 511 deinde
1201 477 1233 497 ⁴⁹
1248 469 1439 511 Numam
1490 467 1724 516 Marcium,

281 530 425 571 Marci
461 530 613 577 filium,
651 542 705 568 ex
747 528 949 568 Patribus
985 526 1107 582 legit,
1144 526 1268 580 eique
1290 540 1427 566 *saera
1466 524 1614 565 omnia
1650 537 1726 563 ex-

282 588 445 641 scripta
486 591 516 611 ⁴³
533 584 849 638 exsignataque
890 582 1125 633 adtribuit3
1166 583 1323 636 quibus
1362 582 1530 631 hostiis,
1569 580 1726 635 quibus

282 642 448 691 dicbus,
483 641 535 681 ad
573 654 670 695 quae
706 639 867 694 templa
905 653 1024 681 sacra
1062 639 1228 689 fierent,
1261 648 1389 693 atque
1425 638 1538 678 unde
1575 637 1616 676 in
1655 649 1728 676 eos

283 709 449 738 sumtus
476 697 660 751 pecunia
690 702 953 751 erogaretur.
1015 695 1170 736 Cetera
1192 709 1364 749 quoque
1385 695 1532 735 omnia
1554 691 1731 748 publica

285 755 538 810 privataque
559 766 678 793 sacra
695 751 923 792 Pontificis
940 751 1058 792 scitis
1075 751 1286 806 subJecit:
1314 759 1360 792 ut
1375 760 1500 801 esset,
1519 764 1605 805 quo
1624 763 1728 790 con·

286 810 444 851 sultum
471 809 615 865 plebes
637 809 830 859 veniret3
867 822 920 848 ne
939 808 1042 863 quid
1065 807 1197 848 divini
1215 807 1341 861 juris,
1364 806 1625 861 negligendo
1655 820 1731 860 pa-

287 867 393 907 trios
435 867 555 917 ritus,
599 866 933 920 peregrinosque
975 864 1271 914 adsciscendo,
1314 865 1569 905 turbaretur.
1636 862 1732 903 Nec

288 923 487 964 coelestes
511 922 639 963 modo
672 922 953 972 ceremonias,
977 921 1048 962 sed
1077 921 1199 975 justa
1219 935 1392 976 quoque
1414 918 1614 960 funebria
1644 917 1735 974 pla-

288 980 536 1034 candosque
560 978 731 1029 Manes,
749 988 794 1019 ut
819 978 931 1019 idem
959 977 1164 1018 Pontifex
1184 978 1404 1027 edoceret-,3
1431 989 1615 1031 quaeque
1636 989 1734 1029 pro-

288 1037 420 1091 digia,
458 1035 712 1077 fulminibus
745 1035 885 1076 aliove
920 1048 1006 1089 quo
1037 1034 1159 1074 visuz
1192 1034 1334 1085 missa,
1372 1038 1403 1058 ⁴⁴
1418 1032 1735 1086 susciperentur

288 1102 417 1148 atque
439 1096 754 1134 ‘¹⁵curarentur:
795 1091 846 1132 ad
878 1106 929 1133 ea
964 1090 1176 1133 elicienda
1214 1105 1268 1132 ex
1308 1090 1524 1132 mentibus
1561 1087 1734 1137 divinis,

288 1149 391 1192 Jovi
423 1148 561 1191 Elicio
593 1163 708 1191 aram
740 1149 783 1190 in
807 1148 1027 1189 Aventino
1058 1147 1233 1199 dicavit,
1258 1148 1487 1202 Deumque
1518 1144 1738 1186 consuluit

291 1206 496 1261 auguriis,
517 1211 662 1260 45quae
687 1205 960 1260 suscipienda
981 1213 1136 1246 essent.
1702 1209 1704 1211 ’

348 1261 489 1304 ΧΧΙ.
530 1261 599 1303 Ad
630 1262 726 1303 haec
752 1261 1036 1303 consultanda
1065 1260 1436 1316 procurandaque,
1460 1256 1738 1300 multitudine

293 1320 408 1361 omni
441 1334 466 1361 a
488 1319 529 1360 vi
556 1327 599 1359 et
629 1318 756 1360 armis
788 1333 1007 1368 conversa,
1029 1327 1072 1358 et
1103 1318 1236 1359 animi
1267 1317 1428 1372 aliquid
1460 1315 1631 1372 agendo
1661 1327 1737 1354 oo-

59 491 214 524 Pontifex.

67 879 224 917 Prodigio-

68 933 137 952 rum
161 930 274 961 procu-

70 966 160 995 ratio.

75 1275 148 1310 Pop.
162 1271 226 1301 Ro-

74 1315 158 1345 mani
170 1314 279 1351 religio

75 1362 106 1385 ct
124 1357 279 1397 tranquil-

77 1400 159 1430 [ssas.

859 1440 872 1455 ²
894 1435 957 1464 viso
972 1435 1069 1464 Gron.
1085 1433 1177 1464 Crev.

337 1531 376 1560 :37
408 1525 524 1564 Salios]
565 1525 618 1555 Sic
650 1525 755 1555 dictos
787 1534 807 1555 a
837 1523 999 1562 saliendo,

296 1572 361 1602 sive
376 1569 527 1600 saltando
545 1573 579 1599 et
599 1568 824 1608 tripudiando,

341 1616 381 1644 38
417 1611 573 1650 Gradivo]
601 1612 767 1642 Gradivus
783 1611 873 1641 Mars
889 1610 1000 1651 appel-

298 1658 384 1687 latus
411 1660 463 1686 est
489 1665 507 1684 a
531 1655 712 1694 gradiendo
740 1655 772 1684 in
800 1653 887 1684 bella
912 1654 1001 1684 ultro

298 1701 461 1737 citroque,
475 1699 542 1728 sive
555 1708 573 1727 a
586 1698 769 1728 vibratione
784 1697 901 1735 hastoe,
915 1696 1004 1736 quod

299 1743 406 1773 Graeci
423 1741 540 1771 dicunt
552 1740 716 1782 κςαδαίνειν.
734 1740 872 1771 Funus.

343 1789 385 1819 39
418 1783 548 1815 Tunica*
578 1784 687 1823 pic-tce]
731 1784 870 1815 'rumcae
904 1783 1002 1813 variis

301 1828 465 1859 coloribus
481 1833 515 1858 et
539 1828 653 1866 figuris
671 1827 712 1857 ad
726 1828 866 1866 picturae
887 1825 1006 1856 simili-

302 1872 457 1902 tudinem
488 1875 667 1900 exornatae.
712 1870 845 1900 Tunica
875 1869 1004 1899 brevior

302 1920 338 1944 et
367 1913 558 1944 adstrictior
588 1914 667 1951 fuit,
698 1923 799 1952 quam
830 1918 921 1952 toga,
950 1913 1005 1942 eui

303 1957 565 1997 supponebatur.

347 2004 390 2031 40
412 2001 558 2039 Ancilia]
574 2000 688 2030 Ancile
703 2003 839 2030 sentum
855 2000 952 2029 breve
966 2008 1006 2028 ex

305 2049 448 2082 utroque
475 2043 579 2073 latere
606 2044 764 2079 recisum,
783 2043 832 2073 ita
857 2048 896 2072 nt
917 2052 1008 2072 sum-

306 2096 399 2116 mum
425 2086 647 2123 infimumque
664 2086 765 2115 latius
790 2085 899 2115 medio
915 2092 1008 2125 patc-

307 2134 368 2160 ret.
414 2127 614 2167 Hujusmodi
642 2134 777 2159 scutum
806 2138 823 2158 e
847 2128 929 2158 etr-10
953 2128 1009 2158 de-

308 2173 437 2212 lapsum
466 2175 627 2209 regnante
655 2171 768 2201 Numa
790 2171 1008 2201 fabulantur:

309 2215 398 2254 quod
417 2223 458 2244 ne
476 2214 654 2253 aliquando
671 2218 783 2254 posset
796 2215 931 2254 surripi,
950 2224 1011 2244 un-

308 2258 417 2288 decim
435 2257 557 2287 similia
575 2257 676 2294 sacta,
694 2262 730 2287 ut
756 2258 937 2288 indiscreta
951 2257 1014 2288 hu-

310 2302 402 2331 mani
427 2301 534 2341 operis
555 2300 741 2331 similitudo
766 2300 1014 2331 insidiatoribus

310 2353 444 2374 omnem
470 2344 718 2373 internoscendi
743 2343 902 2374 divinitus
924 2345 1015 2374 missi

312 2387 507 2416 facultatem
521 2386 695 2417 adimeret.
719 2386 801 2416 Vide
815 2386 1014 2426 Dionysium

312 2430 352 2459 de
369 2429 464 2459 Saliis
481 2433 515 2460 et
529 2430 693 2461 ancilibus
708 2429 780 2460 fuse
796 2430 1015 2461 disserentem

312 2473 370 2502 lib.
386 2472 430 2502 Il.

358 2518 393 2544 41
424 2515 634 2555 Pontficein]
665 2514 797 2556 Nempe
815 2516 1015 2554 maximum,

316 2558 394 2590 licet
409 2565 482 2589 tum
498 2559 665 2598 pontificis
681 2560 817 2590 maximi
836 2559 1016 2600 appellatio

315 2599 456 2630 sortasse
486 2602 520 2630 in
547 2612 608 2633 usu
638 2611 703 2633 non
736 2602 849 2633 suerit.
904 2603 1017 2635 Plures

317 2644 407 2673 enim
439 2645 613 2684 pontifices
640 2655 659 2675 a
684 2645 799 2676 Numa
828 2652 955 2678 creatos
984 2651 1018 2677 et

318 2685 373 2715 alii
405 2687 580 2726 scriptores
611 2698 774 2720 consensu
805 2689 956 2726 tradunt.
983 2694 1019 2721 ct

318 2738 356 2758 ex
387 2729 457 2768 ipso
478 2730 573 2760 Livio
596 2731 722 2761 adstrui
748 2737 868 2773 potest.
891 2733 966 2764 vid.
991 2744 1019 2764 c.

319 2775 350 2801 4.
375 2771 396 2801 l.
415 2772 471 2803 lV.
494 2777 593 2812 atque
620 2774 722 2807 etiam
750 2786 779 2807 c.
801 2776 832 2807 6.
854 2776 876 2807 l.
900 2776 941 2807 Χ.
965 2776 1019 2807 ubi

408 2910 426 2927 ἢ

1045 1528 1188 1564 quatuor
1197 1523 1372 1564 pontifices
1385 1533 1423 1554 ea
1433 1527 1635 1564 tempestate
1644 1524 1746 1557 fuisse

1044 1567 1174 1605 scribit,
1194 1577 1296 1606 quum
1322 1573 1436 1597 tamen
1460 1576 1627 1606 nusquam
1651 1577 1746 1599 men-

1044 1611 1172 1641 tionem
1198 1610 1315 1640 fecerit
1341 1610 1430 1640 aucti
1456 1611 1657 1649 pontificum
1684 1621 1747 1642 nu-

1047 1655 1142 1684 meri.
1189 1653 1347 1684 Ceterum
1370 1653 1538 1693 pontifices
1560 1654 1664 1684 dictos
1689 1665 1745 1685 vo-

1047 1698 1122 1728 lunt
1145 1707 1163 1727 a
1187 1702 1284 1736 ponte
1301 1696 1469 1736 faciendo.
1518 1697 1612 1727 Nam
1634 1698 1675 1728 ab
1698 1699 1749 1735 iis,

1048 1741 1159 1779 inquit
1187 1740 1291 1770 Varro
1320 1740 1342 1769 l.
1371 1739 1425 1769 lv.
1457 1739 1495 1769 de
1528 1740 1644 1779 lingua
1675 1740 1749 1772 Lat.

1044 1794 1123 1826 pons
1137 1784 1287 1814 sublicius
1302 1787 1347 1814 est
1358 1783 1477 1821 factus
1487 1785 1639 1824 pra'mum
1656 1788 1686 1814 et
1701 1794 1754 1815 re-

1047 1829 1182 1858 stitutus
1207 1836 1300 1865 soepe,
1317 1837 1418 1866 quum
1448 1828 1516 1858 idco
1539 1831 1570 1858 et
1596 1829 1659 1865 uls,
1683 1828 1750 1857 sive

1048 1870 1152 1908 ultra,
1169 1875 1198 1900 ee
1213 1872 1258 1900 cis
1285 1870 1425 1900 Tiberim
1441 1881 1537 1901 sacra
1556 1880 1620 1900 non
1635 1871 1753 1902 medio·

1050 1917 1098 1944 cri
1113 1915 1181 1944 ritu
1194 1913 1301 1952 fiant.
1349 1913 1474 1944 Eorum
1491 1914 1608 1944 munia
1628 1914 1753 1954 etjura

1051 1957 1224 1996 sigillatim
1241 1957 1379 1996 exponit
1393 1957 1495 1987 Dion.
1514 1958 1535 1987 l.
1556 1956 1599 1987 11.

1095 2002 1137 2030 42
1169 2000 1321 2030 Numam
1374 1999 1558 2039 Marcium]
1616 1999 1753 2031 Veteres

1053 2043 1147 2081 editi,
1162 2042 1292 2073 Numa.
1319 2042 1382 2072 Sed
1397 2043 1513 2074 multis
1528 2044 1645 2084 probat
1663 2045 1757 2084 Sigo-

1054 2087 1129 2116 nius
1153 2087 1187 2116 in
1211 2091 1293 2116 nota
1315 2086 1356 2115 ad
1383 2086 1474 2116 hunc
1497 2087 1622 2123 locum,
1642 2087 1758 2127 legen·

1055 2130 1135 2160 dum
1159 2139 1230 2159 esse
1255 2130 1405 2160 qumam
1423 2142 1431 2158 :
1459 2130 1547 2169 quod
1571 2134 1605 2160 et
1626 2131 1659 2160 in
1683 2131 1757 2170 qui-

1055 2172 1193 2203 busdam
1211 2173 1343 2212 scriptis
1359 2174 1519 2212 reperisse
1541 2183 1577 2203 se
1592 2178 1738 2204 testatur
1750 2186 1758 2202 z

1057 2220 1091 2246 et
1115 2225 1173 2246 nos
1197 2216 1312 2246 itidem
1340 2218 1373 2247 in
1399 2220 1542 2254 quatuor
1561 2218 1682 2248 nostris
1706 2217 1758 2247 in-

1058 2260 1221 2289 venimus,
1790 2257 1792 2259 ’

1103 2305 1143 2333 43
1171 2300 1380 2340 Exsigmlta]
1415 2302 1540 2333 Eodem
1570 2304 1666 2342 signo
1696 2303 1761 2334 im-

1059 2355 1184 2385 pressa,
1201 2355 1265 2383 quo
1289 2351 1324 2376 et
1341 2346 1451 2385 ipsum
1476 2347 1650 2387 exemplar
1669 2346 1762 2378 unde

1058 2389 1225 2427 exscripta
1241 2388 1387 2420 fuerant.

1102 2435 1143 2462 44
1162 2431 1425 2472 Susciperentur]
1440 2432 1681 2464 Judicarentur
1691 2442 1762 2463 esse

1060 2475 1236 2514 ejusmodi,
1248 2480 1288 2506 ut
1303 2485 1417 2505 eorum
1437 2477 1522 2506 ratio
1535 2476 1648 2506 haberi
1665 2476 1764 2507 debe-

1061 2522 1123 2591 ret.
1167 2519 1330 2558 Quaedam
1350 2520 1440 2550 enim
1458 2519 1639 2560 aliquando
1656 2520 1763 2560 negli-

1062 2571 1101 2600 ge
1117 2568 1239 2592 ›antur-

1106 2607 1148 2636 45
1177 2604 1398 2644 carm-entur]
1430 2607 1712 2637 Procurarentur:
1729 2612 1764 2637 et

1062 2648 1110 2678 sic
1126 2648 1264 2678 fortasse
1280 2650 1457 2689 scripserat
1473 2649 1597 2680 LiviuS.
1637 2649 1763 2681 Procu-

1063 2701 1143 2722 rare
1158 2694 1271 2721 antem
1288 2692 1452 2731 prodigia,
1467 2693 1599 2733 expiare
1617 2696 1679 2724 est.

1107 2734 1151 2766 46
1173 2733 1273 2776 Qua]
1299 2735 1463 2776 Quaenam
1480 2735 1642 2777 prodigia.

1831 2565 1868 2741 5*έᾶνὴγῖ
1845 2447 1870 2549 -7.-.
