1991 3250
390 101 466 136 130
936 100 1080 139 ΤΙΤΙ
1117 100 1293 139 LlVII

174 197 455 255 Q.Fab1011.E0
484 212 597 240 anno
619 214 704 242 non
736 203 907 258 segnior
928 204 1140 245 discordia
1170 203 1303 253 domi,
1325 210 1368 243 et
1396 202 1552 246 bellum
1578 204 1678 248 foris
1709 216 1822 249 atro·

174 266 198 293 c
224 267 310 295 sulio
387 255 477 314 cius
511 257 602 298 fuit.
664 259 734 300 Ab
755 260 906 315 AEquis
929 275 1044 302 arma
1066 270 1218 301 sumta.
1259 260 1454 301 Veientes
1477 276 1623 318 agrum
1650 278 1822 320 quoque

173 309 258 339 0⁰⁵⁵·
390 312 685 357 Romanorum
721 317 974 372 populantes
1007 317 1202 359 inierunt.
1249 331 1428 373 quorum
1467 318 1672 361 bellorum
1711 336 1822 363 eres-

174 372 266 424 ue.
285 379 356 405 27³3-
386 381 510 410 cente
532 385 648 423 cura,
673 372 727 415 K.
764 374 915 416 Fabius
936 385 979 415 et
1010 374 1083 429 Sp.
1110 374 1259 415 Furius
1282 374 1476 416 consules
1508 375 1630 416 fiunt.
1690 377 1822 419 Orto-

173 416 212 488 ἓ·
229 417 356 490 ἓξὲξ·
389 441 501 478 nam,
526 428 722 471 Latinam
748 433 911 481 urbem,
933 431 1063 485 AEqui
1088 432 1415 487 obpugnabant.
1474 432 1684 484 Veientes,
1705 435 1822 488 pleni

174 482 273 543 η’,ςρ
302 506 363 534 Fu·
382 483 473 538 jam
506 487 847 540 populationum,
873 488 1057 528 Romam
1089 488 1222 544 ipsam
1257 503 1301 529 se
1332 489 1657 545 obpugnaturos
1688 491 1824 532 mina-

174 546 220 576 rio
235 549 319 577 eoss.
391 543 581 582 bantur²¹.
623 544 710 588 Qui
743 554 934 594 terrores,
964 559 1092 599 quum
1126 559 1395 600 compescere
1425 546 1642 597 deberent,
1666 561 1824 589 auxere

388 599 561 654 insuper
592 601 758 641 animos
798 601 954 656 plebis:
1002 602 1251 657 redibatque
1290 617 1373 642 non
1410 617 1485 643 sua
1521 612 1672 658 sponte
1708 604 1825 659 plebi

385 669 478 695 mos
501 656 764 698 detrectandi
789 658 998 699 militiam.
1038 658 1107 699 sed
1132 659 1207 714 Sp.
1233 659 1421 700 Licinius
1447 660 1641 700 tribunus
1673 661 1824 716 plebis,

387 713 552 753 venisse
583 722 750 769 tempus
775 724 888 755 ratus
921 729 994 769 per
1023 715 1217 756 ultimam
1247 717 1540 757 necessitatem
1565 717 1668 773 legis
1701 733 1824 774 agra-

385 769 460 810 riae
485 769 685 811 Patribus
713 771 1006 827 injungendae,
1029 780 1270 828 susceperat
1292 787 1376 812 rem
1411 773 1633 814 militarem
1659 775 1824 830 inpedi-

383 827 551 867 endam.
613 827 813 869 Ceterum
842 832 872 852 ⁵⁰
894 839 984 870 tota
1007 829 1163 870 invidia
1185 829 1425 870 tribunicioe.
1460 831 1682 885 potestatis
1706 846 1826 873 versa

383 884 425 924 in
450 894 667 926 auctorem
689 894 776 927 est:
808 887 945 927 necin
969 901 1066 928 eum
1093 887 1286 927 consules
1310 887 1461 937 acrius,
1483 902 1612 942 quam
1643 890 1669 911 ⁵¹
1692 889 1824 944 ipsius

383 941 476 995 ejus
499 941 692 998 collegae,
715 944 852 995 coorti
883 954 1005 984 sunt:
1042 943 1288 999 auxilioque
1317 958 1462 984 eorum
1484 944 1696 986 delectum
1718 960 1822 987 con-

383 998 492 1039 sules
525 999 697 1040 habent.
755 1000 823 1042 Ad
847 1001 933 1041 duo
965 1001 1088 1041 simul
1112 1001 1221 1041 bella
1243 1001 1457 1041 exercitus
1488 1001 1702 1042 scribitur.
1745 1003 1823 1044 du-

384 1056 540 1096 cendus
574 1056 708 1098 Fabio
741 1058 782 1098 in
815 1058 996 1113 EEquos,
1026 1058 1069 1098 in
1100 1058 1298 1098 Veientes
1332 1057 1459 1098 Furio
1490 1059 1627 1098 datur.
1697 1058 1751 1099 Et
1778 1059 1825 1100 in

382 1113 632 1154 Veientibus
664 1115 832 1169 quidem
858 1115 964 1156 nihil
985 1115 1165 1170 dignum
1188 1115 1396 1155 memoria
1418 1125 1584 1169 gestum
1613 1123 1691 1156 est.
1742 1115 1824 1156 Fa-

382 1170 454 1210 bio
477 1171 694 1226 aliquanto
718 1173 811 1227 plus
834 1173 997 1228 negotii
1020 1187 1117 1213 cum
1143 1170 1323 1222 civibus,
1345 1186 1472 1226 quam
1495 1187 1590 1213 cum
1613 1172 1825 1224 hostibus,

171 1244 300 1272 Romani
384 1227 478 1267 fuit.
510 1242 615 1268 unus
639 1229 706 1269 ille
732 1229 794 1269 vir
818 1230 908 1284 ipse
938 1229 1086 1270 consul
1118 1229 1422 1284 rempublicam
1455 1229 1673 1281 sustinuit,
1694 1244 1824 1284 quam

160 1287 282 1336 milites
305 1297 357 1316 ¹¹⁰-
384 1286 596 1325 exercitus
619 1287 719 1327 odio
741 1287 940 1336 consulis,
962 1295 1168 1341 quantum
1192 1287 1234 1327 in
1255 1301 1298 1327 se
1320 1285 1415 1336 fuit,
1441 1286 1662 1341 prodebat.
1708 1286 1825 1327 Nam

168 1330 319 1401 {fflgv'n'
384 1357 511 1397 quum
537 1344 700 1394 consul,
726 1353 880 1399 praeter
901 1353 1061 1385 ceteras
1088 1344 1378 1399 imperatorias
1399 1354 1522 1394 artes,
1544 1358 1648 1398 quas
1672 1358 1824 1399 paran-

238 1395 247 1401 ’
383 1402 437 1440 ‹lo
461 1401 732 1456 gerendoque
755 1401 865 1442 bello
887 1402 1022 1442 edidit
1056 1401 1272 1456 plurimas,
1296 1401 1357 1441 ita
1379 1400 1647 1442 instruxisset
1673 1401 1824 1451 aciem,

381 1466 444 1506 ut,
467 1457 557 1497 solo
587 1459 777 1512 equitatu
810 1459 979 1509 emisso,
1001 1458 1237 1500 exercitum
1260 1457 1446 1498 hostium
1480 1456 1692 1508 funderet,
1714 1457 1826 1499 inse-

380 1515 450 1568 qui
476 1514 590 1555 fusos
614 1516 740 1570 pedes
768 1516 916 1556 noluit.
961 1530 1039 1556 nec
1071 1515 1180 1566 illos,
1201 1525 1244 1555 et
1268 1516 1301 1556 si
1325 1529 1410 1555 non
1433 1514 1673 1556 adhortatio
1698 1514 1824 1555 invisi

380 1572 517 1621 ducis,
540 1586 660 1612 suum
686 1573 834 1614 saltem
854 1573 1066 1629 flagitium
1088 1581 1129 1613 et
1147 1572 1366 1628 publicum
1386 1572 1428 1612 in
1454 1572 1679 1628 praesentia
1697 1571 1826 1613 dede-

382 1642 472 1679 ωε,
502 1630 727 1684 postmodo
758 1630 1009 1685 periculum,
1033 1630 1066 1671 si
1098 1631 1263 1670 animus
1299 1629 1410 1669 hosti
1445 1629 1637 1677 redisset,
1668 1642 1825 1684 eogere

384 1687 526 1740 potuit
547 1687 727 1742 gradum
759 1688 1019 1739 adcelerare3
1050 1697 1138 1738 aut,
1160 1688 1194 1728 si
1226 1686 1334 1726 aliud
1370 1685 1489 1736 nihil,
1523 1688 1552 1708 ⁵²*
1574 1686 1728 1726 instare
1760 1685 1825 1725 in-

382 1752 582 1784 structos.
644 1742 813 1798 Iujussu
846 1746 970 1801 signa
1000 1745 1204 1795 referunt,
1227 1743 1470 1797 moestique,
1492 1743 1703 1794 (crederes
1736 1742 1824 1783 vie·

382 1802 468 1850 tos)
492 1812 762 1842 exsecrantes
785 1817 897 1843 nunc
921 1803 1238 1858 imperatorem,
1255 1815 1367 1840 nunc
1387 1810 1581 1840 navatam
1603 1800 1657 1840 ab
1679 1799 1824 1854 equite

381 1872 571 1912 operam,
591 1859 771 1900 redeunt
793 1860 834 1901 in
863 1869 1013 1901 castra.
1076 1859 1169 1900 Nec
1202 1858 1298 1898 huic
1322 1867 1408 1898 tam
1442 1856 1654 1912 pestilenti
1677 1870 1824 1896 exem-

380 1915 453 1968 plo
477 1916 660 1956 remedia
682 1916 763 1957 ulla
783 1919 838 1958 ab
860 1918 1115 1972 imperatore
1138 1915 1319 1971 quaesita
1341 1923 1450 1954 sunt.
1484 1914 1589 1954 adeo
1612 1912 1825 1960 excellen-

380 1973 496 2013 tibus
528 1973 710 2028 ingeniis
742 1974 867 2015 eitius
899 1973 1079 2015 defuerit
1111 1987 1189 2023 ars,
1220 1987 1301 2027 qua
1336 1973 1473 2012 civem
1504 1981 1668 2026 regant,
1696 1984 1824 2024 quam

381 2044 465 2084 qua
488 2029 653 2070 hostem
679 2042 893 2086 superent.
948 2030 1108 2072 Consul
1136 2030 1318 2071 Romam
1343 2028 1482 2077 rediit,
1505 2042 1589 2068 non
1615 2037 1699 2067 tam
1728 2025 1824 2067 belli

384 2086 520 2141 gloria
534 2097 815 2142 aucta,quam
836 2090 1000 2129 irritato
1020 2089 1362 2140 exacerbatoque
1382 2085 1421 2125 in
1438 2099 1481 2125 se
1503 2085 1687 2125 militum
1706 2084 1822 2125 odio.

171 2149 209 2181 U.
228 2150 264 2180 C.
281 2153 354 2185 τῖ’-ι.
385 2144 625 2184 Obtinuere
658 2155 797 2185 tamen
825 2146 987 2195 Patres,
1011 2154 1055 2185 ut
1080 2147 1118 2186 in
1152 2144 1284 2185 Fabia
1308 2152 1434 2187 Qente
1466 2141 1711 2182 consulatus
1735 2155 1825 2185 ina-,-

1307 2187 1328 2198 κ,

168 2195 358 2268 5,’;ᾇ;,“ἶῖῗὶ
385 2210 517 2242 neret.
579 2201 644 2242 M.
680 2201 861 2243 Fabium
894 2203 1111 2244 consulem
1152 2210 1321 2242 creant:
1363 2199 1497 2239 Fabio
1537 2198 1703 2254 collega
1741 2197 1824 2238 Cn.

167 2248 214 2309 ’ἐξ
242 2250 370 2312 ᾖχζὲῃο”
387 2258 578 2300 Manlius
600 2259 738 2300 datur.
1773 2309 1780 2316 .

166 2324 251 2354 com.
444 2315 609 2357 XLIV.
648 2314 703 2357 Et
736 2316 806 2357 hic
836 2331 970 2357 annus
1001 2316 1218 2356 tribunum
1259 2324 1475 2354 auctorem
1508 2312 1614 2368 legis
1645 2324 1824 2366 agrariae

384 2372 550 2415 habuit.
611 2372 678 2414 Ti.
712 2372 966 2414 Pontificius
999 2374 1095 2413 fuit.
1128 2374 1176 2423 is,
1200 2371 1389 2412 eamdem
1427 2371 1555 2417 viam,
1583 2367 1695 2408 velut
1729 2381 1826 2421 pro·

385 2431 579 2473 cessisset
613 2431 688 2487 Sp.
721 2431 905 2482 Licinio,
938 2431 1166 2486 ingressuS,
1198 2428 1409 2470 delectum
1443 2425 1670 2483 paullisper
1701 2425 1823 2479 inpe-

862 2542 876 2556 “
900 2537 1123 2567 minitabantur
1135 2536 1231 2565 Gron.
1249 2537 1338 2566 Crev.

386 2626 478 2656 MSS.
498 2625 632 2656 warni}
650 2626 772 2657 liabent
792 2625 853 2656 HI.
870 2636 954 2655 nnn<
974 2636 990 2654 e
1005 2635 1078 2655 nos-
1123 2625 1270 2660 rebatur,
1298 2622 1329 2653 iil
1362 2623 1469 2651 totum
1503 2619 1620 2650 recidit
1649 2620 1682 2649 in
1712 2619 1821 2659 ipsum

384 2671 441 2699 tris
466 2675 567 2700 terno.
615 2672 631 2687 *
647 2671 732 2706 Lege
756 2671 800 2710 L).
830 2670 950 2700 Fabius
977 2670 1022 2699 Ι[.
1047 2669 1079 2698 id
1124 2672 1293 2698 auctorem
1311 2664 1494 2695 turbulenti
1513 2664 1712 2693 conaminis.

384 2719 446 2747 est,
465 2718 596 2748 derum,
613 2719 642 2742 ct.
665 2716 697 2741 (,’.
711 2714 836 2743 Julius.
1168 2715 1202 2742 5!
1241 2711 1341 2750 Ipsius
1364 2707 1432 2749 «jus
1455 2707 1592 2746 collega]
1628 2706 1728 2737 Multi
1747 2706 1821 2744 jam

428 2760 494 2785 ἔνθ’
510 2756 586 2786 'I'vtu
605 2756 741 2795 invidia]
761 2756 929 2796 Quidquid
946 2756 1077 2785 invidia:
1125 2760 1326 2785 monuerunt
1345 2752 1397 2781 hie
1418 2751 1594 2789 legendum
1613 2750 1714 2780 videri
1733 2749 1806 2788 ipsi.
1833 2787 1841 2793 .

385 2805 417 2829 et
438 2800 501 2829 urlii
528 2802 559 2829 in
579 2800 691 2829 Patres·
718 2799 875 2835 Licinius,
893 2801 1079 2829 trilninitiae
1169 2801 1209 2829 52
1234 2795 1377 2835 Inslmw]
1405 2795 1506 2824 Recte
1529 2800 1643 2825 censet
1667 2793 1823 2829 Muretus

386 2844 556 2883 potest-..tis
567 2847 675 2876 eratin
689 2843 861 2873 subnixus.
874 2845 1018 2872 ext-iture
1032 2844 1080 2871 ni-
1126 2839 1373 2871 emendandum
1391 2843 1490 2869 stare.
