1925 3239
360 152 438 186 440
905 147 1044 186 TITI
1083 149 1252 186 LIVII

153 261 195 292 U.
211 260 248 292 C.
266 263 339 292 412.
364 255 709 302 transactumque
728 261 779 288 ea
801 249 1036 289 temeritate
1059 248 1214 288 bellum
1237 247 1361 299 foret,
1379 249 1422 288 ni
1444 248 1572 289 duces
1593 249 1791 290 continu-2

152 305 192 336 Α·
211 305 248 335 C·
263 307 339 336 34⁰·
364 306 495 349 issent
545 304 738 359 inpetum
791 304 989 346 militum.
1049 305 1266 354 Ceterum,
1307 305 1408 358 quia
1449 305 1676 346 multitudo
1717 320 1792 345 sua

362 366 393 389 ⁷³
408 362 717 403 commeatibus
751 362 904 417 gravis,
935 372 978 402 et
1013 362 1126 417 prius
1163 362 1348 402 sedendo
1381 361 1433 401 ad
1466 362 1720 410 Suessulam,
1748 372 1792 402 et

362 422 481 460 tum⁰
501 417 745 459 certaminis
768 432 898 468 mora,
922 418 1032 458 haud
1055 419 1202 472 procul
1223 419 1277 458 ab
1307 431 1441 458 rerum
1474 418 1665 458 omnium
1699 418 1791 458 ino-

360 476 436 531 pia
465 484 600 526 esset3
632 474 807 529 placuit,
837 474 936 515 dum
969 474 1155 514 inclusus
1189 484 1359 530 paveret
1390 474 1538 523 hostis,
1561 473 1794 514 frumenta-

363 543 452 572 tum
479 545 552 587 per
573 545 696 586 agros
721 531 893 572 militem
918 531 1031 571 duci.
1060 531 1229 571 interim
1252 539 1295 571 et
1325 531 1537 580 Romano,
1558 531 1631 585 qui
1660 543 1791 584 expe-

363 589 494 639 ditus,
517 598 723 642 quantum
746 586 930 628 humeris
953 588 1061 627 inter
1081 602 1197 628 arma
1218 588 1304 643 geri
1331 597 1472 643 posset
1493 585 1710 637 frumenti,
1730 599 1794 626 se-

363 659 462 686 cum
485 644 719 695 adtulisset,
738 643 935 684 defutura
963 644 1120 684 omnia.
1181 643 1343 685 Consul
1375 644 1534 700 palatos
1565 657 1640 698 per
1669 657 1793 698 agros

369 715 501 756 quum
527 700 700 741 vidisset
721 700 878 751 hostes,
900 700 1103 740 stationes
1124 700 1411 756 infrequentes
1441 700 1622 750 relictas,
1645 699 1794 754 paucis

364 757 521 800 milites
542 757 804 807 adhortatus,
827 756 878 797 ad
902 767 1039 797 castra
1059 757 1349 812 obpugnanda
1368 757 1502 798 ducit.
1533 771 1629 811 quae
1659 769 1793 810 quum

364 814 505 870 primo
537 813 722 854 clamore
743 824 871 868 atque
906 814 1052 868 inpetu
1088 814 1284 868 cepisset,
1308 814 1495 869 pluribus
1529 813 1717 853 hostium
1751 812 1795 852 in

366 870 562 918 tentoriis
587 870 686 921 suis,
707 885 831 925 quam
857 871 899 910 in
923 870 1054 925 portis
1091 870 1297 925 valloque,
1319 871 1454 920 caesis,
1478 870 1599 924 signa
1618 868 1792 922 captiva

365 927 410 968 in
435 940 565 969 unum
583 926 724 967 locum
747 926 927 967 conferri
943 926 1098 981 jussit3
1121 926 1362 982 relictisque
1382 932 1414 954 ⁷⁴
1428 927 1591 966 duabus
1613 925 1793 980 legioni-

364 984 446 1025 bus
478 983 685 1025 custodiae
720 993 763 1023 et
794 983 980 1039 praesidii
1014 998 1175 1033 caussa,
1198 985 1315 1039 gravi
1351 983 1491 1024 edicto
1525 983 1713 1031 monitis,
1734 991 1796 1030 ut,

365 1041 503 1082 donec
526 1040 616 1096 ipse
637 1041 890 1091 revertisset,
916 1041 1058 1095 praeda
1080 1040 1367 1091 abstinerent3
1389 1039 1602 1095 profectus
1624 1037 1796 1094 agmine

365 1098 590 1147 instructo,
607 1111 736 1151 quum
758 1097 997 1152 praemissus
1018 1111 1145 1151 eques
1168 1096 1282 1137 velut
1303 1102 1334 1125 ⁷⁵
1350 1095 1548 1150 indagine
1570 1095 1796 1150 dissipatos

370 1154 584 1194 Samnites
614 1163 773 1209 ageret,
809 1154 970 1194 caedem
1006 1153 1222 1209 ingentem
1260 1152 1375 1193 fecit.
1407 1167 1505 1193 nam
1539 1166 1675 1206 neque
1708 1165 1795 1204 quo

368 1211 493 1266 signo
514 1210 679 1251 coirent
702 1211 811 1251 inter
832 1225 890 1260 se,
913 1225 1062 1264 neque,
1084 1219 1224 1250 utrum
1248 1219 1386 1250 castra
1405 1219 1612 1264 peterent,
1634 1222 1686 1249 an
1705 1207 1798 1247 lon-

368 1268 530 1322 giorem
554 1267 822 1308 intenderent
852 1267 1012 1322 fugam,
1034 1267 1189 1307 territis
1220 1261 1414 1308 constare
1448 1275 1626 1320 poterat.
1684 1263 1798 1304 Tan-

369 1333 546 1378 tumque
579 1323 694 1379 fugae
729 1338 779 1365 ac
814 1323 1051 1364 formidinis
1085 1323 1180 1374 fuit,
1203 1334 1249 1364 ut
1271 1323 1323 1364 ad
1355 1322 1637 1377 quadraginta
1667 1319 1799 1361 millia

371 1390 607 1431 scutorum,
629 1395 895 1436 nequaquam
920 1389 983 1420 tot
1005 1380 1140 1429 caesis,
1161 1390 1204 1420 et
1226 1380 1347 1435 signa
1380 1378 1578 1419 militaria
1609 1392 1705 1418 cum
1729 1376 1796 1426 iis,

369 1452 466 1491 quae
489 1438 531 1478 in
554 1438 703 1478 castris
727 1447 853 1492 capta
883 1447 1017 1486 erant,
1039 1437 1090 1477 ad
1112 1447 1285 1477 centum
1307 1436 1580 1491 septuaginta
1611 1435 1662 1475 ad
1695 1446 1797 1474 con-v

375 1494 508 1538 sulem
531 1493 806 1536 deferrentur.
846 1493 954 1534 Turn
980 1495 1022 1534 in
1045 1503 1182 1534 castra
1204 1493 1390 1539 hostium
1415 1493 1621 1533 reditum:
1655 1491 1799 1544 ibique

371 1551 512 1592 omnis
536 1551 682 1606 praeda
704 1551 827 1591 militi
850 1551 962 1591 data.

426 1607 709 1650 XXXVIII.
743 1607 886 1662 Hujus
908 1607 1150 1648 certaminis
1181 1605 1351 1648 fortuna
1371 1615 1413 1647 et
1445 1605 1645 1654 Faliscos,
1666 1616 1799 1658 quum

368 1663 413 1704 in
436 1664 618 1705 induciis
639 1674 792 1714 essent,
813 1665 956 1705 foedus
978 1675 1120 1719 petere
1151 1665 1204 1704 ab
1235 1673 1378 1704 senatu
1410 1663 1579 1718 coegit3
1609 1671 1654 1702 et
1684 1660 1800 1700 Lati-

367 1721 566 1776 nos,jam
587 1721 844 1762 exercitibus
865 1722 1136 1776 comparatis,
1156 1722 1188 1745 ⁷⁶
1203 1721 1255 1761 ab
1280 1720 1476 1761 Romano
1499 1721 1540 1759 iu
1573 1717 1800 1772 Pelignum

370 1778 498 1819 vertit
520 1777 690 1818 bellum.
751 1777 902 1832 Neque
923 1777 983 1818 ita
1002 1778 1060 1818 rei
1089 1787 1221 1831 gestae
1255 1776 1367 1817 fama
1403 1775 1536 1816 ltaliae
1570 1788 1621 1821 ses
1642 1773 1800 1814 finibus

157 1850 359 1890 Karthagini·
373 1835 531 1875 tenuit:
555 1835 626 1875 sed
651 1834 1029 1890 Karthaginienses
1052 1848 1221 1889 quoque
1242 1833 1405 1889 legatos
1428 1831 1685 1888 gratulatum
1710 1829 1800 1870 Ro-

157 1895 484 1934 enseslegati.mam
508 1891 659 1932 misere
680 1906 777 1932 cum
800 1905 968 1932 coronae
990 1905 1127 1932 aureae
1149 1890 1278 1940 dono,
1299 1905 1394 1945 quae
1430 1890 1472 1929 in
1506 1886 1724 1943 Capitolio
1757 1886 1798 1926 in

159 1968 308 1998 Consules
372 1949 495 1992 Jovis
520 1948 627 1988 cella
648 1958 889 2003 poneretur.
913 1948 994 1988 fuit
1013 1951 1044 1974 ⁷⁷
1060 1947 1203 2002 pondo
1238 1946 1390 2001 viginti
1423 1945 1624 1999 quinque.
1685 1942 1802 1984 Con-

156 2013 268 2040 trium-
374 2005 482 2046 sules
503 2006 630 2046 ambo
651 2005 704 2045 de
726 2005 988 2045 Samnitibus
1012 2003 1338 2058 triumpharunt,
1353 2012 1554 2057 sequente
1579 2000 1715 2041 Decio
1737 1999 1802 2045 in·.

157 2055 266 2094 phant.
373 2062 483 2118 signi
516 2076 614 2103 cum
643 2061 768 2103 laude
800 2062 1030 2116 donisque:
1073 2075 1204 2115 quum
1239 2060 1457 2102 incondito
1496 2057 1667 2098 militari
1694 2056 1799 2112 joco

924 2171 938 2186 ⁰
959 2171 1032 2195 tunc
1046 2165 1140 2195 Gron.
1158 2165 1246 2194 Crev.

416 2246 457 2278 73
486 2243 716 2275 commeatibus
730 2242 858 2282 gravis]
875 2241 958 2281 Quae
973 2242 1066 2271 oneri
1109 2241 1195 2271 tium
1213 2240 1345 2279 quidam
1363 2240 1452 2270 xclut
1469 2240 1568 2277 orbis,
1581 2239 1698 2278 quibus
1714 2247 1734 2268 a
1749 2247 1806 2267 ve-

373 2294 461 2317 esset
476 2287 715 2318 commeatibus
731 2299 737 2316 :
756 2287 776 2316 i.
793 2296 822 2315 e.
838 2295 910 2324 quae
928 2285 1066 2316 nimiam
1112 2285 1281 2315 natoribus
1315 2284 1399 2313 feras
1435 2283 1669 2323 indagantibus
1697 2281 1802 2312 saltus

373 2337 622 2361 commeatuum
640 2330 767 2369 copiam
785 2330 982 2359 absumeret.
1113 2337 1286 2358 nemci-ave
1303 2327 1494 2365 cinguntur,
1513 2336 1553 2356 ne
1569 2335 1635 2364 qua
1655 2325 1732 2355 feris
1745 2334 1803 2364 pa-

417 2376 458 2406 74
481 2374 621 2405 Duabus
638 2372 826 2411 legionibus]
854 2372 916 2402 Hic
940 2370 1064 2410 aliquid
1111 2375 1180 2400 teat
1197 2371 1368 2408 effugium.
1386 2370 1458 2400 Hoc
1473 2369 1624 2408 exemplo
1638 2367 1803 2398 Samnites

375 2417 445 2446 vitii
463 2417 564 2447 latere
580 2409 676 2456 putat
691 2416 761 2445 dac.
778 2415 974 2450 Gronovius,
991 2415 1068 2453 quia
1112 2413 1261 2453 palantes
1278 2422 1377 2452 atque
1394 2413 1555 2452 dispersos
1580 2411 1724 2449 undique
1748 2420 1802 2439 co-

373 2460 548 2490 verisimile
565 2469 630 2490 non
648 2459 796 2489 videatur
812 2458 891 2488 duas
909 2458 1067 2496 legiones,
1113 2467 1187 2495 gere
1205 2463 1239 2486 et
1256 2458 1287 2486 in
1305 2465 1409 2486 unum
1434 2455 1587 2494 colligere
1611 2455 1716 2484 voluit
1739 2454 1802 2484 va-

376 2504 432 2542 qui
446 2503 626 2533 consularis
641 2508 711 2534 erat
728 2502 904 2537 exer-cnm,
917 2500 1068 2540 praesidio
1113 2500 1212 2530 lex-ius
1230 2506 1267 2530 ut
1282 2501 1316 2530 in
1340 2498 1448 2530 medio
1472 2498 1687 2528 caederentur.
1731 2498 1804 2528 Du-

375 2547 489 2576 castris
506 2546 647 2576 relictas.
684 2545 763 2584 Legi
782 2554 873 2584 posse
888 2549 998 2573 censet
1016 2543 1065 2573 vel
1110 2551 1234 2573 suits.

374 2589 499 2620 duabus
524 2590 712 2625 cohortibus,
740 2587 800 2624 vel,
823 2588 848 2617 si
875 2587 981 2625 major
1006 2596 1065 2616 nu·
1152 2587 1194 2620 76
1205 2587 1272 2616 *Ab
1288 2585 1431 2616 Romano
1453 2586 1487 2615 in
1511 2584 1691 2622 pelignum
1705 2585 1803 2614 vertit

376 2641 486 2662 merus
503 2632 644 2672 placeat,
661 2632 779 2662 duobus
796 2631 947 2661 millibus.
979 2629 1065 2660 Illud
1110 2628 1241 2668 bellum]
1262 2629 1409 2664 lntluxit,
1426 2633 1464 2658 ut
1479 2627 1600 2657 omisso
1615 2626 1701 2656 bello
1716 2626 1804 2665 quod

374 2681 464 2705 certe
501 2679 643 2712 constat,
681 2676 849 2714 vulgatam
887 2673 1062 2704 lectionem
1109 2680 1303 2711 paraverant
1319 2672 1472 2701 adversus
1495 2671 1672 2707 Romanos,
1688 2671 1721 2699 in
1746 2669 1806 2699 Pe-

375 2721 462 2748 stare
480 2727 545 2748 non
564 2728 668 2758 posse.
1109 2716 1214 2754 lignos
1231 2720 1398 2745 verterent
1413 2723 1515 2744 arma.

417 2764 457 2795 75
491 2761 666 2802 indagine]
718 2761 885 2799 Indaginis
930 2759 1063 2789 nomine
1150 2763 1189 2792 77
1216 2758 1326 2789 I’ondo
1348 2759 1463 2796 viginti
1491 2755 1645 2796 quinque]
1677 2756 1806 2786 Marca-

336 2818 339 2820 ·
375 2804 504 2845 proprie
522 2804 723 2845 intelligitur
739 2803 923 2844 plagarum,
940 2812 998 2832 seu
1014 2812 1063 2832 re·
1108 2811 1181 2833 rum
1200 2808 1388 2833 nostrarum
1404 2804 1455 2836 39.
1473 2810 1549 2831 cuin
1566 2800 1747 2838 semuncia.
