1925 3239
570 127 694 166 LIB.
722 126 792 165 IX.
831 129 906 166 CA
921 126 1040 166 RH.
1444 137 1521 173 ⁴99

90 235 218 284 urgant
249 226 361 280 Diis,
375 238 454 284 pro
483 236 587 271 certo
617 229 768 278 habete,
783 229 927 284 priora
949 229 1051 269 bella
1079 227 1267 271 adversus
1289 227 1397 272 Deos
1430 248 1516 274 ma·
1530 245 1571 276 U.
1591 244 1628 276 c.
1644 248 1716 278 433.

88 286 167 340 gis,
184 300 304 341 quam
324 285 510 338 homines,
527 287 685 342 gessisse
693 302 707 336 ‚·
736 285 821 337 hoc,
843 286 950 342 quod
969 287 1106 337 instat,
1123 287 1288 328 ducibus
1306 289 1400 341 ipsis
1419 289 1517 331 Diis
1529 290 1565 320 ³⁴
1585 289 1621 319 C.
1638 292 1711 324 ³¹9·

84 349 275 397 gestui-ox.
729 371 732 375 ι

146 397 208 439 ΙΙ.
242 398 365 448 Haec,
389 413 471 439 non
503 398 602 439 laeta
632 399 780 454 magis,
804 412 931 452 quam
964 410 1075 449 vera,
1099 400 1367 452 vaticinatus,
1392 415 1513 444 exer·
1525 420 1724 450 Samnitesad

86 454 175 495 citu
198 457 367 506 educto,
389 457 503 496 circa
527 455 738 496 Caudium
771 465 921 505 castra,
943 469 1067 509 quarn
1105 467 1245 510 potest
1275 458 1510 500 occultissi-
1524 463 1678 493 caudium

89 524 171 562 me,
203 512 338 552 locat:
378 512 475 552 inde
504 513 554 551 ad
587 511 812 561 Calatiam,
845 512 916 552 ubi
939 513 1031 566 jam
1065 515 1258 553 consules
1294 508 1681 577 Rornanosggfft'am’

87 579 310 622 castraque
350 581 439 608 esse
478 568 692 618 audiebat,
725 569 876 608 milites
917 569 1060 608 decem
1104 580 1316 623 pastorum
1362 571 1511 614 babitu
1596 569 1604 578 ⁸

87 624 245 666 mittit:
281 639 513 680 pecoraque
534 625 736 674 diversos,
757 625 884 666 alium
908 625 1023 674 alibi,
1047 625 1156 666 haud
1180 628 1326 680 procul
1355 627 1510 669 Roma—

86 681 151 720 nis
177 681 486 736 pascerejubet
505 681 737 735 praesidiis:
762 682 833 721 ubi
858 681 1084 721 inciderint
1109 684 1148 723 in
1176 683 1443 737 praedatores,
1464 695 1510 726 ut

86 735 198 778 idem
218 738 417 778 omnibus
438 751 574 777 sermo
605 748 785 788 constet,
808 737 975 793 legiones
1009 737 1253 779 Samnitium
1284 741 1328 780 in
1349 742 1508 795 Apulia

83 807 176 843 esse,
199 792 414 834 Luceriam
434 794 615 835 omnibu-s
634 795 758 849 copiis
778 794 1082 835 circumsedere:
1113 809 1180 835 uec
1193 796 1341 850 procul
1360 799 1505 850 abesse,

82 850 182 903 quin
210 851 252 891 vi
279 851 454 904 capiant.
512 850 640 893 “J-am
674 852 706 892 is
737 852 864 891 etiam
902 865 1044 891 rumor
1072 863 1186 901 ante,
1216 854 1268 893 de
1300 854 1506 896 industria

82 907 291 961 vulgatus,
311 917 481 948 venerat
498 908 549 948 ad
577 907 818 958 Romanos3
840 908 910 948 sed
934 907 1059 947 fidem
1081 923 1237 949 auxere
1257 912 1434 966 captivi,
1452 926 1504 954 eo

82 965 282 1012 maxime,
303 965 415 1018 quod
440 979 576 1004 serino
607 964 716 1005 inter
736 978 881 1004 omnes
915 967 1194 1019 congruebat.
1253 966 1381 1008 Haud
1415 978 1505 1009 erat

81 1019 274 1070 dubium,
303 1021 405 1075 quin
438 1021 686 1061 ⁵Lucerinis
715 1036 842 1076 opem
878 1020 1096 1061 Romanus
1128 1022 1268 1072 ferret,
1301 1024 1426 1064 bonis·
1452 1040 1502 1066 ac

80 1075 275 1117 fidelibus
297 1078 446 1128 sociis;
468 1078 587 1117 simul
612 1092 664 1118 ne
684 1077 842 1132 Apulia
862 1081 1000 1117 omnis
1023 1079 1074 1118 ad
1097 1091 1347 1132 praeseutem
1371 1092 1502 1122 terro-

78 1146 165 1174 rem
189 1133 399 1174 deficeret.
420 1138 497 1174 6ea
519 1135 660 1183 modo,
682 1148 766 1188 qua
795 1135 918 1185 irent,
941 1134 1197 1175 consultatio
1229 1136 1323 1177 fuit.
1388 1137 1498 1181 Daae

77 1189 130 1230 ad
159 1189 375 1231 Luceriam
400 1190 592 1230 ferebant
616 1192 719 1241 viae3
750 1191 879 1231 altera
898 1194 911 1216 ⁷
927 1201 1080 1244 praeter
1101 1205 1216 1231 oram
1241 1195 1378 1248 superi
1412 1209 1501 1235 ma-

77 1246 133 1286 ris
155 1257 303 1301 patens
325 1256 566 1302 apertaque,
589 1248 675 1296 sed,
697 1257 857 1300 quanto
882 1248 1025 1296 tutior,
1050 1257 1168 1288 tanto
1190 1248 1274 1289 fere
1305 1251 1498 1305 longior;

76 1302 205 1343 altera
225 1317 300 1357 per
323 1303 521 1344 Furculas
546 1303 758 1344 Caudinas
783 1304 965 1344 brevior.
1025 1304 1106 1344 Sed
1138 1305 1196 1344 ita
1227 1315 1348 1346 natus
1383 1307 1498 1348 locus

75 1367 154 1400 est.
177 1360 305 1401 saltus
331 1361 414 1400 duo
444 1360 516 1400 alti
547 1361 715 1415 angusti
748 1360 974 1414 silvosique
1005 1370 1115 1410 sunt,
1137 1363 1354 1403 montibus
1385 1363 1500 1405 circa

74 1417 290 1471 perpetuis
311 1417 421 1457 inter
441 1417 656 1471 sejuncti.
671 1417 791 1471 jacet
813 1417 921 1457 inter
942 1431 1012 1457 eos
1035 1418 1134 1457 satis
1162 1429 1308 1473 patens
1331 1420 1497 1461 clausus

72 1473 114 1512 in
140 1473 279 1514 medio
308 1487 496 1528 campuS,
517 1474 715 1514 herbidus
747 1488 1026 1528 aquosusque,
1048 1487 1120 1527 per
1150 1489 1273 1529 quem
1308 1477 1498 1518 medmm

74 1529 154 1569 iter
180 1538 258 1571 est.
317 1530 398 1570 Sed
430 1540 541 1580 ante,
562 1545 687 1585 quam
722 1531 862 1569 venias
893 1530 945 1570 ad
975 1545 1086 1580 eum,
1109 1531 1314 1573 intrandae
1347 1533 1497 1587 primae

73 1587 283 1641 angustiae
305 1596 427 1629 sunt:
459 1596 501 1627 et
521 1596 595 1627 aut
615 1587 776 1636 eadem,
798 1601 882 1641 qua
913 1597 952 1626 te
984 1587 1272 1639 insinuaveris,
1296 1601 1405 1630 retro
1429 1591 1498 1630 via

72 1643 328 1697 repetenda3
359 1654 446 1694 aut,
469 1644 501 1683 si
525 1644 583 1684 ire
606 1657 729 1698 porro
753 1657 917 1698 pergaS,
941 1658 1013 1698 per
1034 1643 1161 1684 alium
1187 1647 1336 1685 saltum
1365 1647 1496 1686 artio-

70 1713 158 1739 rem
199 1700 581 1754 inpeditioremque
610 1700 887 1740 evadendum.
952 1699 997 1739 ln
1039 1713 1135 1740 eum
1169 1715 1364 1757 campum
1398 1704 1497 1743 ὅνῐει

70 1755 150 1796 alia
173 1770 245 1811 per
267 1771 416 1796 cavam
448 1771 609 1811 rupem,
633 1755 832 1806 Romani,
862 1756 1045 1796 demisso
1073 1758 1258 1812 agmine,
1280 1773 1409 1812 quum
1441 1759 1494 1800 ad

70 1812 173 1852 alias
194 1814 412 1869 angustias
437 1815 627 1868 protinus
650 1822 889 1868 pergerent,
911 1822 1049 1867 septas
1080 1815 1250 1867 dejectu
1280 1815 1494 1866 arborum,

71 1883 356 1925 saxorumque
373 1870 608 1926 ingentium
627 1874 642 1896 9
656 1871 925 1924 objacentem
943 1869 1094 1910 molem
1106 1868 1118 1888 ι’
1136 1872 1346 1913 invenere.
1362 1886 1491 1927 quum
1506 1876 1698 1952 gaftifrssau-

1526 1930 1544 1948 θ
1568 1931 1613 1949 oei
1657 1932 1690 1951 0·

586 1967 602 1990 ¹²
623 1969 774 2008 objacente
788 1969 865 1998 mole
879 1970 974 1999 Gron.
1504 1964 1601 1995 mani.

112 2059 134 2090 4
155 2054 237 2090 Jam
273 2058 302 2088 is
327 2058 426 2090 etiam
453 2057 581 2100 rumor]
620 2058 757 2096 Aliquot

68 2100 280 2144 scripti,jam
293 2105 324 2132 et
339 2102 365 2132 is
380 2111 503 2132 rumor.
583 2111 603 2118 ‘

113 2149 132 2176 5
158 2146 327 2176 Lucerinis
355 2165 383 2175 ..
397 2166 405 2174 .
437 2146 522 2174 bonis
549 2153 589 2174 ac·
602 2143 759 2183 fidelibus

67 2187 171 2227 sociis]
189 2187 296 2228 Supra
311 2187 332 2218 Ι.
345 2186 437 2217 vm.
454 2197 482 2218 c.
497 2189 550 2217 ⁶25.
575 2187 672 2227 Apuli
692 2197 759 2217 me-

70 2237 245 2262 morantur
257 2230 378 2261 foedere
401 2231 434 2260 in
451 2230 633 2260 amicitiam
657 2240 676 2260 a
697 2230 762 2260 Ro-

69 2276 177 2304 manis
194 2273 333 2314 accepti.
357 2274 400 2304 At
417 2283 445 2303 c.
456 2277 508 2306 37.
525 2273 671 2311 ejusdem
687 2273 760 2303 libri

69 2327 147 2348 cum
165 2317 279 2357 Apulis
296 2318 423 2356 geritur
446 2316 568 2346 benum
584 2328 591 2346 ι
616 2320 650 2346 et
665 2327 693 2346 e.
707 2320 760 2346 40.

69 2370 158 2390 anno
190 2358 336 2400 proxime
368 2359 588 2399 praecedente,
610 2360 758 2399 quidam,

68 2404 178 2443 inquit
199 2403 324 2438 Livius,
345 2407 490 2433 auctores
511 2408 587 2432 sunt
617 2400 753 2433 Fabiam

71 2445 269 2487 (consulem)
288 2448 320 2475 ln
336 2446 490 2485 Apuliam
500 2448 693 2485 processisse,
706 2450 756 2476 at-

69 2500 132 2529 que
147 2490 220 2520 inde
234 2499 372 2528 magnas
382 2489 514 2529 proedas
529 2491 637 2527 egisse.
671 2489 756 2519 Cum

67 2533 132 2564 illis
147 2533 336 2563 auctoribus
352 2532 565 2562 consentiunt
577 2531 756 2571 Capitolini

69 2576 171 2613 Fasti,
184 2575 240 2616 qui
255 2575 294 2615 Ω.
307 2575 444 2606 Fabium
459 2575 499 2605 de
511 2574 626 2614 Apulis
641 2576 759 2604 trium-

69 2618 188 2659 phasse
215 2623 395 2649 testantur.
440 2618 565 2648 Auctor
586 2627 662 2647 vero
686 2617 760 2647 libri

71 2662 112 2691 de
122 2661 209 2692 Viris
224 2661 414 2692 illustribus
428 2670 504 2691 eum
521 2661 621 2691 etiam
640 2661 678 2690 de
696 2661 761 2691 Lu-

69 2704 189 2734 cerinis
204 2703 412 2745 triumphum
429 2705 533 2744 egisse
548 2704 673 2734 scribit.
711 2703 760 2733 Ex

70 2746 121 2777 bis
150 2746 303 2777 omnibus
332 2747 485 2787 sequitui·
515 2756 631 2786 parum
661 2756 762 2786 appa-

68 2799 153 2827 rere,
176 2798 236 2820 cui·
257 2789 311 2820 hic
333 2789 488 2821 Lucerini
510 2791 665 2821 dicantur
686 2790 762 2820 boni

67 2841 106 2863 ac
121 2831 235 2863 fideles
244 2833 327 2864 socii
341 2833 578 2865 Romanorum,

845 2057 957 2088 ffl‘Ea
973 2059 1076 2097 modo]
1093 2059 1129 2089 ld
1146 2069 1250 2090 unum
1265 2060 1298 2090 in
1315 2059 1494 2092 dubitatio-2

802 2111 878 2131 nem
917 2103 1264 2142 consultationemque
1295 2105 1398 2142 venit,
1428 2113 1493 2144 qua

802 2145 854 2174 via
869 2145 1014 2174 eundum
1033 2153 1129 2175 esset.

860 2191 876 2221 7
913 2187 1043 2218 Ρ]”α·(εγ
1079 2199 1167 2218 orum
1209 2188 1329 2229 Superi
1373 2189 1488 2230 maris]

804 2230 879 2261 Non
911 2231 1005 2262 facile
1037 2232 1233 2268 inteliigi'rur
1258 2234 1421 2271 quomodo
1450 2235 1491 2264 ab

805 2275 884 2304 urbe
902 2274 1090 2313 Campaniae
1106 2275 1231 2305 Calatia
1246 2276 1284 2305 ad
1300 2277 1491 2307 mediterra-

804 2327 898 2347 neam
918 2317 1042 2356 Apuliae
1060 2319 1174 2348 urbem
1195 2317 1367 2348 Luceriam
1383 2321 1494 2350 eunti·

804 2360 862 2390 bus
892 2361 1006 2399 Superi
1043 2362 1141 2390 maris
1170 2370 1227 2390 ora
1263 2361 1401 2401 legenda
1438 2364 1493 2394 sit..
1540 2377 1545 2381 ·

799 2403 879 2433 Haec
908 2404 1011 2442 igitur
1039 2412 1096 2433 :rut
1128 2405 1285 2434 mendosa
1316 2411 1407 2443 sunt,
1430 2411 1494 2436 ant

799 2447 962 2476 incuriose
979 2457 997 2476 a
1015 2446 1106 2477 Livio
1122 2448 1255 2486 scripta.

808 2507 811 2511 ·
843 2492 860 2520 8
886 2489 950 2519 Via
972 2492 1040 2520 alia
1059 2511 1086 2519 ..
1101 2511 1129 2520 ..
1142 2491 1185 2520 ad
1207 2492 1291 2521 alias
1305 2490 1488 2531 angustias]

800 2533 881 2562 Haec
897 2533 956 2562 sibi
982 2539 1099 2563 mutuo
1123 2534 1332 2572 respondent.
1377 2535 1492 2574 Quum

801 2575 943 2605 Romani
969 2587 1026 2615 per
1041 2577 1179 2606 alteram
1206 2586 1246 2606 ex
1273 2578 1400 2607 duabus
1426 2577 1492 2607 illis

802 2619 861 2648 viis
879 2619 1020 2649 demisso
1036 2620 1179 2658 agmine,
1197 2619 1237 2649 ad
1259 2620 1396 2650 alteram
1420 2630 1495 2660 per-

804 2666 932 2699 gerent.
1199 2699 1202 2702 Δ

847 2709 866 2738 9
893 2702 1096 2744 objacentem
1115 2704 1240 2744 molem]
1269 2704 1350 2736 Haec
1372 2710 1423 2737 est
1438 2715 1493 2735 ve-

803 2751 858 2776 tus
874 2746 986 2785 lec-tio,
1003 2758 1100 2787 quain
1128 2749 1197 2778 sine
1225 2759 1324 2779 cansa
1346 2755 1494 2779 mutave-

806 2796 856 2819 rat
867 2791 1032 2830 Sigonius,
1045 2791 1173 2831 legique
1182 2793 1329 2833 jusserat
1337 2791 1495 2833 objacente

808 2835 897 2863 mole.

807 2877 936 2916 xk2
