1925 3239
482 84 518 150 L
531 113 546 150 1
559 114 603 151 B.
629 113 737 151 vm.
773 114 804 150 c
816 113 848 150 A
859 113 904 150 P.
928 111 1121 150 xxxlx.
1437 119 1510 154 493

78 230 164 257 non
194 222 375 270 poterat,
395 228 492 255 eum
527 214 682 269 ipsum,
715 213 757 254 in
789 227 875 268 quo
907 213 1170 263 constiterat,
1192 213 1333 254 locum
1366 216 1571 256 castrisU.
1588 221 1625 252 C.
1639 224 1712 253 43⁶2.

79 272 274 313 dimetari
303 271 447 325 jussit.
469 271 557 311 ⁹⁵id
594 285 706 321 vero,
729 269 988 311 circumfuso
1024 246 1210 325 undique
1241 271 1448 325 equitatu,
1472 267 1568 313 utA·
1584 266 1622 296 C.
1639 268 1712 297 320.

80 329 234 369 vallum
260 336 485 382 peteretur,
506 341 697 382 opusque
720 328 940 382 inciperet,
962 327 1051 367 fieri
1076 341 1158 367 non
1188 337 1366 382 poteiat.
1429 328 1516 370 Ita-

79 399 178 439 que,
201 385 270 426 ubi
297 399 430 438 neque
453 384 595 433 eundi,
618 397 753 438 neque
773 383 969 424 manendi
993 383 1160 438 copiam
1183 397 1274 423 esse
1299 384 1428 435 videt,
1452 386 1517 426 in-

80 443 205 482 struit
244 442 393 488 aciem,
432 440 734 495 inpedimentis
771 454 824 480 ex
865 440 1036 494 agmine
1077 441 1264 480 remotis,
1303 441 1518 482 instruunt

80 507 228 538 contra
250 507 293 538 et
314 498 468 546 hostes,
490 505 533 536 et
552 496 704 536 animis
724 506 767 536 et
791 497 950 536 viribus
977 510 1112 550 pares.
1145 505 1322 537 auxerat
1354 497 1395 537 id
1426 513 1515 538 ma-

81 555 198 594 xime
218 555 398 604 animos,
420 552 549 607 quod,
572 553 708 608 ignari
730 554 762 579 ⁹⁶
777 552 871 593 loco
894 552 1056 607 iniquo,
1079 567 1164 593 non
1186 553 1314 603 hosti.
1338 568 1515 605 cessum,

81 611 197 651 velut
219 610 430 665 fugientes
460 623 510 649 ac
540 611 707 650 territos
740 608 947 649 terribiles
971 611 1049 664 ipsi
1074 611 1207 649 secuti
1232 610 1412 650 fuerant.
1465 610 1515 652 Id

81 667 341 721 aliquamdiu
367 665 552 720 aequavit
581 681 783 729 pugnam,
801 666 892 721 jam
925 666 1087 721 plidem
1119 666 1292 707 desueto
1325 667 1673 716 Sainnitepfflffllum

84 724 312 764 clamorem
346 722 531 762 Romani
561 723 774 763 exercitus
807 723 911 778 pati.
969 722 1042 772 At,
1065 723 1247 774 hercule,
1272 724 1342 763 illo
1373 725 1440 764 die
1462 725 1615 765 abatrox
1629 739 1710 759 com·

83 779 189 820 hora
207 780 290 820 diei
313 780 438 820 tertia
458 779 509 819 ad
532 790 728 820 octavam
753 780 813 820 ita
834 793 989 834 anceps
1011 780 1167 819 dicitur
1188 791 1401 821 certamen
1434 791 1517 822 ste-
1528 773 1675 803 nuttitur.

85 836 201 899 tisse,
222 846 267 876 ut
297 850 433 891 neque
463 835 636 887 clamor,
660 846 705 876 ut
737 837 873 891 primo
905 836 1033 876 semel
1064 851 1271 877 concursu
1295 848 1358 878 est
1380 838 1518 878 subla-

84 902 168 944 tus,
192 893 363 932 iteratus
386 893 462 932 sit·
454 907 623 948 ,neque
645 893 767 948 signa
791 904 985 948 promota
1005 892 1114 943 loco,
1137 905 1302 934 retrove
1327 905 1518 950 recepta3

84 963 223 1004 neque
244 963 456 990 recursum
481 951 533 990 ab
557 950 639 990 ulla
661 951 715 990 sit
738 959 870 1005 par.te
923 949 971 990 In
995 964 1071 990 suo
1093 951 1271 1005 quisque
1292 952 1423 1005 gradu
1442 953 1520 993 ob-

86 1006 193 1056 nixi,
209 1016 435 1070 urguentes
455 1007 600 1056 scutis,
621 1009 652 1032 ⁹⁷
667 1008 757 1047 sine
777 1007 1054 1062 respiratione
1073 1021 1122 1047 ac
1141 1017 1343 1071 respectu
1355 1022 1519 1064 pugna-

86 1063 202 1103 bant.
226 1062 419 1104 fremitus
442 1062 631 1117 aequalis,
654 1071 860 1118 tenorque
882 1064 992 1103 idem
1013 1077 1171 1119 pugnae
1191 1070 1222 1093 98
1238 1064 1280 1104 in
1311 1064 1520 1121 defatiga-

86 1122 248 1159 tionem
281 1119 472 1160 ultimam
508 1130 581 1160 aut
615 1130 784 1160 noctem
823 1121 1060 1175 spectabat.
1118 1120 1216 1161 Jam
1257 1121 1358 1160 viris
1397 1122 1520 1171 vires,

79 1174 173 1229 jam
196 1175 307 1216 ferro
329 1191 402 1217 sua
423 1176 607 1230 viS,jam
637 1177 815 1217 consilia
847 1177 1027 1217 ducibus
1059 1177 1256 1218 deerant
1290 1192 1419 1232 quum
1453 1193 1522 1219 su-

90 1233 178 1273 bito
202 1232 457 1273 Samnitium
481 1234 659 1287 equites,
681 1248 756 1287 qu
747 1248 826 1283 im,
850 1243 986 1274 tuima
1010 1248 1091 1273 una
1111 1233 1280 1288 longius
1308 1243 1520 1288 provecta,

85 1290 363 1344 accepissent,
383 1290 673 1353 inpedimenta
694 1290 982 1330 Romanmum
1007 1290 1151 1345 piocul
1169 1292 1221 1330 ab
1241 1291 1411 1330 armatis
1431 1292 1522 1331 sine

86 1346 302 1400 praesidio,
316 1347 405 1386 sine
426 1347 690 1387 munimento
709 1356 833 1398 stare,
851 1347 1055 1388 aviditate
1077 1347 1232 1402 praedae
1253 1347 1442 1402 inpetum
1459 1347 1523 1388 fa-

87 1402 222 1442 ciunt.
255 1403 385 1448 Quod
410 1403 480 1444 ubi
500 1404 697 1444 dictatori
721 1404 908 1459 trepidus
929 1403 1108 1443 nuncius
1126 1403 1302 1455 adtulit,
1327 1403 1420 1444 Siue
1440 1419 1524 1444 mo-

86 1458 152 1509 do,
176 1459 328 1514 inquit,
347 1473 427 1500 sese
449 1459 592 1514 praeda
607 1460 874 1515 praepediant.
897 1459 967 1500 alii
989 1459 1142 1500 deinde
1164 1474 1290 1515 super
1319 1460 1437 1510 alios,
1459 1462 1524 1501 di-

86 1515 167 1570 iipi
192 1517 346 1571 passim
371 1515 556 1571 fenique
578 1516 769 1557 fortunas
792 1517 989 1567 militum,
1012 1516 1368 1557 vociferabantur.
1411 1516 1522 1558 Tum

85 1574 294 1628 magistro
308 1573 505 1637 ‘equitum
528 1573 686 1623 adcito,
713 1571 831 1614 Vzdes
860 1580 920 1623 tu,
942 1573 1096 1628 inquit,
1120 1572 1186 1613 M.
1211 1572 1332 1624 Fabi,
1353 1572 1405 1613 ab
1436 1573 1524 1614 leos-

88 1606 191 1669 tium
222 1630 354 1684 equite
386 1644 573 1671 omzssam
598 1630 820 1685 pugnam?
861 1629 1008 1671 luerent
1038 1629 1212 1684 inpediti
1244 1629 1524 1684 inpedimentis

85 1685 248 1726 nostris.
307 1685 556 1742 Adgredere,
578 1687 685 1742 quod
703 1687 809 1727 inter
832 1686 1100 1741 praedandum
1133 1686 1239 1727 omni
1271 1685 1524 1728 multitudini

86 1742 230 1794 evenit,
251 1722 493 1798 dissipatos.-
523 1758 640 1784 raros
661 1758 772 1801 equzs
802 1743 1177 1795 insidentes‚ruros‚
1198 1743 1341 1798 quibus
1357 1742 1525 1798 serrum

88 1798 133 1839 in
151 1813 273 1840 manu
291 1799 357 1851 sit,
376 1799 577 1841 invenies:
607 1815 803 1856 equosque
824 1802 921 1840 dum
932 1799 1072 1855 praeda
1094 1806 1274 1850 onerant,
1295 1799 1432 1840 ccede
1418 1815 1525 1840 mer-

87 1869 182 1907 mes,
203 1864 482 1913 cruentamque
499 1856 579 1897 illis
593 1857 773 1912 praedam
802 1857 933 1898 oedde.
990 1855 1104 1896 leu'
1134 1856 1303 1912 legiones
1324 1856 1526 1911 peditum-

92 1926 169 1968 que
182 1927 328 1969 pugna
349 1928 454 1954 curce
475 1921 616 1954 erunt:
631 1929 750 1978 penes
775 1920 813 1955 te
832 1920 1007 1969 equestre
1027 1914 1079 1953 sit
1099 1912 1227 1954 decus.

148 1969 393 2011 XXXIX.
424 1969 629 2035 Equitum
664 1972 790 2021 acies,
814 1970 949 2025 qualis
973 1985 1069 2024 quae
1091 1983 1180 2010 esse
1202 1970 1712 2010 instructissimavincuntur

91 2035 248 2082 potest,
289 2026 459 2073 invecta
497 2028 540 2067 in
590 2028 815 2083 dissipatos
865 2027 1161 2081 inpeditosque
1209 2026 1367 2078 hostes,
1408 2026 1526 2068 caede
1538 2023 1699 2053 samnites.

89 2084 236 2124 omnia
256 2083 402 2138 replet.
425 2084 534 2124 inter
553 2085 738 2125 sarcinas
759 2084 935 2125 omissas
967 2094 1155 2138 iepente‚
1175 2083 1421 2137 objacentes
1453 2097 1527 2138 pe-

90 2139 216 2181 dibus
238 2139 496 2195 fugientium
518 2150 972 2195 consternatorumque
1003 2154 1224 2194 equorum,
1248 2154 1382 2194 neque
1417 2154 1527 2195 pug-

91 2210 176 2248 nae,
217 2210 355 2251 neque
396 2196 512 2252 fugae
552 2198 653 2238 satis
693 2207 904 2252 potentes,
935 2197 1172 2237 caeduntur.
1230 2195 1356 2247 Tum,
1387 2196 1527 2237 deleto

91 2266 226 2308 prope
257 2254 451 2307 equitatu
484 2254 686 2305 hostium,
721 2255 788 2295 M.
823 2253 993 2304 Fabius,
1016 2253 1329 2300 circumductus
1364 2252 1529 2308 paullu-

90 2309 180 2350 lum
212 2309 302 2360 alis,
324 2311 378 2361 ab
410 2319 530 2366 terg'o
563 2311 799 2365 pedestrem
834 2311 969 2351 aciem
1007 2309 1209 2349 adoritur.
1241 2309 1401 2349 clamor
1429 2310 1528 2350 inde

94 2380 232 2407 novus
265 2367 461 2407 accidens
493 2375 537 2407 et
569 2368 823 2408 Samnitium
857 2366 1005 2407 terruit
1037 2366 1224 2418 animos3
1255 2375 1297 2405 et
1330 2366 1544 2416 dictator‚·

91 2423 166 2464 ubi
187 2432 474 2479 respectantes
495 2424 683 2464 hostium
715 2424 1032 2479 antesignanos,
1056 2423 1308 2477 turbataque
1330 2422 1465 2477 signa,
1486 2431 1530 2463 et

134 2529 176 2560 95
201 2519 243 2556 Id
257 2525 342 2566 vero]
370 2525 408 2556 Id
431 2535 519 2562 vero,
537 2535 656 2565 nempe
671 2530 711 2555 ut
727 2535 783 2565 pe·
875 2529 916 2560 97
932 2524 1038 2555 *Sine
1054 2546 1063 2555 .
1075 2546 1082 2554 .
1098 2549 1105 2555 .
1123 2526 1280 2566 respectu]
1301 2521 1353 2557 Ita
1374 2533 1413 2557 ut
1430 2537 1529 2558 nemo

92 2572 248 2599 tei-entur
263 2569 355 2608 ligna
370 2568 411 2598 ad
432 2569 628 2598 struendum
649 2568 788 2605 vallum,
832 2573 1047 2608 respectaret,
1072 2569 1104 2598 id
1130 2574 1192 2606 est,
1221 2575 1398 2600 retrorsum
1426 2575 1527 2611 caput

94 2612 170 2642 fieri
183 2622 248 2642 non
266 2617 396 2652 poterat
412 2611 453 2642 ob
469 2611 707 2641 circumfusum
725 2621 787 2641 un·
831 2611 1009 2650 oculosque
1027 2612 1187 2642 flecteret.

96 2655 195 2694 dique
211 2657 398 2693 equitatum
414 2654 581 2685 hostilem.
874 2657 915 2688 98
925 2654 943 2672 ²¹²
958 2656 995 2685 [η
1010 2654 1274 2694 defatigationem
1290 2658 1440 2686 ultimam
1463 2663 1525 2686 aut

139 2698 304 2732 96*Loco
326 2699 434 2737 iniquo
459 2707 521 2728 non
547 2698 626 2727 hosti
649 2697 785 2737 cessum]
832 2702 952 2727 noctem
977 2697 1152 2736 spectabat]
1190 2699 1238 2728 Eo
1268 2709 1338 2729 rem
1369 2699 1530 2729 adducere

97 2739 175 2770 Ideo
198 2742 332 2771 cessisse
354 2741 533 2779 Romanos,
550 2740 637 2780 quod
660 2741 694 2770 in
719 2740 791 2770 loco
835 2741 1019 2776 videbatur,
1044 2748 1083 2770 ut
1112 2747 1281 2771 certamen
1313 2742 1422 2772 dirimi
1462 2752 1528 2771 non

96 2783 211 2822 iniquo
226 2789 351 2823 essent,
367 2793 435 2814 non
450 2784 536 2824 quod
553 2784 682 2815 hostem
693 2784 787 2814 time·
833 2786 956 2823 posset,
974 2783 1033 2813 nisi
1058 2789 1117 2815 aut
1140 2784 1376 2824 defatigatione
1400 2784 1532 2823 ultima,

96 2829 183 2857 rent.
254 2853 258 2856 .
835 2833 894 2857 aut
911 2831 1018 2858 nocte.
