<?xml version="1.0" encoding="UTF-8"?>
<!DOCTYPE html PUBLIC "-//W3C//DTD XHTML 1.0 Transitional//EN"
    "http://www.w3.org/TR/xhtml1/DTD/xhtml1-transitional.dtd">
<html xmlns="http://www.w3.org/1999/xhtml" xml:lang="en" lang="en">
 <head>
  <title>
</title>
<meta http-equiv="Content-Type" content="text/html;charset=utf-8" />
  <meta name='ocr-system' content='tesseract 3.04.00' />
  <meta name='ocr-capabilities' content='ocr_page ocr_carea ocr_par ocr_line ocrx_word'/>
</head>
<body>
  <div class='ocr_page' id='page_1' title='image "./historiarumaburb01livyuoft_0096.png"; bbox 0 0 1991 3250; ppageno 0'>
   <div class='ocr_carea' id='block_1_1' title="bbox 363 86 1258 132">
    <p class='ocr_par' dir='ltr' id='par_1_1' title="bbox 363 86 1258 132">
     <span class='ocr_line' id='line_1_1' title="bbox 363 86 1258 132; baseline -0.007 4"><span class='ocrx_word' id='word_1_1' title='bbox 363 90 414 125; x_wconf 80' lang='grc'>84</span> <span class='ocrx_word' id='word_1_2' title='bbox 905 92 1047 132; x_wconf 88' lang='grc' dir='ltr'><strong>ΤΙΤῙ</strong></span> <span class='ocrx_word' id='word_1_3' title='bbox 1088 86 1258 131; x_wconf 80' lang='lat' dir='ltr'>L1V11</span> 
     </span>
    </p>
   </div>
   <div class='ocr_carea' id='block_1_2' title="bbox 159 187 1804 1558">
    <p class='ocr_par' dir='ltr' id='par_1_2' title="bbox 159 187 1798 984">
     <span class='ocr_line' id='line_1_2' title="bbox 159 187 1794 251; baseline 0.006 -25"><span class='ocrx_word' id='word_1_4' title='bbox 159 193 203 226; x_wconf 76' lang='grc' dir='ltr'>υ.</span> <span class='ocrx_word' id='word_1_5' title='bbox 220 198 255 226; x_wconf 88' lang='lat' dir='ltr'>c.</span> <span class='ocrx_word' id='word_1_6' title='bbox 273 201 346 228; x_wconf 75' lang='lat'>245.</span> <span class='ocrx_word' id='word_1_7' title='bbox 374 187 430 229; x_wconf 91' lang='lat' dir='ltr'>do</span> <span class='ocrx_word' id='word_1_8' title='bbox 451 198 623 233; x_wconf 84' lang='lat' dir='ltr'>cautum</span> <span class='ocrx_word' id='word_1_9' title='bbox 639 202 718 247; x_wconf 85' lang='lat' dir='ltr'>est,</span> <span class='ocrx_word' id='word_1_10' title='bbox 735 209 802 246; x_wconf 87' lang='lat' dir='ltr'>ne,</span> <span class='ocrx_word' id='word_1_11' title='bbox 823 201 836 224; x_wconf 78' lang='lat'>⁵</span> <span class='ocrx_word' id='word_1_12' title='bbox 852 197 884 237; x_wconf 88' lang='lat' dir='ltr'>si</span> <span class='ocrx_word' id='word_1_13' title='bbox 907 197 1035 238; x_wconf 89' lang='lat' dir='ltr'>ambo</span> <span class='ocrx_word' id='word_1_14' title='bbox 1057 197 1190 238; x_wconf 85' lang='lat' dir='ltr'>fasces</span> <span class='ocrx_word' id='word_1_15' title='bbox 1213 195 1433 245; x_wconf 85' lang='lat' dir='ltr'>haberent,</span> <span class='ocrx_word' id='word_1_16' title='bbox 1452 193 1692 251; x_wconf 86' lang='lat' dir='ltr'>duplicatus</span> <span class='ocrx_word' id='word_1_17' title='bbox 1711 200 1794 235; x_wconf 87' lang='lat' dir='ltr'>ter-</span> 
     </span>
     <span class='ocr_line' id='line_1_3' title="bbox 162 239 1794 308; baseline 0.004 -23"><span class='ocrx_word' id='word_1_18' title='bbox 162 239 253 271; x_wconf 81' lang='lat' dir='ltr'>A.c.</span> <span class='ocrx_word' id='word_1_19' title='bbox 269 244 342 272; x_wconf 85' lang='lat'><strong>⁵⁰⁷·</strong></span> <span class='ocrx_word' id='word_1_20' title='bbox 376 258 446 286; x_wconf 88' lang='lat' dir='ltr'>ror</span> <span class='ocrx_word' id='word_1_21' title='bbox 467 247 694 292; x_wconf 86' lang='lat' dir='ltr'>videretur.</span> <span class='ocrx_word' id='word_1_22' title='bbox 746 252 907 294; x_wconf 87' lang='lat' dir='ltr'>Brutus</span> <span class='ocrx_word' id='word_1_23' title='bbox 928 255 1058 308; x_wconf 88' lang='lat' dir='ltr'>prior,</span> <span class='ocrx_word' id='word_1_24' title='bbox 1079 253 1341 294; x_wconf 88' lang='lat' dir='ltr'>concedente</span> <span class='ocrx_word' id='word_1_25' title='bbox 1362 251 1542 307; x_wconf 82' lang='lat' dir='ltr'>collega,</span> <span class='ocrx_word' id='word_1_26' title='bbox 1563 251 1697 293; x_wconf 89' lang='lat' dir='ltr'>fasces</span> <span class='ocrx_word' id='word_1_27' title='bbox 1719 251 1794 292; x_wconf 90' lang='lat' dir='ltr'>ha-</span> 
     </span>
     <span class='ocr_line' id='line_1_4' title="bbox 376 301 1794 362; baseline 0.005 -20"><span class='ocrx_word' id='word_1_28' title='bbox 376 301 494 345; x_wconf 88' lang='lat' dir='ltr'>buit:</span> <span class='ocrx_word' id='word_1_29' title='bbox 526 306 597 359; x_wconf 91' lang='lat' dir='ltr'>qui</span> <span class='ocrx_word' id='word_1_30' title='bbox 623 321 706 349; x_wconf 91' lang='lat' dir='ltr'>non</span> <span class='ocrx_word' id='word_1_31' title='bbox 729 310 865 350; x_wconf 83' lang='lat' dir='ltr'>acrior</span> <span class='ocrx_word' id='word_1_32' title='bbox 884 311 1042 351; x_wconf 86' lang='lat' dir='ltr'>vindex</span> <span class='ocrx_word' id='word_1_33' title='bbox 1073 309 1281 351; x_wconf 85' lang='lat' dir='ltr'>libertatis</span> <span class='ocrx_word' id='word_1_34' title='bbox 1310 308 1462 359; x_wconf 86' lang='lat' dir='ltr'>fuerat,</span> <span class='ocrx_word' id='word_1_35' title='bbox 1483 322 1610 362; x_wconf 84' lang='lat' dir='ltr'>quam</span> <span class='ocrx_word' id='word_1_36' title='bbox 1639 307 1794 349; x_wconf 88' lang='lat' dir='ltr'>deinde</span> 
     </span>
     <span class='ocr_line' id='line_1_5' title="bbox 263 361 1795 422; baseline 0.004 -23"><span class='ocrx_word' id='word_1_37' title='bbox 263 413 270 420; x_wconf 42' lang='lat'><strong>·</strong></span> <span class='ocrx_word' id='word_1_38' title='bbox 375 370 518 401; x_wconf 89' lang='lat' dir='ltr'>custos</span> <span class='ocrx_word' id='word_1_39' title='bbox 541 361 636 405; x_wconf 88' lang='lat' dir='ltr'>fuit.</span> <span class='ocrx_word' id='word_1_40' title='bbox 697 364 901 407; x_wconf 86' lang='lat' dir='ltr'>Omnium</span> <span class='ocrx_word' id='word_1_41' title='bbox 935 367 1120 422; x_wconf 87' lang='lat' dir='ltr'>primum</span> <span class='ocrx_word' id='word_1_42' title='bbox 1144 367 1320 407; x_wconf 82' lang='lat' dir='ltr'>avidum</span> <span class='ocrx_word' id='word_1_43' title='bbox 1343 380 1467 406; x_wconf 86' lang='lat' dir='ltr'>novae</span> <span class='ocrx_word' id='word_1_44' title='bbox 1488 365 1696 406; x_wconf 82' lang='lat' dir='ltr'>libertatis</span> <span class='ocrx_word' id='word_1_45' title='bbox 1717 379 1795 420; x_wconf 92' lang='lat' dir='ltr'>po-</span> 
     </span>
     <span class='ocr_line' id='line_1_6' title="bbox 163 411 1794 478; baseline 0.003 -22"><span class='ocrx_word' id='word_1_46' title='bbox 163 411 348 464; x_wconf 65' lang='lat' dir='ltr'>1’·R·J⁸¹s³,2</span> <span class='ocrx_word' id='word_1_47' title='bbox 376 415 539 470; x_wconf 87' lang='lat' dir='ltr'>pulum,</span> <span class='ocrx_word' id='word_1_48' title='bbox 561 433 614 460; x_wconf 90' lang='lat' dir='ltr'>ne</span> <span class='ocrx_word' id='word_1_49' title='bbox 637 423 909 475; x_wconf 87' lang='lat' dir='ltr'>postmodum</span> <span class='ocrx_word' id='word_1_50' title='bbox 932 424 1047 464; x_wconf 84' lang='lat' dir='ltr'>flecti</span> <span class='ocrx_word' id='word_1_51' title='bbox 1076 423 1274 478; x_wconf 89' lang='lat' dir='ltr'>precibus</span> <span class='ocrx_word' id='word_1_52' title='bbox 1294 431 1369 463; x_wconf 82' lang='lat' dir='ltr'>aut</span> <span class='ocrx_word' id='word_1_53' title='bbox 1398 421 1521 463; x_wconf 88' lang='lat' dir='ltr'>donis</span> <span class='ocrx_word' id='word_1_54' title='bbox 1548 421 1676 477; x_wconf 87' lang='lat' dir='ltr'>regiis</span> <span class='ocrx_word' id='word_1_55' title='bbox 1696 435 1794 476; x_wconf 85' lang='lat' dir='ltr'>pos-</span> 
     </span>
     <span class='ocr_line' id='line_1_7' title="bbox 162 464 1795 535; baseline 0.002 -21"><span class='ocrx_word' id='word_1_56' title='bbox 162 464 343 530; x_wconf 41' lang='lat' dir='ltr'>{03:³33ss</span> <span class='ocrx_word' id='word_1_57' title='bbox 377 482 455 531; x_wconf 82' lang='lat' dir='ltr'>set,</span> <span class='ocrx_word' id='word_1_58' title='bbox 471 473 750 531; x_wconf 82' lang='lat' dir='ltr'>jurejurando</span> <span class='ocrx_word' id='word_1_59' title='bbox 773 479 932 535; x_wconf 85' lang='lat' dir='ltr'>adegit,</span> <span class='ocrx_word' id='word_1_60' title='bbox 954 479 1168 521; x_wconf 86' lang='lat' dir='ltr'>neminem</span> <span class='ocrx_word' id='word_1_61' title='bbox 1193 479 1344 520; x_wconf 86' lang='lat' dir='ltr'>Romae</span> <span class='ocrx_word' id='word_1_62' title='bbox 1377 492 1573 534; x_wconf 86' lang='lat' dir='ltr'>passuros</span> <span class='ocrx_word' id='word_1_63' title='bbox 1605 491 1795 532; x_wconf 85' lang='lat' dir='ltr'>regnare.</span> 
     </span>
     <span class='ocr_line' id='line_1_8' title="bbox 162 528 1796 591; baseline 0.002 -21"><span class='ocrx_word' id='word_1_64' title='bbox 162 550 338 580; x_wconf 73' lang='lat' dir='ltr'>passurum,</span> <span class='ocrx_word' id='word_1_65' title='bbox 381 528 562 583; x_wconf 83' lang='lat' dir='ltr'>Deinde,</span> <span class='ocrx_word' id='word_1_66' title='bbox 585 547 670 588; x_wconf 91' lang='lat' dir='ltr'>quo</span> <span class='ocrx_word' id='word_1_67' title='bbox 694 535 784 589; x_wconf 90' lang='lat' dir='ltr'>plus</span> <span class='ocrx_word' id='word_1_68' title='bbox 806 536 961 576; x_wconf 86' lang='lat' dir='ltr'>virium</span> <span class='ocrx_word' id='word_1_69' title='bbox 985 537 1029 577; x_wconf 90' lang='lat' dir='ltr'>in</span> <span class='ocrx_word' id='word_1_70' title='bbox 1057 545 1204 577; x_wconf 86' lang='lat' dir='ltr'>senatu</span> <span class='ocrx_word' id='word_1_71' title='bbox 1225 536 1466 591; x_wconf 84' lang='lat' dir='ltr'>frequentia</span> <span class='ocrx_word' id='word_1_72' title='bbox 1485 535 1613 576; x_wconf 82' lang='lat' dir='ltr'>etiam</span> <span class='ocrx_word' id='word_1_73' title='bbox 1637 534 1796 575; x_wconf 78' lang='lat' dir='ltr'>ordinis</span> 
     </span>
     <span class='ocr_line' id='line_1_9' title="bbox 379 584 1796 648; baseline 0.004 -23"><span class='ocrx_word' id='word_1_74' title='bbox 379 584 550 638; x_wconf 86' lang='lat' dir='ltr'>faceret,</span> <span class='ocrx_word' id='word_1_75' title='bbox 580 590 770 632; x_wconf 85' lang='lat' dir='ltr'>caedibus</span> <span class='ocrx_word' id='word_1_76' title='bbox 802 592 912 648; x_wconf 85' lang='lat' dir='ltr'>regis</span> <span class='ocrx_word' id='word_1_77' title='bbox 944 593 1210 634; x_wconf 85' lang='lat' dir='ltr'>deminutum</span> <span class='ocrx_word' id='word_1_78' title='bbox 1245 593 1420 634; x_wconf 74' lang='lat' dir='ltr'>Parrum</span> <span class='ocrx_word' id='word_1_79' title='bbox 1451 605 1690 642; x_wconf 88' lang='lat' dir='ltr'>numerum,</span> <span class='ocrx_word' id='word_1_80' title='bbox 1711 590 1796 646; x_wconf 86' lang='lat' dir='ltr'>pri·</span> 
     </span>
     <span class='ocr_line' id='line_1_10' title="bbox 162 645 1797 704; baseline 0.005 -22"><span class='ocrx_word' id='word_1_81' title='bbox 162 657 333 697; x_wconf 81' lang='lat' dir='ltr'>Suppletur</span> <span class='ocrx_word' id='word_1_82' title='bbox 376 645 566 685; x_wconf 88' lang='lat' dir='ltr'>moribus</span> <span class='ocrx_word' id='word_1_83' title='bbox 595 648 801 701; x_wconf 89' lang='lat' dir='ltr'>equestris</span> <span class='ocrx_word' id='word_1_84' title='bbox 834 649 987 704; x_wconf 84' lang='lat' dir='ltr'>gradus</span> <span class='ocrx_word' id='word_1_85' title='bbox 1016 649 1154 700; x_wconf 89' lang='lat' dir='ltr'>lectis,</span> <span class='ocrx_word' id='word_1_86' title='bbox 1183 649 1235 690; x_wconf 88' lang='lat' dir='ltr'>ad</span> <span class='ocrx_word' id='word_1_87' title='bbox 1270 658 1557 691; x_wconf 84' lang='lat' dir='ltr'>trecentorum</span> <span class='ocrx_word' id='word_1_88' title='bbox 1585 661 1797 690; x_wconf 84' lang='lat' dir='ltr'>summam</span> 
     </span>
     <span class='ocr_line' id='line_1_11' title="bbox 162 699 1797 760; baseline 0.009 -30"><span class='ocrx_word' id='word_1_89' title='bbox 162 699 307 735; x_wconf 84' lang='lat' dir='ltr'>Senatus.</span> <span class='ocrx_word' id='word_1_90' title='bbox 374 703 389 725; x_wconf 88' lang='lat'><strong>⁶</strong></span> <span class='ocrx_word' id='word_1_91' title='bbox 403 701 606 756; x_wconf 80' lang='lat' dir='ltr'>explevit.</span> <span class='ocrx_word' id='word_1_92' title='bbox 625 704 912 760; x_wconf 86' lang='lat' dir='ltr'>traditumque</span> <span class='ocrx_word' id='word_1_93' title='bbox 930 706 1029 746; x_wconf 86' lang='lat' dir='ltr'>inde</span> <span class='ocrx_word' id='word_1_94' title='bbox 1048 706 1193 757; x_wconf 87' lang='lat' dir='ltr'>fertur,</span> <span class='ocrx_word' id='word_1_95' title='bbox 1217 715 1263 747; x_wconf 87' lang='lat' dir='ltr'>ut</span> <span class='ocrx_word' id='word_1_96' title='bbox 1286 706 1327 747; x_wconf 90' lang='lat' dir='ltr'>in</span> <span class='ocrx_word' id='word_1_97' title='bbox 1350 715 1544 747; x_wconf 88' lang='lat' dir='ltr'>senatum</span> <span class='ocrx_word' id='word_1_98' title='bbox 1564 712 1578 734; x_wconf 95' lang='lat'><strong>⁷</strong></span> <span class='ocrx_word' id='word_1_99' title='bbox 1596 717 1797 745; x_wconf 87' lang='lat' dir='ltr'>vocaren-</span> 
     </span>
     <span class='ocr_line' id='line_1_12' title="bbox 375 758 1798 818; baseline 0.002 -21"><span class='ocrx_word' id='word_1_100' title='bbox 375 763 458 807; x_wconf 86' lang='lat' dir='ltr'>tur,</span> <span class='ocrx_word' id='word_1_101' title='bbox 479 759 552 812; x_wconf 92' lang='lat' dir='ltr'>qui</span> <span class='ocrx_word' id='word_1_102' title='bbox 583 758 747 812; x_wconf 84' lang='lat' dir='ltr'>Patres,</span> <span class='ocrx_word' id='word_1_103' title='bbox 768 761 926 817; x_wconf 90' lang='lat' dir='ltr'>quique</span> <span class='ocrx_word' id='word_1_104' title='bbox 956 763 1189 817; x_wconf 87' lang='lat' dir='ltr'>conscripti</span> <span class='ocrx_word' id='word_1_105' title='bbox 1219 772 1373 804; x_wconf 89' lang='lat' dir='ltr'>essent.</span> <span class='ocrx_word' id='word_1_106' title='bbox 1402 762 1711 818; x_wconf 79' lang='lat' dir='ltr'>⁸conscriptOS,</span> <span class='ocrx_word' id='word_1_107' title='bbox 1735 761 1798 801; x_wconf 83' lang='lat' dir='ltr'>vi·</span> 
     </span>
     <span class='ocr_line' id='line_1_13' title="bbox 372 812 1796 874; baseline 0.004 -22"><span class='ocrx_word' id='word_1_108' title='bbox 372 812 543 865; x_wconf 85' lang='lat' dir='ltr'><strong>delicet,</strong></span> <span class='ocrx_word' id='word_1_109' title='bbox 563 815 607 857; x_wconf 89' lang='lat' dir='ltr'>in</span> <span class='ocrx_word' id='word_1_110' title='bbox 639 831 796 859; x_wconf 86' lang='lat' dir='ltr'>novum</span> <span class='ocrx_word' id='word_1_111' title='bbox 827 828 1022 861; x_wconf 87' lang='lat' dir='ltr'>senatum</span> <span class='ocrx_word' id='word_1_112' title='bbox 1047 819 1324 874; x_wconf 83' lang='lat' dir='ltr'>adpellabant</span> <span class='ocrx_word' id='word_1_113' title='bbox 1352 819 1500 860; x_wconf 85' lang='lat' dir='ltr'>lectos.</span> <span class='ocrx_word' id='word_1_114' title='bbox 1559 818 1610 860; x_wconf 88' lang='lat' dir='ltr'>Id</span> <span class='ocrx_word' id='word_1_115' title='bbox 1641 820 1796 859; x_wconf 82' lang='lat' dir='ltr'>mirum</span> 
     </span>
     <span class='ocr_line' id='line_1_14' title="bbox 375 874 1798 933; baseline 0.004 -23"><span class='ocrx_word' id='word_1_116' title='bbox 375 880 581 924; x_wconf 83' lang='lat' dir='ltr'>quantum</span> <span class='ocrx_word' id='word_1_117' title='bbox 603 874 766 928; x_wconf 88' lang='lat' dir='ltr'><strong>profuit</strong></span> <span class='ocrx_word' id='word_1_118' title='bbox 781 875 834 916; x_wconf 82' lang='lat' dir='ltr'>ad</span> <span class='ocrx_word' id='word_1_119' title='bbox 855 877 1131 918; x_wconf 87' lang='lat' dir='ltr'>concordiam</span> <span class='ocrx_word' id='word_1_120' title='bbox 1154 877 1341 918; x_wconf 87' lang='lat' dir='ltr'>civitatis</span> <span class='ocrx_word' id='word_1_121' title='bbox 1358 875 1691 933; x_wconf 87' lang='lat' dir='ltr'>jungendosque</span> <span class='ocrx_word' id='word_1_122' title='bbox 1713 875 1798 916; x_wconf 83' lang='lat' dir='ltr'>Pa-</span> 
     </span>
     <span class='ocr_line' id='line_1_15' title="bbox 377 928 873 984; baseline 0.014 -17"><span class='ocrx_word' id='word_1_123' title='bbox 377 928 512 969; x_wconf 86' lang='lat' dir='ltr'>tribus</span> <span class='ocrx_word' id='word_1_124' title='bbox 538 929 672 984; x_wconf 84' lang='lat' dir='ltr'>plebis</span> <span class='ocrx_word' id='word_1_125' title='bbox 693 933 873 973; x_wconf 86' lang='lat' dir='ltr'>animos.</span> 
     </span>
    </p>

    <p class='ocr_par' dir='ltr' id='par_1_3' title="bbox 164 984 1803 1506">
     <span class='ocr_line' id='line_1_16' title="bbox 434 984 1799 1044; baseline 0.002 -19"><span class='ocrx_word' id='word_1_126' title='bbox 434 984 497 1026; x_wconf 90' lang='grc' dir='ltr'>ΙΙ.</span> <span class='ocrx_word' id='word_1_127' title='bbox 531 986 692 1029; x_wconf 85' lang='lat' dir='ltr'><strong>Rerum</strong></span> <span class='ocrx_word' id='word_1_128' title='bbox 721 989 875 1030; x_wconf 90' lang='lat' dir='ltr'>deinde</span> <span class='ocrx_word' id='word_1_129' title='bbox 903 989 1145 1031; x_wconf 85' lang='lat' dir='ltr'>divinarum</span> <span class='ocrx_word' id='word_1_130' title='bbox 1175 989 1325 1030; x_wconf 86' lang='lat' dir='ltr'>habita</span> <span class='ocrx_word' id='word_1_131' title='bbox 1344 1004 1460 1031; x_wconf 85' lang='lat' dir='ltr'>cura.</span> <span class='ocrx_word' id='word_1_132' title='bbox 1481 998 1538 1040; x_wconf 90' lang='lat' dir='ltr'>et,</span> <span class='ocrx_word' id='word_1_133' title='bbox 1560 988 1661 1044; x_wconf 89' lang='lat' dir='ltr'>quia</span> <span class='ocrx_word' id='word_1_134' title='bbox 1680 1002 1799 1043; x_wconf 87' lang='lat' dir='ltr'>quae-</span> 
     </span>
     <span class='ocr_line' id='line_1_17' title="bbox 375 1041 1800 1102; baseline 0.003 -21"><span class='ocrx_word' id='word_1_135' title='bbox 375 1041 473 1082; x_wconf 84' lang='lat' dir='ltr'>dam</span> <span class='ocrx_word' id='word_1_136' title='bbox 498 1043 669 1098; x_wconf 88' lang='lat' dir='ltr'>publica</span> <span class='ocrx_word' id='word_1_137' title='bbox 690 1060 808 1087; x_wconf 86' lang='lat' dir='ltr'>sacra</span> <span class='ocrx_word' id='word_1_138' title='bbox 830 1061 904 1102; x_wconf 88' lang='lat' dir='ltr'>per</span> <span class='ocrx_word' id='word_1_139' title='bbox 925 1049 1040 1102; x_wconf 88' lang='lat' dir='ltr'>ipsos</span> <span class='ocrx_word' id='word_1_140' title='bbox 1062 1061 1183 1102; x_wconf 85' lang='lat' dir='ltr'>reges</span> <span class='ocrx_word' id='word_1_141' title='bbox 1214 1046 1416 1088; x_wconf 83' lang='lat' dir='ltr'>factitata</span> <span class='ocrx_word' id='word_1_142' title='bbox 1444 1056 1580 1096; x_wconf 87' lang='lat' dir='ltr'>erant,</span> <span class='ocrx_word' id='word_1_143' title='bbox 1600 1051 1616 1073; x_wconf 84' lang='lat'>⁹</span> <span class='ocrx_word' id='word_1_144' title='bbox 1631 1058 1683 1086; x_wconf 90' lang='lat' dir='ltr'>ne</span> <span class='ocrx_word' id='word_1_145' title='bbox 1704 1045 1800 1086; x_wconf 85' lang='lat' dir='ltr'>ubi-</span> 
     </span>
     <span class='ocr_line' id='line_1_18' title="bbox 376 1099 1800 1160; baseline 0.002 -21"><span class='ocrx_word' id='word_1_146' title='bbox 376 1099 451 1139; x_wconf 88' lang='lat' dir='ltr'>ubi</span> <span class='ocrx_word' id='word_1_147' title='bbox 471 1114 619 1155; x_wconf 88' lang='lat' dir='ltr'>regum</span> <span class='ocrx_word' id='word_1_148' title='bbox 642 1101 898 1144; x_wconf 89' lang='lat' dir='ltr'>desiderium</span> <span class='ocrx_word' id='word_1_149' title='bbox 920 1113 1044 1155; x_wconf 87' lang='lat' dir='ltr'>esset,</span> <span class='ocrx_word' id='word_1_150' title='bbox 1062 1118 1207 1160; x_wconf 87' lang='lat' dir='ltr'>regem</span> <span class='ocrx_word' id='word_1_151' title='bbox 1229 1103 1514 1145; x_wconf 86' lang='lat' dir='ltr'>sacrificulum</span> <span class='ocrx_word' id='word_1_152' title='bbox 1535 1110 1695 1144; x_wconf 84' lang='lat' dir='ltr'>creant.</span> <span class='ocrx_word' id='word_1_153' title='bbox 1747 1100 1800 1142; x_wconf 93' lang='lat' dir='ltr'>Id</span> 
     </span>
     <span class='ocr_line' id='line_1_19' title="bbox 375 1157 1803 1216; baseline 0.002 -20"><span class='ocrx_word' id='word_1_154' title='bbox 375 1158 662 1199; x_wconf 77' lang='lat' dir='ltr'>sacerdotium</span> <span class='ocrx_word' id='word_1_155' title='bbox 694 1160 891 1214; x_wconf 88' lang='lat' dir='ltr'>pontifici</span> <span class='ocrx_word' id='word_1_156' title='bbox 916 1166 947 1186; x_wconf 89' lang='lat'>¹⁰</span> <span class='ocrx_word' id='word_1_157' title='bbox 961 1161 1195 1216; x_wconf 86' lang='lat' dir='ltr'>subjecere,</span> <span class='ocrx_word' id='word_1_158' title='bbox 1219 1167 1244 1187; x_wconf 93' lang='lat'>¹¹</span> <span class='ocrx_word' id='word_1_159' title='bbox 1262 1175 1315 1201; x_wconf 91' lang='lat' dir='ltr'>ne</span> <span class='ocrx_word' id='word_1_160' title='bbox 1336 1160 1505 1202; x_wconf 82' lang='lat' dir='ltr'>additus</span> <span class='ocrx_word' id='word_1_161' title='bbox 1536 1158 1698 1200; x_wconf 88' lang='lat' dir='ltr'>nomini</span> <span class='ocrx_word' id='word_1_162' title='bbox 1721 1157 1803 1199; x_wconf 85' lang='lat' dir='ltr'>ho-</span> 
     </span>
     <span class='ocr_line' id='line_1_20' title="bbox 375 1213 1800 1273; baseline 0.002 -20"><span class='ocrx_word' id='word_1_163' title='bbox 375 1227 454 1254; x_wconf 90' lang='lat' dir='ltr'>nos</span> <span class='ocrx_word' id='word_1_164' title='bbox 483 1213 644 1270; x_wconf 89' lang='lat' dir='ltr'>aliquid</span> <span class='ocrx_word' id='word_1_165' title='bbox 666 1215 868 1269; x_wconf 84' lang='lat' dir='ltr'>libertati,</span> <span class='ocrx_word' id='word_1_166' title='bbox 890 1217 1013 1272; x_wconf 89' lang='lat' dir='ltr'>cujus</span> <span class='ocrx_word' id='word_1_167' title='bbox 1036 1228 1138 1258; x_wconf 91' lang='lat' dir='ltr'>tunc</span> <span class='ocrx_word' id='word_1_168' title='bbox 1161 1217 1297 1273; x_wconf 85' lang='lat' dir='ltr'>prima</span> <span class='ocrx_word' id='word_1_169' title='bbox 1318 1227 1412 1258; x_wconf 85' lang='lat' dir='ltr'>erat</span> <span class='ocrx_word' id='word_1_170' title='bbox 1441 1231 1556 1268; x_wconf 87' lang='lat' dir='ltr'>cura,</span> <span class='ocrx_word' id='word_1_171' title='bbox 1579 1216 1800 1257; x_wconf 88' lang='lat' dir='ltr'>obficeret.</span> 
     </span>
     <span class='ocr_line' id='line_1_21' title="bbox 376 1272 1801 1330; baseline 0.001 -19"><span class='ocrx_word' id='word_1_172' title='bbox 376 1285 427 1311; x_wconf 79' lang='lat' dir='ltr'>ac</span> <span class='ocrx_word' id='word_1_173' title='bbox 460 1274 489 1295; x_wconf 68' lang='lat'>¹2</span> <span class='ocrx_word' id='word_1_174' title='bbox 504 1272 664 1324; x_wconf 88' lang='lat' dir='ltr'>nescio,</span> <span class='ocrx_word' id='word_1_175' title='bbox 686 1288 755 1324; x_wconf 88' lang='lat' dir='ltr'>an,</span> <span class='ocrx_word' id='word_1_176' title='bbox 776 1274 902 1315; x_wconf 84' lang='lat' dir='ltr'>nimis</span> <span class='ocrx_word' id='word_1_177' title='bbox 933 1275 1121 1330; x_wconf 89' lang='lat' dir='ltr'>undique</span> <span class='ocrx_word' id='word_1_178' title='bbox 1141 1289 1234 1316; x_wconf 84' lang='lat' dir='ltr'>eam</span> <span class='ocrx_word' id='word_1_179' title='bbox 1265 1274 1454 1316; x_wconf 88' lang='lat' dir='ltr'>minimis</span> <span class='ocrx_word' id='word_1_180' title='bbox 1483 1287 1654 1330; x_wconf 90' lang='lat' dir='ltr'>quoque</span> <span class='ocrx_word' id='word_1_181' title='bbox 1675 1273 1801 1313; x_wconf 87' lang='lat' dir='ltr'>rebus</span> 
     </span>
     <span class='ocr_line' id='line_1_22' title="bbox 164 1327 1803 1380; baseline 0.001 -12"><span class='ocrx_word' id='word_1_182' title='bbox 164 1345 337 1376; x_wconf 69' lang='lat' dir='ltr'>Collatinus</span> <span class='ocrx_word' id='word_1_183' title='bbox 378 1327 626 1380; x_wconf 86' lang='lat' dir='ltr'>muniendo,</span> <span class='ocrx_word' id='word_1_184' title='bbox 663 1331 839 1372; x_wconf 87' lang='lat' dir='ltr'>modum</span> <span class='ocrx_word' id='word_1_185' title='bbox 880 1332 1154 1373; x_wconf 82' lang='lat' dir='ltr'>excesserint.</span> <span class='ocrx_word' id='word_1_186' title='bbox 1215 1331 1414 1373; x_wconf 83' lang='lat' dir='ltr'>Consulis</span> <span class='ocrx_word' id='word_1_187' title='bbox 1455 1332 1570 1371; x_wconf 90' lang='lat' dir='ltr'>enim</span> <span class='ocrx_word' id='word_1_188' title='bbox 1613 1329 1803 1380; x_wconf 84' lang='lat' dir='ltr'>alterius,</span> 
     </span>
     <span class='ocr_line' id='line_1_23' title="bbox 164 1385 1801 1440; baseline -0.001 -12"><span class='ocrx_word' id='word_1_189' title='bbox 164 1388 352 1440; x_wconf 43' lang='lat' dir='ltr'>otrTaf-qui-</span> <span class='ocrx_word' id='word_1_190' title='bbox 378 1399 510 1438; x_wconf 89' lang='lat' dir='ltr'>quum</span> <span class='ocrx_word' id='word_1_191' title='bbox 533 1385 640 1427; x_wconf 89' lang='lat' dir='ltr'>nihil</span> <span class='ocrx_word' id='word_1_192' title='bbox 672 1387 787 1428; x_wconf 89' lang='lat' dir='ltr'>aliud</span> <span class='ocrx_word' id='word_1_193' title='bbox 818 1387 1076 1439; x_wconf 81' lang='lat' dir='ltr'>obfenderit,</span> <span class='ocrx_word' id='word_1_194' title='bbox 1099 1403 1255 1430; x_wconf 88' lang='lat' dir='ltr'>nomen</span> <span class='ocrx_word' id='word_1_195' title='bbox 1288 1389 1472 1429; x_wconf 88' lang='lat' dir='ltr'>invisum</span> <span class='ocrx_word' id='word_1_196' title='bbox 1505 1386 1672 1429; x_wconf 88' lang='lat' dir='ltr'>civitati</span> <span class='ocrx_word' id='word_1_197' title='bbox 1705 1386 1801 1427; x_wconf 83' lang='lat' dir='ltr'>fuit.</span> 
     </span>
     <span class='ocr_line' id='line_1_24' title="bbox 164 1440 1801 1506; baseline 0.001 -25"><span class='ocrx_word' id='word_1_198' title='bbox 164 1442 336 1506; x_wconf 55' lang='lat' dir='ltr'>3}‡.5¹}⁰me¹²</span> <span class='ocrx_word' id='word_1_199' title='bbox 381 1440 566 1482; x_wconf 77' lang='lat' dir='ltr'><em>Nimium</em></span> <span class='ocrx_word' id='word_1_200' title='bbox 591 1442 831 1499; x_wconf 78' lang='lat' dir='ltr'>Tarquinios</span> <span class='ocrx_word' id='word_1_201' title='bbox 861 1460 981 1501; x_wconf 76' lang='lat' dir='ltr'>regno</span> <span class='ocrx_word' id='word_1_202' title='bbox 1014 1445 1200 1486; x_wconf 81' lang='lat' dir='ltr'>adsuesse.</span> <span class='ocrx_word' id='word_1_203' title='bbox 1219 1445 1381 1486; x_wconf 77' lang='lat' dir='ltr'>initium</span> <span class='ocrx_word' id='word_1_204' title='bbox 1403 1461 1428 1486; x_wconf 86' lang='grc' dir='ltr'>ιι</span> <span class='ocrx_word' id='word_1_205' title='bbox 1459 1444 1603 1485; x_wconf 81' lang='lat' dir='ltr'>Prisco</span> <span class='ocrx_word' id='word_1_206' title='bbox 1619 1443 1801 1501; x_wconf 61' lang='lat' dir='ltr'>jactum.</span> 
     </span>
    </p>

    <p class='ocr_par' dir='ltr' id='par_1_4' title="bbox 248 1487 1804 1558">
     <span class='ocr_line' id='line_1_25' title="bbox 248 1487 1804 1558; baseline 0.001 -18"><span class='ocrx_word' id='word_1_207' title='bbox 248 1487 292 1509; x_wconf 62' lang='lat'>‘¹⁵‘</span> <span class='ocrx_word' id='word_1_208' title='bbox 380 1496 584 1554; x_wconf 81' lang='lat' dir='ltr'>Regnasse</span> <span class='ocrx_word' id='word_1_209' title='bbox 615 1499 756 1542; x_wconf 79' lang='lat' dir='ltr'>deinde</span> <span class='ocrx_word' id='word_1_210' title='bbox 791 1502 880 1543; x_wconf 86' lang='lat' dir='ltr'>Ser.</span> <span class='ocrx_word' id='word_1_211' title='bbox 915 1502 1109 1543; x_wconf 75' lang='lat' dir='ltr'>Tullium.</span> <span class='ocrx_word' id='word_1_212' title='bbox 1142 1505 1168 1526; x_wconf 75' lang='lat'>¹³</span> <span class='ocrx_word' id='word_1_213' title='bbox 1183 1517 1232 1543; x_wconf 85' lang='lat' dir='ltr'>ne</span> <span class='ocrx_word' id='word_1_214' title='bbox 1261 1501 1475 1544; x_wconf 79' lang='lat' dir='ltr'>intervallo</span> <span class='ocrx_word' id='word_1_215' title='bbox 1507 1500 1664 1558; x_wconf 83' lang='lat' dir='ltr'>quidem</span> <span class='ocrx_word' id='word_1_216' title='bbox 1677 1499 1804 1558; x_wconf 82' lang='lat' dir='ltr'>facto</span> 
     </span>
    </p>
   </div>
   <div class='ocr_carea' id='block_1_3' title="bbox 163 981 364 1055">
    <p class='ocr_par' dir='ltr' id='par_1_5' title="bbox 163 981 364 1055">
     <span class='ocr_line' id='line_1_26' title="bbox 163 981 364 1012; baseline 0.01 -2"><span class='ocrx_word' id='word_1_217' title='bbox 163 981 228 1010; x_wconf 78' lang='lat' dir='ltr'>Rex</span> <span class='ocrx_word' id='word_1_218' title='bbox 250 982 364 1012; x_wconf 84' lang='lat' dir='ltr'>sacrifi-</span> 
     </span>
     <span class='ocr_line' id='line_1_27' title="bbox 164 1024 262 1055; baseline 0.041 -4"><span class='ocrx_word' id='word_1_219' title='bbox 164 1024 262 1055; x_wconf 86' lang='lat' dir='ltr'>culus.</span> 
     </span>
    </p>
   </div>
   <div class='ocr_carea' id='block_1_4' title="bbox 374 1601 1818 2861">
    <p class='ocr_par' dir='ltr' id='par_1_6' title="bbox 374 1601 1804 1954">
     <span class='ocr_line' id='line_1_28' title="bbox 421 1601 1798 1645; baseline 0.001 -12"><span class='ocrx_word' id='word_1_220' title='bbox 421 1605 438 1633; x_wconf 92' lang='grc'>5</span> <span class='ocrx_word' id='word_1_221' title='bbox 465 1601 503 1633; x_wconf 72' lang='lat' dir='ltr'>Si</span> <span class='ocrx_word' id='word_1_222' title='bbox 538 1604 630 1635; x_wconf 80' lang='lat' dir='ltr'><em>ambo</em></span> <span class='ocrx_word' id='word_1_223' title='bbox 648 1604 760 1645; x_wconf 80' lang='lat' dir='ltr'>fasces</span> <span class='ocrx_word' id='word_1_224' title='bbox 788 1605 953 1645; x_wconf 77' lang='lat' dir='ltr'>haberent]</span> <span class='ocrx_word' id='word_1_225' title='bbox 986 1605 1067 1636; x_wconf 85' lang='lat' dir='ltr'>Vult</span> <span class='ocrx_word' id='word_1_226' title='bbox 1109 1609 1218 1637; x_wconf 85' lang='lat' dir='ltr'>tratus</span> <span class='ocrx_word' id='word_1_227' title='bbox 1242 1606 1296 1636; x_wconf 89' lang='lat' dir='ltr'>cui</span> <span class='ocrx_word' id='word_1_228' title='bbox 1309 1610 1445 1636; x_wconf 83' lang='lat' dir='ltr'>senatus</span> <span class='ocrx_word' id='word_1_229' title='bbox 1462 1603 1664 1636; x_wconf 86' lang='lat' dir='ltr'>convocandi</span> <span class='ocrx_word' id='word_1_230' title='bbox 1674 1603 1732 1643; x_wconf 84' lang='lat' dir='ltr'>jus</span> <span class='ocrx_word' id='word_1_231' title='bbox 1749 1613 1798 1634; x_wconf 79' lang='lat' dir='ltr'>es-</span> 
     </span>
     <span class='ocr_line' id='line_1_29' title="bbox 375 1643 1170 1686; baseline 0.005 -11"><span class='ocrx_word' id='word_1_232' title='bbox 375 1643 476 1676; x_wconf 88' lang='lat' dir='ltr'>Dion.</span> <span class='ocrx_word' id='word_1_233' title='bbox 521 1646 543 1676; x_wconf 88' lang='lat' dir='ltr'>l.</span> <span class='ocrx_word' id='word_1_234' title='bbox 578 1647 619 1678; x_wconf 87' lang='lat' dir='ltr'>V.</span> <span class='ocrx_word' id='word_1_235' title='bbox 658 1649 853 1679; x_wconf 86' lang='lat' dir='ltr'>institutum</span> <span class='ocrx_word' id='word_1_236' title='bbox 891 1655 987 1686; x_wconf 85' lang='lat' dir='ltr'>tunc,</span> <span class='ocrx_word' id='word_1_237' title='bbox 1026 1656 1066 1678; x_wconf 87' lang='lat' dir='ltr'>ut</span> <span class='ocrx_word' id='word_1_238' title='bbox 1109 1655 1170 1680; x_wconf 84' lang='lat' dir='ltr'>set.</span> 
     </span>
     <span class='ocr_line' id='line_1_30' title="bbox 375 1690 1803 1732; baseline 0.002 -14"><span class='ocrx_word' id='word_1_239' title='bbox 375 1694 557 1728; x_wconf 85' lang='lat' dir='ltr'>utrumque</span> <span class='ocrx_word' id='word_1_240' title='bbox 587 1691 756 1722; x_wconf 83' lang='lat' dir='ltr'>consulem</span> <span class='ocrx_word' id='word_1_241' title='bbox 794 1691 968 1722; x_wconf 86' lang='lat' dir='ltr'>duodecim</span> <span class='ocrx_word' id='word_1_242' title='bbox 1007 1692 1066 1722; x_wconf 88' lang='lat' dir='ltr'>lic·</span> <span class='ocrx_word' id='word_1_243' title='bbox 1154 1696 1172 1723; x_wconf 85' lang='lat'><strong>8</strong></span> <span class='ocrx_word' id='word_1_244' title='bbox 1201 1692 1394 1732; x_wconf 71' lang='lat' dir='ltr'>conscriptos</span> <span class='ocrx_word' id='word_1_245' title='bbox 1408 1714 1414 1721; x_wconf 89' lang='lat'>.</span> <span class='ocrx_word' id='word_1_246' title='bbox 1427 1713 1434 1722; x_wconf 92' lang='lat'><em>.</em></span> <span class='ocrx_word' id='word_1_247' title='bbox 1447 1713 1453 1720; x_wconf 92' lang='lat'><strong>.</strong></span> <span class='ocrx_word' id='word_1_248' title='bbox 1467 1690 1688 1732; x_wconf 77' lang='lat' dir='ltr'><em>appellabam]</em></span> <span class='ocrx_word' id='word_1_249' title='bbox 1709 1690 1803 1721; x_wconf 80' lang='lat' dir='ltr'>Post-</span> 
     </span>
     <span class='ocr_line' id='line_1_31' title="bbox 374 1734 1803 1774; baseline 0.001 -12"><span class='ocrx_word' id='word_1_250' title='bbox 374 1735 463 1763; x_wconf 88' lang='lat' dir='ltr'>tores</span> <span class='ocrx_word' id='word_1_251' title='bbox 497 1734 736 1772; x_wconf 79' lang='lat' dir='ltr'>praecederent,</span> <span class='ocrx_word' id='word_1_252' title='bbox 759 1735 817 1766; x_wconf 83' lang='lat' dir='ltr'>sed</span> <span class='ocrx_word' id='word_1_253' title='bbox 841 1736 888 1766; x_wconf 87' lang='lat' dir='ltr'>ita</span> <span class='ocrx_word' id='word_1_254' title='bbox 910 1741 949 1766; x_wconf 89' lang='lat' dir='ltr'>ut</span> <span class='ocrx_word' id='word_1_255' title='bbox 972 1735 1067 1766; x_wconf 83' lang='lat' dir='ltr'>alteri</span> <span class='ocrx_word' id='word_1_256' title='bbox 1111 1745 1150 1767; x_wconf 83' lang='lat' dir='ltr'>ea</span> <span class='ocrx_word' id='word_1_257' title='bbox 1171 1736 1331 1772; x_wconf 83' lang='lat' dir='ltr'>obtinuit,</span> <span class='ocrx_word' id='word_1_258' title='bbox 1347 1742 1387 1765; x_wconf 85' lang='lat' dir='ltr'>ut</span> <span class='ocrx_word' id='word_1_259' title='bbox 1409 1741 1576 1765; x_wconf 72' lang='lat' dir='ltr'>senatores</span> <span class='ocrx_word' id='word_1_260' title='bbox 1598 1743 1714 1764; x_wconf 87' lang='lat' dir='ltr'>omnes</span> <span class='ocrx_word' id='word_1_261' title='bbox 1729 1743 1803 1774; x_wconf 88' lang='lat' dir='ltr'>pro-</span> 
     </span>
     <span class='ocr_line' id='line_1_32' title="bbox 376 1777 1804 1818; baseline 0.001 -13"><span class='ocrx_word' id='word_1_262' title='bbox 376 1785 507 1806; x_wconf 85' lang='lat' dir='ltr'>secures</span> <span class='ocrx_word' id='word_1_263' title='bbox 521 1787 595 1807; x_wconf 81' lang='lat' dir='ltr'>cum</span> <span class='ocrx_word' id='word_1_264' title='bbox 609 1778 765 1815; x_wconf 81' lang='lat' dir='ltr'>fascibus,</span> <span class='ocrx_word' id='word_1_265' title='bbox 779 1778 874 1809; x_wconf 86' lang='lat' dir='ltr'>alteri</span> <span class='ocrx_word' id='word_1_266' title='bbox 888 1779 991 1809; x_wconf 79' lang='lat' dir='ltr'>fasces</span> <span class='ocrx_word' id='word_1_267' title='bbox 1008 1779 1068 1809; x_wconf 86' lang='lat' dir='ltr'>soli</span> <span class='ocrx_word' id='word_1_268' title='bbox 1111 1779 1533 1818; x_wconf 74' lang='lat' dir='ltr'>miscuePatreseonscripti</span> <span class='ocrx_word' id='word_1_269' title='bbox 1544 1777 1804 1818; x_wconf 81' lang='lat' dir='ltr'>appellarentur.</span> 
     </span>
     <span class='ocr_line' id='line_1_33' title="bbox 376 1820 1803 1862; baseline 0.001 -13"><span class='ocrx_word' id='word_1_270' title='bbox 376 1820 631 1859; x_wconf 62' lang='lat' dir='ltr'>praeferrentur:</span> <span class='ocrx_word' id='word_1_271' title='bbox 655 1822 795 1861; x_wconf 88' lang='lat' dir='ltr'>singulis</span> <span class='ocrx_word' id='word_1_272' title='bbox 818 1828 930 1852; x_wconf 80' lang='lat' dir='ltr'>autem</span> <span class='ocrx_word' id='word_1_273' title='bbox 947 1823 1070 1852; x_wconf 71' lang='lat' dir='ltr'>mensi-</span> <span class='ocrx_word' id='word_1_274' title='bbox 1154 1828 1174 1858; x_wconf 88' lang='grc'><strong>9</strong></span> <span class='ocrx_word' id='word_1_275' title='bbox 1200 1823 1253 1852; x_wconf 82' lang='lat' dir='ltr'>Ne</span> <span class='ocrx_word' id='word_1_276' title='bbox 1274 1821 1396 1862; x_wconf 68' lang='lat' dir='ltr'>ubiubz]</span> <span class='ocrx_word' id='word_1_277' title='bbox 1415 1822 1466 1852; x_wconf 78' lang='lat' dir='ltr'>Ne</span> <span class='ocrx_word' id='word_1_278' title='bbox 1484 1830 1680 1861; x_wconf 83' lang='lat' dir='ltr'>quacunque</span> <span class='ocrx_word' id='word_1_279' title='bbox 1704 1821 1737 1850; x_wconf 83' lang='lat' dir='ltr'>in</span> <span class='ocrx_word' id='word_1_280' title='bbox 1756 1830 1803 1858; x_wconf 87' lang='lat' dir='ltr'>re,</span> 
     </span>
     <span class='ocr_line' id='line_1_34' title="bbox 377 1863 1802 1905; baseline 0.001 -12"><span class='ocrx_word' id='word_1_281' title='bbox 377 1863 437 1893; x_wconf 83' lang='lat' dir='ltr'>bus</span> <span class='ocrx_word' id='word_1_282' title='bbox 454 1873 584 1894; x_wconf 80' lang='lat' dir='ltr'>secures</span> <span class='ocrx_word' id='word_1_283' title='bbox 606 1865 667 1895; x_wconf 88' lang='lat' dir='ltr'>sibi</span> <span class='ocrx_word' id='word_1_284' title='bbox 683 1866 826 1895; x_wconf 87' lang='lat' dir='ltr'>vicissim</span> <span class='ocrx_word' id='word_1_285' title='bbox 845 1865 979 1905; x_wconf 84' lang='lat' dir='ltr'>collegae</span> <span class='ocrx_word' id='word_1_286' title='bbox 1001 1870 1070 1895; x_wconf 81' lang='lat' dir='ltr'>tra·</span> <span class='ocrx_word' id='word_1_287' title='bbox 1113 1875 1310 1905; x_wconf 86' lang='lat' dir='ltr'>quocunque</span> <span class='ocrx_word' id='word_1_288' title='bbox 1327 1866 1361 1895; x_wconf 90' lang='lat' dir='ltr'>in</span> <span class='ocrx_word' id='word_1_289' title='bbox 1381 1865 1464 1896; x_wconf 84' lang='lat' dir='ltr'>loco.</span> <span class='ocrx_word' id='word_1_290' title='bbox 1479 1865 1532 1895; x_wconf 90' lang='lat' dir='ltr'>Sic</span> <span class='ocrx_word' id='word_1_291' title='bbox 1555 1865 1671 1896; x_wconf 81' lang='lat' dir='ltr'>Horat.</span> <span class='ocrx_word' id='word_1_292' title='bbox 1686 1864 1755 1894; x_wconf 87' lang='lat' dir='ltr'>Sat.</span> <span class='ocrx_word' id='word_1_293' title='bbox 1771 1867 1802 1895; x_wconf 87' lang='lat'>3.</span> 
     </span>
     <span class='ocr_line' id='line_1_35' title="bbox 377 1906 1803 1954; baseline 0.001 -18"><span class='ocrx_word' id='word_1_294' title='bbox 377 1906 504 1937; x_wconf 63' lang='lat' dir='ltr'>derunt.</span> <span class='ocrx_word' id='word_1_295' title='bbox 530 1908 617 1938; x_wconf 85' lang='lat' dir='ltr'>Usus</span> <span class='ocrx_word' id='word_1_296' title='bbox 627 1909 782 1947; x_wconf 80' lang='lat' dir='ltr'>posteain</span> <span class='ocrx_word' id='word_1_297' title='bbox 795 1909 908 1939; x_wconf 89' lang='lat' dir='ltr'>multis</span> <span class='ocrx_word' id='word_1_298' title='bbox 922 1910 1069 1939; x_wconf 80' lang='lat' dir='ltr'>variavit.</span> <span class='ocrx_word' id='word_1_299' title='bbox 1112 1909 1133 1939; x_wconf 94' lang='lat' dir='ltr'>l.</span> <span class='ocrx_word' id='word_1_300' title='bbox 1152 1909 1177 1939; x_wconf 92' lang='lat'>1.</span> <span class='ocrx_word' id='word_1_301' title='bbox 1195 1920 1223 1940; x_wconf 90' lang='lat' dir='ltr'>v.</span> <span class='ocrx_word' id='word_1_302' title='bbox 1240 1913 1291 1940; x_wconf 73' lang='lat'>83.</span> <span class='ocrx_word' id='word_1_303' title='bbox 1307 1918 1455 1939; x_wconf 79' lang='lat' dir='ltr'>nummos</span> <span class='ocrx_word' id='word_1_304' title='bbox 1467 1908 1638 1939; x_wconf 76' lang='lat' dir='ltr'>undeunde</span> <span class='ocrx_word' id='word_1_305' title='bbox 1653 1909 1803 1954; x_wconf 65' lang='lat' dir='ltr'>extricat.</span> 
     </span>
    </p>

    <p class='ocr_par' dir='ltr' id='par_1_7' title="bbox 376 1949 1818 2685">
     <span class='ocr_line' id='line_1_36' title="bbox 422 1949 1802 1992; baseline 0.001 -12"><span class='ocrx_word' id='word_1_306' title='bbox 422 1950 442 1980; x_wconf 88' lang='lat'>6</span> <span class='ocrx_word' id='word_1_307' title='bbox 466 1949 634 1991; x_wconf 71' lang='lat' dir='ltr'>Explerit]</span> <span class='ocrx_word' id='word_1_308' title='bbox 648 1951 850 1991; x_wconf 82' lang='lat' dir='ltr'>Tarquinius</span> <span class='ocrx_word' id='word_1_309' title='bbox 864 1953 992 1983; x_wconf 85' lang='lat' dir='ltr'>Priscus</span> <span class='ocrx_word' id='word_1_310' title='bbox 1005 1957 1069 1983; x_wconf 85' lang='lat' dir='ltr'>tre·</span> <span class='ocrx_word' id='word_1_311' title='bbox 1115 1953 1271 1984; x_wconf 85' lang='lat' dir='ltr'>Ceterum</span> <span class='ocrx_word' id='word_1_312' title='bbox 1287 1952 1384 1992; x_wconf 80' lang='lat' dir='ltr'>vulgo</span> <span class='ocrx_word' id='word_1_313' title='bbox 1400 1952 1479 1982; x_wconf 85' lang='lat' dir='ltr'>editi</span> <span class='ocrx_word' id='word_1_314' title='bbox 1497 1957 1574 1983; x_wconf 85' lang='lat' dir='ltr'>ante</span> <span class='ocrx_word' id='word_1_315' title='bbox 1598 1951 1802 1981; x_wconf 84' lang='lat' dir='ltr'>Gronovium</span> 
     </span>
     <span class='ocr_line' id='line_1_37' title="bbox 376 1995 1806 2036; baseline 0.001 -13"><span class='ocrx_word' id='word_1_316' title='bbox 376 1999 552 2024; x_wconf 86' lang='lat' dir='ltr'>centorum</span> <span class='ocrx_word' id='word_1_317' title='bbox 584 1995 720 2025; x_wconf 86' lang='lat' dir='ltr'>Patrum</span> <span class='ocrx_word' id='word_1_318' title='bbox 750 2005 927 2026; x_wconf 89' lang='lat' dir='ltr'>numerum</span> <span class='ocrx_word' id='word_1_319' title='bbox 958 1996 1068 2036; x_wconf 79' lang='lat' dir='ltr'>exple·</span> <span class='ocrx_word' id='word_1_320' title='bbox 1110 1996 1277 2027; x_wconf 85' lang='lat' dir='ltr'>habebant</span> <span class='ocrx_word' id='word_1_321' title='bbox 1291 1996 1422 2028; x_wconf 56' lang='lat' dir='ltr'>nectam·</span> <span class='ocrx_word' id='word_1_322' title='bbox 1446 1996 1574 2036; x_wconf 82' lang='lat' dir='ltr'>scripti,</span> <span class='ocrx_word' id='word_1_323' title='bbox 1590 1995 1710 2035; x_wconf 83' lang='lat' dir='ltr'>partim</span> <span class='ocrx_word' id='word_1_324' title='bbox 1733 2003 1806 2024; x_wconf 80' lang='lat' dir='ltr'>nec-</span> 
     </span>
     <span class='ocr_line' id='line_1_38' title="bbox 379 2037 1803 2080; baseline 0.002 -15"><span class='ocrx_word' id='word_1_325' title='bbox 379 2045 481 2067; x_wconf 84' lang='lat' dir='ltr'>verat.</span> <span class='ocrx_word' id='word_1_326' title='bbox 494 2038 678 2078; x_wconf 84' lang='lat' dir='ltr'>Vid.supra</span> <span class='ocrx_word' id='word_1_327' title='bbox 691 2044 760 2069; x_wconf 84' lang='lat' dir='ltr'>not.</span> <span class='ocrx_word' id='word_1_328' title='bbox 773 2040 824 2070; x_wconf 83' lang='lat'>66.</span> <span class='ocrx_word' id='word_1_329' title='bbox 834 2040 874 2069; x_wconf 87' lang='lat' dir='ltr'>ad</span> <span class='ocrx_word' id='word_1_330' title='bbox 889 2050 917 2070; x_wconf 87' lang='lat' dir='ltr'>c.</span> <span class='ocrx_word' id='word_1_331' title='bbox 934 2042 985 2071; x_wconf 84' lang='lat'>35.</span> <span class='ocrx_word' id='word_1_332' title='bbox 1004 2039 1023 2069; x_wconf 88' lang='lat'>1.</span> <span class='ocrx_word' id='word_1_333' title='bbox 1041 2039 1067 2069; x_wconf 87' lang='grc' dir='ltr'>Ι.</span> <span class='ocrx_word' id='word_1_334' title='bbox 1111 2041 1166 2070; x_wconf 76' lang='lat' dir='ltr'>ubi</span> <span class='ocrx_word' id='word_1_335' title='bbox 1187 2041 1242 2077; x_wconf 80' lang='lat' dir='ltr'>ibi,</span> <span class='ocrx_word' id='word_1_336' title='bbox 1267 2040 1389 2080; x_wconf 81' lang='lat' dir='ltr'>partim</span> <span class='ocrx_word' id='word_1_337' title='bbox 1412 2040 1524 2069; x_wconf 80' lang='lat' dir='ltr'>necubi</span> <span class='ocrx_word' id='word_1_338' title='bbox 1545 2040 1609 2069; x_wconf 82' lang='lat' dir='ltr'>ubi.</span> <span class='ocrx_word' id='word_1_339' title='bbox 1643 2038 1723 2068; x_wconf 88' lang='lat' dir='ltr'>Inde</span> <span class='ocrx_word' id='word_1_340' title='bbox 1746 2037 1803 2069; x_wconf 89' lang='lat' dir='ltr'>ille</span> 
     </span>
     <span class='ocr_line' id='line_1_39' title="bbox 377 2077 1731 2122; baseline 0.001 -12"><span class='ocrx_word' id='word_1_341' title='bbox 377 2077 501 2110; x_wconf 78' lang='lat' dir='ltr'>Verum</span> <span class='ocrx_word' id='word_1_342' title='bbox 524 2082 698 2120; x_wconf 84' lang='lat' dir='ltr'>Tarquinii</span> <span class='ocrx_word' id='word_1_343' title='bbox 728 2083 866 2122; x_wconf 85' lang='lat' dir='ltr'>Superbi</span> <span class='ocrx_word' id='word_1_344' title='bbox 891 2083 1069 2113; x_wconf 78' lang='lat' dir='ltr'>crudelitas</span> <span class='ocrx_word' id='word_1_345' title='bbox 1113 2084 1223 2114; x_wconf 80' lang='lat' dir='ltr'>effecit</span> <span class='ocrx_word' id='word_1_346' title='bbox 1238 2083 1271 2113; x_wconf 88' lang='lat' dir='ltr'>id</span> <span class='ocrx_word' id='word_1_347' title='bbox 1286 2082 1372 2121; x_wconf 86' lang='lat' dir='ltr'>quod</span> <span class='ocrx_word' id='word_1_348' title='bbox 1387 2082 1486 2112; x_wconf 84' lang='lat' dir='ltr'>habes</span> <span class='ocrx_word' id='word_1_349' title='bbox 1503 2084 1536 2113; x_wconf 91' lang='lat' dir='ltr'>in</span> <span class='ocrx_word' id='word_1_350' title='bbox 1560 2087 1731 2113; x_wconf 89' lang='lat' dir='ltr'>contextu.</span> 
     </span>
     <span class='ocr_line' id='line_1_40' title="bbox 378 2122 1806 2166; baseline 0.002 -13"><span class='ocrx_word' id='word_1_351' title='bbox 378 2122 421 2157; x_wconf 78' lang='lat' dir='ltr'>ad</span> <span class='ocrx_word' id='word_1_352' title='bbox 436 2133 508 2154; x_wconf 85' lang='lat' dir='ltr'>eam</span> <span class='ocrx_word' id='word_1_353' title='bbox 525 2126 729 2164; x_wconf 82' lang='lat' dir='ltr'>paucitatem</span> <span class='ocrx_word' id='word_1_354' title='bbox 747 2126 859 2156; x_wconf 86' lang='lat' dir='ltr'>Patres</span> <span class='ocrx_word' id='word_1_355' title='bbox 882 2126 1068 2164; x_wconf 61' lang='lat' dir='ltr'>redegerat,</span> <span class='ocrx_word' id='word_1_356' title='bbox 1162 2129 1197 2157; x_wconf 88' lang='grc'>10</span> <span class='ocrx_word' id='word_1_357' title='bbox 1221 2124 1404 2166; x_wconf 70' lang='grc' dir='ltr'>δαρἰεοενε]</span> <span class='ocrx_word' id='word_1_358' title='bbox 1431 2127 1560 2156; x_wconf 86' lang='lat' dir='ltr'>Scivere</span> <span class='ocrx_word' id='word_1_359' title='bbox 1591 2126 1738 2166; x_wconf 86' lang='lat' dir='ltr'>insuper,</span> <span class='ocrx_word' id='word_1_360' title='bbox 1762 2135 1806 2156; x_wconf 86' lang='lat' dir='ltr'>ne</span> 
     </span>
     <span class='ocr_line' id='line_1_41' title="bbox 377 2166 1818 2209; baseline 0.002 -13"><span class='ocrx_word' id='word_1_361' title='bbox 377 2172 417 2196; x_wconf 85' lang='lat' dir='ltr'>ut</span> <span class='ocrx_word' id='word_1_362' title='bbox 432 2166 493 2197; x_wconf 84' lang='lat' dir='ltr'>hoc</span> <span class='ocrx_word' id='word_1_363' title='bbox 510 2175 658 2208; x_wconf 84' lang='lat' dir='ltr'>tempore</span> <span class='ocrx_word' id='word_1_364' title='bbox 670 2169 729 2199; x_wconf 84' lang='lat' dir='ltr'>soli</span> <span class='ocrx_word' id='word_1_365' title='bbox 741 2179 797 2199; x_wconf 79' lang='lat' dir='ltr'>sex</span> <span class='ocrx_word' id='word_1_366' title='bbox 813 2173 846 2199; x_wconf 90' lang='lat' dir='ltr'>et</span> <span class='ocrx_word' id='word_1_367' title='bbox 861 2171 1001 2209; x_wconf 75' lang='lat' dir='ltr'>triginta</span> <span class='ocrx_word' id='word_1_368' title='bbox 1016 2180 1070 2200; x_wconf 86' lang='lat' dir='ltr'>su-</span> <span class='ocrx_word' id='word_1_369' title='bbox 1114 2170 1183 2209; x_wconf 75' lang='lat' dir='ltr'>regi</span> <span class='ocrx_word' id='word_1_370' title='bbox 1204 2169 1391 2200; x_wconf 84' lang='lat' dir='ltr'>sacrificulo</span> <span class='ocrx_word' id='word_1_371' title='bbox 1415 2175 1472 2199; x_wconf 86' lang='lat' dir='ltr'>aut</span> <span class='ocrx_word' id='word_1_372' title='bbox 1496 2170 1731 2208; x_wconf 77' lang='lat' dir='ltr'>magistratum</span> <span class='ocrx_word' id='word_1_373' title='bbox 1747 2175 1818 2208; x_wconf 72' lang='lat' dir='ltr'>ge-‘</span> 
     </span>
     <span class='ocr_line' id='line_1_42' title="bbox 379 2212 1805 2253; baseline 0.002 -13"><span class='ocrx_word' id='word_1_374' title='bbox 379 2220 440 2250; x_wconf 86' lang='lat' dir='ltr'>pra</span> <span class='ocrx_word' id='word_1_375' title='bbox 453 2215 587 2241; x_wconf 85' lang='lat' dir='ltr'>centum</span> <span class='ocrx_word' id='word_1_376' title='bbox 605 2218 827 2243; x_wconf 78' lang='lat' dir='ltr'>remanerent.</span> <span class='ocrx_word' id='word_1_377' title='bbox 872 2213 994 2243; x_wconf 86' lang='lat' dir='ltr'>Brutus</span> <span class='ocrx_word' id='word_1_378' title='bbox 1009 2214 1070 2252; x_wconf 81' lang='lat' dir='ltr'>igi·</span> <span class='ocrx_word' id='word_1_379' title='bbox 1114 2223 1198 2250; x_wconf 71' lang='lat' dir='ltr'>rere,</span> <span class='ocrx_word' id='word_1_380' title='bbox 1215 2220 1274 2244; x_wconf 88' lang='lat' dir='ltr'>aut</span> <span class='ocrx_word' id='word_1_381' title='bbox 1296 2214 1482 2243; x_wconf 87' lang='lat' dir='ltr'>orationem</span> <span class='ocrx_word' id='word_1_382' title='bbox 1497 2213 1619 2244; x_wconf 76' lang='lat' dir='ltr'>habere</span> <span class='ocrx_word' id='word_1_383' title='bbox 1642 2212 1684 2243; x_wconf 88' lang='lat' dir='ltr'>ad</span> <span class='ocrx_word' id='word_1_384' title='bbox 1698 2223 1805 2253; x_wconf 85' lang='lat' dir='ltr'>popu·</span> 
     </span>
     <span class='ocr_line' id='line_1_43' title="bbox 378 2255 1326 2295; baseline 0.003 -12"><span class='ocrx_word' id='word_1_385' title='bbox 378 2260 448 2291; x_wconf 82' lang='lat' dir='ltr'>tur,</span> <span class='ocrx_word' id='word_1_386' title='bbox 465 2255 532 2285; x_wconf 88' lang='lat' dir='ltr'>sive</span> <span class='ocrx_word' id='word_1_387' title='bbox 550 2255 710 2292; x_wconf 86' lang='lat' dir='ltr'>Valerius,</span> <span class='ocrx_word' id='word_1_388' title='bbox 727 2256 794 2286; x_wconf 81' lang='lat' dir='ltr'>sive</span> <span class='ocrx_word' id='word_1_389' title='bbox 818 2260 969 2295; x_wconf 84' lang='lat' dir='ltr'>uterque,</span> <span class='ocrx_word' id='word_1_390' title='bbox 986 2258 1071 2286; x_wconf 81' lang='lat' dir='ltr'>vari-</span> <span class='ocrx_word' id='word_1_391' title='bbox 1113 2256 1184 2287; x_wconf 88' lang='lat' dir='ltr'>lum</span> <span class='ocrx_word' id='word_1_392' title='bbox 1200 2256 1326 2287; x_wconf 85' lang='lat' dir='ltr'>liceret.</span> 
     </span>
     <span class='ocr_line' id='line_1_44' title="bbox 379 2297 1805 2338; baseline 0.003 -12"><span class='ocrx_word' id='word_1_393' title='bbox 379 2301 438 2327; x_wconf 86' lang='lat' dir='ltr'>ant</span> <span class='ocrx_word' id='word_1_394' title='bbox 460 2298 550 2328; x_wconf 78' lang='lat' dir='ltr'>enim</span> <span class='ocrx_word' id='word_1_395' title='bbox 574 2303 738 2336; x_wconf 83' lang='lat' dir='ltr'>auctores,</span> <span class='ocrx_word' id='word_1_396' title='bbox 761 2304 896 2329; x_wconf 76' lang='lat' dir='ltr'>centurn</span> <span class='ocrx_word' id='word_1_397' title='bbox 920 2305 953 2330; x_wconf 88' lang='lat' dir='ltr'>et</span> <span class='ocrx_word' id='word_1_398' title='bbox 977 2309 1070 2330; x_wconf 79' lang='lat' dir='ltr'>sexa·</span> <span class='ocrx_word' id='word_1_399' title='bbox 1162 2303 1195 2330; x_wconf 86' lang='lat' dir='ltr'>ll</span> <span class='ocrx_word' id='word_1_400' title='bbox 1222 2300 1278 2330; x_wconf 81' lang='grc' dir='ltr'>Νε</span> <span class='ocrx_word' id='word_1_401' title='bbox 1291 2300 1423 2330; x_wconf 76' lang='lat' dir='ltr'>additus</span> <span class='ocrx_word' id='word_1_402' title='bbox 1434 2300 1556 2330; x_wconf 77' lang='lat' dir='ltr'>nomini</span> <span class='ocrx_word' id='word_1_403' title='bbox 1572 2297 1677 2338; x_wconf 77' lang='lat' dir='ltr'>honos]</span> <span class='ocrx_word' id='word_1_404' title='bbox 1693 2299 1758 2338; x_wconf 85' lang='lat' dir='ltr'>Ne,</span> <span class='ocrx_word' id='word_1_405' title='bbox 1775 2301 1805 2330; x_wconf 88' lang='lat' dir='ltr'>si</span> 
     </span>
     <span class='ocr_line' id='line_1_45' title="bbox 379 2340 1806 2384; baseline 0.004 -14"><span class='ocrx_word' id='word_1_406' title='bbox 379 2340 473 2379; x_wconf 86' lang='lat' dir='ltr'>ginta</span> <span class='ocrx_word' id='word_1_407' title='bbox 488 2347 522 2371; x_wconf 87' lang='lat' dir='ltr'>et</span> <span class='ocrx_word' id='word_1_408' title='bbox 539 2348 681 2381; x_wconf 85' lang='lat' dir='ltr'>quatuor</span> <span class='ocrx_word' id='word_1_409' title='bbox 703 2353 725 2380; x_wconf 24' lang='lat' dir='ltr'>e,</span> <span class='ocrx_word' id='word_1_410' title='bbox 744 2343 942 2382; x_wconf 80' lang='lat' dir='ltr'>prirnoribus</span> <span class='ocrx_word' id='word_1_411' title='bbox 957 2353 1072 2382; x_wconf 75' lang='lat' dir='ltr'>equcs-</span> <span class='ocrx_word' id='word_1_412' title='bbox 1116 2343 1243 2373; x_wconf 87' lang='lat' dir='ltr'>nomini</span> <span class='ocrx_word' id='word_1_413' title='bbox 1268 2354 1328 2384; x_wconf 87' lang='lat' dir='ltr'>per</span> <span class='ocrx_word' id='word_1_414' title='bbox 1355 2353 1389 2374; x_wconf 81' lang='lat' dir='ltr'>se</span> <span class='ocrx_word' id='word_1_415' title='bbox 1420 2343 1598 2382; x_wconf 83' lang='lat' dir='ltr'>magnifico</span> <span class='ocrx_word' id='word_1_416' title='bbox 1625 2342 1806 2375; x_wconf 79' lang='lat' dir='ltr'>adderetur</span> 
     </span>
     <span class='ocr_line' id='line_1_46' title="bbox 380 2384 1746 2425; baseline 0.002 -11"><span class='ocrx_word' id='word_1_417' title='bbox 380 2384 439 2414; x_wconf 84' lang='lat' dir='ltr'>tris</span> <span class='ocrx_word' id='word_1_418' title='bbox 463 2385 584 2423; x_wconf 83' lang='lat' dir='ltr'>gradus</span> <span class='ocrx_word' id='word_1_419' title='bbox 607 2386 639 2415; x_wconf 91' lang='lat' dir='ltr'>in</span> <span class='ocrx_word' id='word_1_420' title='bbox 663 2389 817 2416; x_wconf 76' lang='lat' dir='ltr'>senatum</span> <span class='ocrx_word' id='word_1_421' title='bbox 842 2385 936 2425; x_wconf 75' lang='lat' dir='ltr'>legit,</span> <span class='ocrx_word' id='word_1_422' title='bbox 951 2387 1008 2416; x_wconf 88' lang='lat' dir='ltr'>sed</span> <span class='ocrx_word' id='word_1_423' title='bbox 1024 2387 1073 2416; x_wconf 85' lang='lat' dir='ltr'>ita</span> <span class='ocrx_word' id='word_1_424' title='bbox 1114 2387 1232 2425; x_wconf 81' lang='lat' dir='ltr'>aliquis</span> <span class='ocrx_word' id='word_1_425' title='bbox 1248 2386 1365 2424; x_wconf 84' lang='lat' dir='ltr'>honos,</span> <span class='ocrx_word' id='word_1_426' title='bbox 1382 2386 1414 2417; x_wconf 88' lang='lat' dir='ltr'>id</span> <span class='ocrx_word' id='word_1_427' title='bbox 1429 2387 1575 2417; x_wconf 82' lang='lat' dir='ltr'>officeret</span> <span class='ocrx_word' id='word_1_428' title='bbox 1588 2385 1746 2417; x_wconf 87' lang='lat' dir='ltr'>libertati.</span> 
     </span>
     <span class='ocr_line' id='line_1_47' title="bbox 379 2428 1806 2471; baseline 0.002 -13"><span class='ocrx_word' id='word_1_429' title='bbox 379 2432 419 2458; x_wconf 89' lang='lat' dir='ltr'>ut</span> <span class='ocrx_word' id='word_1_430' title='bbox 434 2428 490 2466; x_wconf 87' lang='lat' dir='ltr'>qui</span> <span class='ocrx_word' id='word_1_431' title='bbox 507 2438 622 2458; x_wconf 78' lang='lat' dir='ltr'>eorum</span> <span class='ocrx_word' id='word_1_432' title='bbox 639 2428 679 2459; x_wconf 85' lang='lat' dir='ltr'>‹le</span> <span class='ocrx_word' id='word_1_433' title='bbox 697 2429 790 2469; x_wconf 81' lang='lat' dir='ltr'>plebe</span> <span class='ocrx_word' id='word_1_434' title='bbox 806 2437 915 2465; x_wconf 79' lang='lat' dir='ltr'>erant,</span> <span class='ocrx_word' id='word_1_435' title='bbox 929 2431 1018 2468; x_wconf 79' lang='lat' dir='ltr'>prius</span> <span class='ocrx_word' id='word_1_436' title='bbox 1037 2431 1070 2460; x_wconf 88' lang='lat' dir='ltr'>in</span> <span class='ocrx_word' id='word_1_437' title='bbox 1162 2432 1198 2460; x_wconf 63' lang='lat'>123</span> <span class='ocrx_word' id='word_1_438' title='bbox 1224 2431 1338 2460; x_wconf 78' lang='lat' dir='ltr'>Nescio</span> <span class='ocrx_word' id='word_1_439' title='bbox 1352 2430 1411 2471; x_wconf 83' lang='lat' dir='ltr'>an]</span> <span class='ocrx_word' id='word_1_440' title='bbox 1431 2430 1590 2460; x_wconf 76' lang='lat' dir='ltr'>Fortasse.</span> <span class='ocrx_word' id='word_1_441' title='bbox 1607 2429 1806 2469; x_wconf 84' lang='lat' dir='ltr'>Plerumque</span> 
     </span>
     <span class='ocr_line' id='line_1_48' title="bbox 378 2471 1806 2512; baseline 0.003 -12"><span class='ocrx_word' id='word_1_442' title='bbox 378 2471 593 2510; x_wconf 85' lang='lat' dir='ltr'>patriciorum</span> <span class='ocrx_word' id='word_1_443' title='bbox 619 2472 769 2502; x_wconf 87' lang='lat' dir='ltr'>ordinem</span> <span class='ocrx_word' id='word_1_444' title='bbox 793 2472 1069 2503; x_wconf 80' lang='lat' dir='ltr'>adscriberentur.</span> <span class='ocrx_word' id='word_1_445' title='bbox 1115 2473 1203 2503; x_wconf 85' lang='lat' dir='ltr'>enim</span> <span class='ocrx_word' id='word_1_446' title='bbox 1221 2474 1253 2503; x_wconf 90' lang='lat' dir='ltr'>in</span> <span class='ocrx_word' id='word_1_447' title='bbox 1271 2473 1332 2504; x_wconf 86' lang='lat' dir='ltr'>hac</span> <span class='ocrx_word' id='word_1_448' title='bbox 1347 2473 1502 2512; x_wconf 81' lang='lat' dir='ltr'>loquendi</span> <span class='ocrx_word' id='word_1_449' title='bbox 1524 2471 1669 2503; x_wconf 84' lang='lat' dir='ltr'>formula</span> <span class='ocrx_word' id='word_1_450' title='bbox 1692 2474 1739 2504; x_wconf 85' lang='lat' dir='ltr'>vis</span> <span class='ocrx_word' id='word_1_451' title='bbox 1754 2482 1806 2504; x_wconf 83' lang='lat' dir='ltr'>est</span> 
     </span>
     <span class='ocr_line' id='line_1_49' title="bbox 378 2514 1808 2557; baseline 0.004 -14"><span class='ocrx_word' id='word_1_452' title='bbox 378 2514 557 2553; x_wconf 73' lang='lat' dir='ltr'>Dionysius</span> <span class='ocrx_word' id='word_1_453' title='bbox 569 2525 624 2546; x_wconf 85' lang='lat' dir='ltr'>eos</span> <span class='ocrx_word' id='word_1_454' title='bbox 636 2525 763 2553; x_wconf 88' lang='lat' dir='ltr'>omnes,</span> <span class='ocrx_word' id='word_1_455' title='bbox 776 2517 831 2554; x_wconf 88' lang='lat' dir='ltr'>qui</span> <span class='ocrx_word' id='word_1_456' title='bbox 845 2520 917 2546; x_wconf 88' lang='lat' dir='ltr'>tum</span> <span class='ocrx_word' id='word_1_457' title='bbox 931 2516 965 2546; x_wconf 93' lang='lat' dir='ltr'>in</span> <span class='ocrx_word' id='word_1_458' title='bbox 978 2526 1073 2547; x_wconf 74' lang='lat' dir='ltr'>sena-</span> <span class='ocrx_word' id='word_1_459' title='bbox 1115 2517 1320 2556; x_wconf 82' lang='lat' dir='ltr'>affirmandi;</span> <span class='ocrx_word' id='word_1_460' title='bbox 1344 2527 1382 2547; x_wconf 88' lang='lat' dir='ltr'>ac</span> <span class='ocrx_word' id='word_1_461' title='bbox 1396 2515 1581 2557; x_wconf 84' lang='lat' dir='ltr'>supplenda</span> <span class='ocrx_word' id='word_1_462' title='bbox 1596 2520 1647 2546; x_wconf 87' lang='lat' dir='ltr'>est</span> <span class='ocrx_word' id='word_1_463' title='bbox 1660 2518 1808 2556; x_wconf 85' lang='lat' dir='ltr'>particu-</span> 
     </span>
     <span class='ocr_line' id='line_1_50' title="bbox 377 2557 1236 2599; baseline 0.005 -13"><span class='ocrx_word' id='word_1_464' title='bbox 377 2560 453 2587; x_wconf 79' lang='lat' dir='ltr'>turn</span> <span class='ocrx_word' id='word_1_465' title='bbox 478 2557 553 2587; x_wconf 87' lang='lat' dir='ltr'>lecti</span> <span class='ocrx_word' id='word_1_466' title='bbox 578 2558 682 2596; x_wconf 81' lang='lat' dir='ltr'>fuere,</span> <span class='ocrx_word' id='word_1_467' title='bbox 699 2559 739 2589; x_wconf 90' lang='lat' dir='ltr'>de</span> <span class='ocrx_word' id='word_1_468' title='bbox 763 2558 858 2599; x_wconf 85' lang='lat' dir='ltr'>plebe</span> <span class='ocrx_word' id='word_1_469' title='bbox 875 2559 976 2589; x_wconf 83' lang='lat' dir='ltr'>fuisse</span> <span class='ocrx_word' id='word_1_470' title='bbox 992 2561 1072 2590; x_wconf 87' lang='lat' dir='ltr'>scri·</span> <span class='ocrx_word' id='word_1_471' title='bbox 1115 2559 1147 2590; x_wconf 86' lang='lat' dir='ltr'>la</span> <span class='ocrx_word' id='word_1_472' title='bbox 1163 2569 1236 2590; x_wconf 91' lang='lat' dir='ltr'>non.</span> 
     </span>
     <span class='ocr_line' id='line_1_51' title="bbox 378 2599 1806 2643; baseline 0.004 -15"><span class='ocrx_word' id='word_1_473' title='bbox 378 2599 446 2629; x_wconf 86' lang='lat' dir='ltr'>bit:</span> <span class='ocrx_word' id='word_1_474' title='bbox 493 2611 608 2640; x_wconf 75' lang='lat' dir='ltr'>parurn</span> <span class='ocrx_word' id='word_1_475' title='bbox 659 2603 797 2632; x_wconf 78' lang='lat' dir='ltr'>fortasse</span> <span class='ocrx_word' id='word_1_476' title='bbox 846 2602 1070 2642; x_wconf 83' lang='lat' dir='ltr'>probabiliter.</span> <span class='ocrx_word' id='word_1_477' title='bbox 1163 2607 1199 2634; x_wconf 85' lang='lat'>13</span> <span class='ocrx_word' id='word_1_478' title='bbox 1210 2603 1294 2634; x_wconf 72' lang='lat' dir='ltr'>*Ne</span> <span class='ocrx_word' id='word_1_479' title='bbox 1309 2604 1479 2634; x_wconf 79' lang='lat' dir='ltr'>intervallo</span> <span class='ocrx_word' id='word_1_480' title='bbox 1492 2602 1617 2643; x_wconf 81' lang='lat' dir='ltr'>quidem</span> <span class='ocrx_word' id='word_1_481' title='bbox 1621 2601 1733 2642; x_wconf 79' lang='lat' dir='ltr'>facto]</span> <span class='ocrx_word' id='word_1_482' title='bbox 1753 2604 1806 2636; x_wconf 87' lang='lat' dir='ltr'>Ne</span> 
     </span>
     <span class='ocr_line' id='line_1_52' title="bbox 378 2642 1807 2685; baseline 0.004 -12"><span class='ocrx_word' id='word_1_483' title='bbox 378 2642 465 2673; x_wconf 88' lang='lat' dir='ltr'>Eum</span> <span class='ocrx_word' id='word_1_484' title='bbox 483 2644 555 2673; x_wconf 86' lang='lat' dir='ltr'>vide</span> <span class='ocrx_word' id='word_1_485' title='bbox 572 2644 593 2674; x_wconf 92' lang='lat' dir='ltr'>l.</span> <span class='ocrx_word' id='word_1_486' title='bbox 609 2645 647 2675; x_wconf 93' lang='lat' dir='ltr'>V.</span> <span class='ocrx_word' id='word_1_487' title='bbox 662 2651 697 2676; x_wconf 86' lang='lat' dir='ltr'>et</span> <span class='ocrx_word' id='word_1_488' title='bbox 714 2645 800 2676; x_wconf 84' lang='lat' dir='ltr'>Plut.</span> <span class='ocrx_word' id='word_1_489' title='bbox 815 2645 850 2675; x_wconf 89' lang='lat' dir='ltr'>in</span> <span class='ocrx_word' id='word_1_490' title='bbox 865 2646 957 2685; x_wconf 87' lang='lat' dir='ltr'>Popl.</span> <span class='ocrx_word' id='word_1_491' title='bbox 1114 2646 1328 2677; x_wconf 84' lang='lat' dir='ltr'>intervallum</span> <span class='ocrx_word' id='word_1_492' title='bbox 1351 2646 1500 2685; x_wconf 82' lang='lat' dir='ltr'>quidem,</span> <span class='ocrx_word' id='word_1_493' title='bbox 1523 2655 1588 2684; x_wconf 88' lang='lat' dir='ltr'>quo</span> <span class='ocrx_word' id='word_1_494' title='bbox 1617 2648 1807 2685; x_wconf 78' lang='lat' dir='ltr'>regnaverit</span> 
     </span>
    </p>

    <p class='ocr_par' dir='ltr' id='par_1_8' title="bbox 377 2686 1807 2861">
     <span class='ocr_line' id='line_1_53' title="bbox 422 2686 1807 2729; baseline 0.001 -10"><span class='ocrx_word' id='word_1_495' title='bbox 422 2689 439 2719; x_wconf 89' lang='grc'>7</span> <span class='ocrx_word' id='word_1_496' title='bbox 466 2686 680 2729; x_wconf 76' lang='lat' dir='ltr'>Vocarentur]</span> <span class='ocrx_word' id='word_1_497' title='bbox 700 2689 772 2719; x_wconf 85' lang='lat' dir='ltr'>Sive</span> <span class='ocrx_word' id='word_1_498' title='bbox 788 2698 847 2729; x_wconf 88' lang='lat' dir='ltr'>per</span> <span class='ocrx_word' id='word_1_499' title='bbox 868 2699 1069 2728; x_wconf 61' lang='lat' dir='ltr'>praeconem,</span> <span class='ocrx_word' id='word_1_500' title='bbox 1113 2691 1182 2720; x_wconf 87' lang='lat' dir='ltr'>Ser.</span> <span class='ocrx_word' id='word_1_501' title='bbox 1197 2689 1340 2726; x_wconf 81' lang='lat' dir='ltr'>Tullius,</span> <span class='ocrx_word' id='word_1_502' title='bbox 1362 2689 1490 2719; x_wconf 83' lang='lat' dir='ltr'>efficere</span> <span class='ocrx_word' id='word_1_503' title='bbox 1514 2689 1660 2728; x_wconf 82' lang='lat' dir='ltr'>potuisse</span> <span class='ocrx_word' id='word_1_504' title='bbox 1685 2695 1722 2720; x_wconf 89' lang='lat' dir='ltr'>ut</span> <span class='ocrx_word' id='word_1_505' title='bbox 1744 2690 1807 2721; x_wconf 84' lang='lat' dir='ltr'>Su-</span> 
     </span>
     <span class='ocr_line' id='line_1_54' title="bbox 379 2730 1807 2773; baseline 0.004 -14"><span class='ocrx_word' id='word_1_506' title='bbox 379 2730 435 2768; x_wconf 85' lang='lat' dir='ltr'>qui</span> <span class='ocrx_word' id='word_1_507' title='bbox 453 2730 577 2761; x_wconf 81' lang='lat' dir='ltr'>citabat</span> <span class='ocrx_word' id='word_1_508' title='bbox 592 2732 704 2762; x_wconf 80' lang='lat' dir='ltr'>Patres</span> <span class='ocrx_word' id='word_1_509' title='bbox 721 2732 753 2761; x_wconf 88' lang='lat' dir='ltr'>iu</span> <span class='ocrx_word' id='word_1_510' title='bbox 770 2732 912 2769; x_wconf 84' lang='lat' dir='ltr'>curiam,</span> <span class='ocrx_word' id='word_1_511' title='bbox 933 2735 1011 2772; x_wconf 84' lang='lat' dir='ltr'>(quo</span> <span class='ocrx_word' id='word_1_512' title='bbox 1027 2733 1068 2763; x_wconf 85' lang='lat' dir='ltr'>de</span> <span class='ocrx_word' id='word_1_513' title='bbox 1112 2733 1231 2772; x_wconf 89' lang='lat' dir='ltr'>perbus</span> <span class='ocrx_word' id='word_1_514' title='bbox 1244 2731 1447 2771; x_wconf 87' lang='lat' dir='ltr'>Tarquinius</span> <span class='ocrx_word' id='word_1_515' title='bbox 1462 2733 1710 2763; x_wconf 81' lang='lat' dir='ltr'>oblivisceretur</span> <span class='ocrx_word' id='word_1_516' title='bbox 1732 2742 1807 2773; x_wconf 82' lang='lat' dir='ltr'>reg·-</span> 
     </span>
     <span class='ocr_line' id='line_1_55' title="bbox 378 2773 1804 2815; baseline 0.004 -13"><span class='ocrx_word' id='word_1_517' title='bbox 378 2782 469 2802; x_wconf 82' lang='lat' dir='ltr'>more</span> <span class='ocrx_word' id='word_1_518' title='bbox 492 2773 556 2803; x_wconf 83' lang='lat' dir='ltr'>vid.</span> <span class='ocrx_word' id='word_1_519' title='bbox 580 2774 666 2804; x_wconf 75' lang='lat' dir='ltr'>infra</span> <span class='ocrx_word' id='word_1_520' title='bbox 690 2774 750 2804; x_wconf 84' lang='lat'>111.</span> <span class='ocrx_word' id='word_1_521' title='bbox 775 2774 842 2812; x_wconf 82' lang='lat'>38.)</span> <span class='ocrx_word' id='word_1_522' title='bbox 868 2775 935 2806; x_wconf 73' lang='lat' dir='ltr'>sive</span> <span class='ocrx_word' id='word_1_523' title='bbox 961 2775 1071 2806; x_wconf 84' lang='lat' dir='ltr'>edicto</span> <span class='ocrx_word' id='word_1_524' title='bbox 1117 2777 1149 2805; x_wconf 88' lang='lat' dir='ltr'>ni</span> <span class='ocrx_word' id='word_1_525' title='bbox 1183 2779 1344 2814; x_wconf 83' lang='lat' dir='ltr'>tanquam</span> <span class='ocrx_word' id='word_1_526' title='bbox 1377 2775 1489 2813; x_wconf 81' lang='lat' dir='ltr'>alieni,</span> <span class='ocrx_word' id='word_1_527' title='bbox 1526 2785 1587 2805; x_wconf 87' lang='lat' dir='ltr'>nec</span> <span class='ocrx_word' id='word_1_528' title='bbox 1622 2776 1804 2815; x_wconf 84' lang='lat' dir='ltr'>quidquam</span> 
     </span>
     <span class='ocr_line' id='line_1_56' title="bbox 377 2817 1806 2861; baseline 0.003 -15"><span class='ocrx_word' id='word_1_529' title='bbox 377 2817 535 2856; x_wconf 71' lang='lat' dir='ltr'>cumulis,</span> <span class='ocrx_word' id='word_1_530' title='bbox 547 2823 606 2850; x_wconf 85' lang='lat' dir='ltr'>aut</span> <span class='ocrx_word' id='word_1_531' title='bbox 617 2817 794 2858; x_wconf 86' lang='lat' dir='ltr'>cujuslibet</span> <span class='ocrx_word' id='word_1_532' title='bbox 805 2818 940 2850; x_wconf 82' lang='lat' dir='ltr'>alterius</span> <span class='ocrx_word' id='word_1_533' title='bbox 951 2821 1072 2860; x_wconf 73' lang='lat' dir='ltr'>magis-</span> <span class='ocrx_word' id='word_1_534' title='bbox 1107 2819 1181 2859; x_wconf 85' lang='lat' dir='ltr'>jam</span> <span class='ocrx_word' id='word_1_535' title='bbox 1194 2818 1236 2850; x_wconf 84' lang='lat' dir='ltr'>ad</span> <span class='ocrx_word' id='word_1_536' title='bbox 1251 2828 1285 2850; x_wconf 86' lang='lat' dir='ltr'>se</span> <span class='ocrx_word' id='word_1_537' title='bbox 1301 2819 1521 2861; x_wconf 70' lang='lat' dir='ltr'>pertinentis,</span> <span class='ocrx_word' id='word_1_538' title='bbox 1538 2818 1596 2850; x_wconf 85' lang='lat' dir='ltr'>sed</span> <span class='ocrx_word' id='word_1_539' title='bbox 1614 2819 1723 2861; x_wconf 76' lang='lat' dir='ltr'>illurn,</span> <span class='ocrx_word' id='word_1_540' title='bbox 1738 2820 1806 2851; x_wconf 85' lang='lat' dir='ltr'>vel-</span> 
     </span>
    </p>
   </div>
   <div class='ocr_carea' id='block_1_5' title="bbox 1948 311 1991 3250">
    <p class='ocr_par' dir='ltr' id='par_1_9' title="bbox 1948 311 1991 3250">
     <span class='ocr_line' id='line_1_57' title="bbox 1948 311 1991 3250; baseline 0 0"><span class='ocrx_word' id='word_1_541' title='bbox 1948 311 1991 3250; x_wconf 95' lang='lat' dir='ltr'> </span> 
     </span>
    </p>
   </div>
  </div>
 </body>
</html>
