1991 3250
170 271 211 302 U.
231 271 267 302 C.
283 275 357 303 310.

198 337 206 345 .
227 315 264 346 C.
280 317 356 347 442.

172 1327 315 1357 Canuleii

170 1371 271 1400 oratio
286 1380 342 1409 pro

171 1414 292 1453 lchbus

169 1458 243 1489 suis.

170 2200 227 2228 Pro
241 2199 307 2236 lege
323 2198 359 2226 de

172 2244 258 2271 (ross.
273 2243 337 2280 ple-

167 2285 254 2314 briis.

378 159 456 195 232
931 150 1069 193 ΤΙΤῙ
1104 154 1275 194 LIVII

382 270 471 298 nem
489 255 694 297 subituros
701 252 840 311 fuisse
852 253 1005 309 potius,
1025 268 1145 309 quam
1165 268 1232 295 eas
1254 253 1357 309 leges
1378 252 1460 294 sibi
1473 252 1613 309 inponi
1627 260 1814 310 pater-ert·

383 321 466 355 tur.
523 313 620 370 quia
640 319 725 354 tum
751 325 978 352 concessum
998 312 1053 351 sit
1081 311 1129 351 de
1156 310 1349 361 tribunis,
1372 316 1402 336 ¹⁰
1415 310 1559 352 iterum
1587 325 1813 353 concessum

383 384 481 412 esse.
513 372 540 394 ¹¹
559 368 700 410 Finem
719 383 799 409 non
803 367 905 423 sieri
920 381 1051 422 posse.
1073 367 1116 407 in
1136 367 1268 408 eadem
1290 366 1455 408 civitate
1481 367 1666 409 tribunos
1682 368 1814 424 plebis

383 434 422 469 et
445 426 594 468 Patres
612 440 687 466 esse
701 442 713 466 .·
742 432 814 466 aut
835 424 936 466 Ιιιιηε
968 423 1162 473 ordinem,
1184 431 1255 464 aut
1286 424 1401 464 illum
1433 425 1712 479 magistratum
1737 426 1813 466 tol-

385 483 545 525 lendum
574 497 671 524 esse.-
696 481 908 537 potiusque
937 494 1036 528 sero,
1059 495 1178 535 qnam
1209 495 1424 536 numquam
1454 481 1614 521 obviam
1642 482 1812 522 euredum

383 540 564 582 audacias
583 537 891 592 temeritatique.
953 539 982 559 ¹²
999 536 1124 578 Illine
1146 544 1189 576 ut
1211 538 1357 593 inpune
1369 538 1500 593 primo
1518 537 1735 579 discordias
1752 551 1812 579 se-

384 604 510 638 rentes
525 595 719 637 concitent
733 593 919 648 finitima
943 592 1060 644 bella,
1081 593 1220 634 deinde
1239 595 1427 639 adversus
1446 609 1508 645 ea,
1530 608 1618 650 quat
1638 594 1813 635 concita-

383 654 528 703 verint,
550 651 704 693 armari
725 650 928 691 civitatem
948 648 1185 706 defendique
1202 651 1441 704 prohibeant
1460 651 1482 691 ⁴?
1512 659 1563 702 et,
1585 665 1706 707 quum
1726 651 1814 692 llos-

384 715 440 751 tes
463 715 491 736 ¹³
505 715 663 750 tantum
678 721 759 747 non
778 706 1042 756 arcessierint‚
1060 707 1254 747 exercitus
1271 708 1463 749 conscribi
1483 708 1670 749 adversus
1690 707 1815 749 hostes

384 781 464 808 non
478 765 694 821 patiantur
712 762 734 804 ,9
767 762 849 805 Sect
869 762 1014 803 audeat
1049 762 1268 805 Canuleius
1296 764 1341 804 in.
1370 772 1505 805 senatu
1531 764 1735 820 proloqui,
1757 779 1813 816 se,

385 823 464 873 uisi
483 837 573 863 suas
595 820 698 878 leges
718 827 923 875 tamquam
943 820 1105 861 victoris
1127 819 1276 861 Patres
1295 821 1424 876 accipi
1444 821 1597 870 sinant,
1619 820 1812 863 delectum

384 879 525 921 haberi
537 877 853 934 prohibiturum.
876 876 978 931 quid
995 891 1080 917 esse
1099 876 1227 926 aliud,
1246 892 1368 932 quam
1387 878 1551 929 minari,
1572 891 1610 918 se
1626 877 1813 932 proditu-

387 951 478 978 rum
491 936 674 991 patriam
693 933 716 974 ,5³
746 933 971 989 obpugnari
991 941 1112 989 atque
1133 933 1223 988 capi
1235 948 1458 988 passurum
1477 934 1500 975 5?
1521 934 1620 991 quid
1635 948 1721 976 eam
1743 950 1813 976 ‘co-

384 1007 466 1034 cem
499 992 740 1042 animorum,
763 1005 841 1031 non
867 990 979 1045 plebi
1014 990 1222 1041 Romana,
1243 990 1314 1031 secl
1348 987 1504 1031 Volscis
1535 999 1573 1033 et
1593 991 1743 1047 [Equis
1776 998 1816 1033 et

389 1048 622 1091 Veientibus
651 1047 885 1090 adlaturam
904 1046 926 1087 ἕ)
962 1045 1115 1097 Nonne,
1148 1045 1341 1089 Canuleio
1372 1047 1484 1098 duce,
1514 1063 1554 1089 se
1583 1056 1815 1104 speraturos

387 1105 638 1162 Capitolium
671 1112 791 1161 atque
818 1119 948 1145 arcem
979 1104 1168 1146 scandere
1193 1118 1329 1158 posse,
1348 1104 1385 1145 si
1408 1104 1611 1146 Patribus
1644 1105 1815 1155 tribuni,

384 1163 584 1218 cumjure
601 1177 648 1203 ac
666 1162 876 1217 majestate
895 1161 1095 1216 adempta,
1117 1160 1272 1202 animos
1291 1161 1412 1202 etiam
1429 1161 1680 1217 eripuerint?
1704 1162 1812 1203 Con·

383 1220 490 1262 sules
516 1226 687 1275 paratos
722 1232 806 1260 esse
827 1217 945 1259 duces
966 1218 1089 1273 prius
1117 1218 1310 1260 adversus
1344 1218 1472 1260 scelus
1507 1219 1669 1270 civium,
1691 1234 1812 1275 qnam

383 1277 581 1319 adversus
601 1275 777 1317 hostium
798 1289 926 1315 arma.

439 1333 528 1376 III.
563 1334 710 1381 Quum
733 1332 922 1374 maxime
943 1331 1038 1372 haec
1062 1331 1105 1372 in
1137 1339 1284 1372 senatu
1316 1341 1558 1387 agerentur,
1581 1332 1812 1374 Canuleius

382 1406 458 1449 pro
481 1391 648 1447 legibus
670 1390 754 1431 suis
775 1399 819 1430 et
849 1389 1048 1430 adversus
1069 1387 1263 1429 consules
1286 1389 1346 1429 ita
1365 1389 1589 1431 disseruit:
1625 1388 1812 1434 Quanto-¹

375 1463 472 1505 pere
501 1463 582 1499 vos,
609 1447 800 1503 Quirites,
822 1452 1108 1487 contemnerent
1141 1444 1302 1497 Patres,
1331 1460 1454 1500 quam
1483 1445 1666 1501 indignos
1697 1446 1815 1487 duce-

382 1513 484 1556 rent,
516 1505 586 1561 qui
620 1518 701 1545 una
730 1518 859 1544 secum
889 1502 986 1544 ¹urbe
1013 1504 1122 1543 intra
1153 1501 1287 1543 eadem
1318 1502 1469 1543 moenia
1495 1504 1692 1554 viveretis,
1715 1517 1814 1558 scepe

382 1562 563 1620 equidem
595 1569 631 1603 et
662 1567 754 1602 ante
784 1561 921 1601 videor
941 1559 1294 1600 animadvertisse.-
1326 1574 1430 1600 ›iunc
1462 1566 1596 1600 tamen
1628 1560 1812 1611 maxime,

382 1619 491 1676 quod
509 1618 607 1660 adeo
630 1625 779 1659 atroces
801 1619 844 1658 in
863 1617 934 1657 lias
957 1617 1180 1672 rogationes
1201 1623 1354 1656 nostras
1374 1616 1501 1658 coorti
1520 1624 1635 1658 sunt.-
1667 1616 1810 1672 quibus

383 1676 483 1733 quid
512 1675 629 1717 alind
658 1688 779 1731 quam
809 1674 1076 1723 admonemus,
1099 1675 1201 1713 cives
1233 1687 1300 1713 nos
1331 1687 1465 1713 eorum
1496 1688 1584 1724 esse,
1605 1680 1656 1724 et,
1676 1675 1712 1714 si
1734 1688 1812 1715 non

382 1733 537 1776 easdem
569 1747 657 1788 opes
684 1731 841 1782 habere,
862 1729 1036 1772 eamdem
1059 1736 1190 1770 tamen.
1221 1729 1403 1784 patriam
1436 1728 1637 1771 incolere?
1667 1730 1814 1772 Altera

382 1790 625 1833 connubium
651 1790 838 1844 petimus,
871 1787 978 1844 quod
989 1785 1185 1841 finitimis
1219 1787 1463 1843 externisque
1491 1786 1583 1828 dari
1613 1786 1723 1828 solet.
1744 1802 1814 1829 nos

382 1848 542 1904 quidem
561 1846 777 1896 civitatem,
796 1859 882 1900 qua:
896 1843 991 1900 plus
1011 1857 1131 1899 quam
1153 1842 1390 1884 connubium
1411 1849 1480 1892 est,
1501 1842 1674 1885 lio-stibus
1693 1844 1814 1886 etiam

381 1904 502 1945 victis
522 1903 714 1946 dedimus.
765 1901 914 1943 Altera
937 1900 1043 1942 nillil
1061 1899 1364 1956 novijerimus;
1383 1901 1451 1942 sed
1470 1900 1526 1950 id,
1548 1900 1657 1956 quod
1668 1901 1814 1956 populi

381 1968 452 2012 est,
474 1961 684 2016 repetimus
713 1966 835 2015 atque
864 1972 1123 2014 usurpamus:
1154 1964 1213 2008 ut,
1234 1956 1377 2012 quibus
1404 1956 1514 2008 velit,
1531 1957 1703 2012 populus
1724 1957 1813 1999 Ro·v

381 2033 523 2060 manus
543 2017 708 2059 honores
727 2014 900 2057 mandet.
965 2013 1079 2059 Quid
1098 2013 1255 2055 tandem
1277 2020 1347 2065 est,
1369 2030 1440 2055 cur
1460 2014 1598 2056 coelum
1619 2029 1666 2055 ac
1687 2021 1815 2056 terras

381 2077 570 2117 misceant
585 2075 607 2115 ‘l
636 2088 708 2114 cur
728 2075 772 2114 in
805 2088 866 2115 me
885 2073 1042 2127 inpetus
1069 2070 1181 2112 modo
1197 2085 1297 2126 pene
1326 2073 1369 2112 in
1401 2078 1538 2112 senatu
1569 2071 1620 2111 sit
1639 2070 1814 2127 sactus?

382 2139 524 2189 negent
558 2146 597 2172 se
623 2129 809 2172 manibus
835 2135 1133 2185 temperaturos,
1154 2127 1447 2183 violaturosque
1480 2128 1714 2169 denuncient
1744 2143 1809 2170 sa-

381 2195 627 2230 crosanctam
641 2185 911 2242 potestatem?
941 2184 990 2226 Si
1003 2185 1154 2241 populo
1177 2183 1362 2226 Romano
1385 2185 1551 2225 liberum
1574 2183 1811 2242 suffragium

381 2245 519 2296 datur,
541 2252 598 2296 ut,
619 2244 762 2300 quibus
791 2243 902 2295 velit,
931 2243 1180 2283 consulatum
1211 2241 1383 2291 mandet,
1405 2249 1440 2283 et
1472 2257 1548 2282 non
1575 2243 1810 2297 prceciditur

380 2318 465 2360 spes
494 2301 651 2358 plebeio
689 2314 856 2357 quoque,
885 2299 920 2341 si
949 2299 1095 2356 dignus
1130 2312 1278 2339 summo
1314 2298 1460 2340 lionore
1491 2299 1580 2350 erit,
1611 2299 1811 2354 apiscendi

425 2455 464 2482 10
487 2451 616 2483 Iterum
638 2457 817 2480 concessum
840 2445 917 2485 esse]
945 2447 995 2477 De
1015 2446 1074 2475 tri·
1167 2446 1230 2475 12¹*
1243 2446 1338 2476 Illine
1352 2446 1405 2485 ut]
1423 2445 1552 2486 Ellipsis
1570 2445 1611 2476 ad
1625 2447 1813 2486 exprimen-

379 2496 476 2526 bunis
505 2494 669 2531 creandis,
701 2493 756 2532 qui
790 2501 846 2531 per
876 2491 1073 2526 triennium,
1120 2489 1195 2518 dam
1242 2489 1506 2529 indignationem
1554 2490 1807 2529 appositissima.

378 2549 444 2578 quo
470 2537 710 2577 rempublicam
742 2539 899 2565 rexerunt
930 2534 1074 2564 Decem-
1118 2533 1227 2571 Quam
1251 2533 1276 2561 si
1301 2534 1432 2573 explere
1463 2532 1616 2570 vuluerie,
1639 2534 1808 2573 inu-llige:

380 2583 452 2619 viri,
470 2581 553 2612 nulli
571 2580 715 2611 fuerant.
745 2577 782 2608 Id
801 2579 847 2608 ita
863 2577 1072 2618 perspicuum

379 2626 602 2661 crederemus,
630 2630 667 2654 ut
696 2622 861 2652 monitore
889 2630 955 2650 non
986 2624 1073 2649 ess-et

377 2679 473 2709 opus,
513 2668 575 2697 nisi
616 2667 764 2697 Clericus
796 2665 836 2695 de
868 2663 1071 2695 Decemviris

379 2712 468 2742 hune·
487 2711 596 2740 locum
614 2710 843 2740 intellexisset.

426 2759 436 2785 1
449 2759 457 2785 1
488 2754 598 2785 Finem
613 2763 674 2782 non
682 2754 759 2791 fieri
770 2762 870 2792 posse.
893 2751 928 2780 ln
944 2750 1072 2788 eadem]

378 2799 566 2832 Gronovius
598 2802 687 2826 ror-te
715 2796 845 2825 videtur
873 2794 1073 2824 emendare:

380 2842 494 2873 finem
524 2850 584 2871 non
605 2841 697 2876 fieri.
738 2840 814 2869 ,Non
842 2847 928 2878 posse
957 2839 991 2867 in
1021 2847 1074 2867 ea-

379 2886 450 2915 ‹lrm
468 2906 495 2915 0.
512 2907 519 2913 .
531 2905 539 2911 .

1117 2577 1200 2616 §gnis
1220 2576 1280 2606 hoc
1296 2576 1360 2606 illis
1377 2576 1548 2613 concedat,
1564 2582 1602 2606 ut
1621 2597 1648 2606 ..
1665 2598 1671 2604 .
1684 2597 1692 2604 .
1709 2578 1809 2608 varti-

1116 2620 1191 2649 cula
1215 2624 1327 2649 :intem
1352 2626 1387 2649 uc
1410 2619 1497 2649 «radit
1519 2620 1552 2649 in
1576 2621 1691 2650 omni-1
1712 2622 1811 2652 verba

1117 2673 1190 2701 qum
1219 2662 1374 2702 deinceps
1397 2668 1584 2701 sequnntur
1607 2663 1808 2700 subjunctivi

1119 2706 1219 2742 modi,
1250 2709 1403 2736 concitent
1421 2727 1429 2734 .
1441 2727 1448 2734 .
1463 2727 1472 2734 .
1484 2727 1491 2734 .
1511 2707 1700 2744 prohibeant
1724 2728 1732 2737 .
1745 2730 1752 2736 .
1768 2729 1776 2738 .
1787 2729 1795 2737 .

1119 2760 1180 2779 uon
1189 2751 1367 2789 patiantur
1382 2771 1389 2777 .
1402 2769 1409 2778 .
1426 2772 1432 2778 .
1445 2771 1451 2777 .
1466 2750 1596 2779 malma.

1167 2795 1201 2822 13
1228 2792 1373 2824 Tamum
1398 2793 1472 2830 mn]
1510 2792 1600 2828 Fere,
1633 2802 1803 2834 propemo—

1117 2835 1208 2865 dnm.
