<?xml version="1.0" encoding="UTF-8"?>
<!DOCTYPE html PUBLIC "-//W3C//DTD XHTML 1.0 Transitional//EN"
    "http://www.w3.org/TR/xhtml1/DTD/xhtml1-transitional.dtd">
<html xmlns="http://www.w3.org/1999/xhtml" xml:lang="en" lang="en">
 <head>
  <title>
</title>
<meta http-equiv="Content-Type" content="text/html;charset=utf-8" />
  <meta name='ocr-system' content='tesseract 3.04.00' />
  <meta name='ocr-capabilities' content='ocr_page ocr_carea ocr_par ocr_line ocrx_word'/>
</head>
<body>
  <div class='ocr_page' id='page_1' title='image "./historiarumaburb01livyuoft_0265.png"; bbox 0 0 1969 3239; ppageno 0'>
   <div class='ocr_carea' id='block_1_1' title="bbox 620 146 1621 188">
    <p class='ocr_par' dir='ltr' id='par_1_1' title="bbox 620 146 1621 188">
     <span class='ocr_line' id='line_1_1' title="bbox 620 146 1621 188; baseline -0.002 -1"><span class='ocrx_word' id='word_1_1' title='bbox 620 150 743 188; x_wconf 88' lang='lat' dir='ltr'>LIB.</span> <span class='ocrx_word' id='word_1_2' title='bbox 770 149 836 188; x_wconf 83' lang='lat' dir='ltr'>IV.</span> <span class='ocrx_word' id='word_1_3' title='bbox 873 146 1003 186; x_wconf 85' lang='lat' dir='ltr'>CAP.</span> <span class='ocrx_word' id='word_1_4' title='bbox 1028 146 1183 184; x_wconf 85' lang='lat' dir='ltr'>XXIII.</span> <span class='ocrx_word' id='word_1_5' title='bbox 1546 151 1621 185; x_wconf 68' lang='lat'>253</span> 
     </span>
    </p>
   </div>
   <div class='ocr_carea' id='block_1_2' title="bbox 171 245 1836 2232">
    <p class='ocr_par' dir='ltr' id='par_1_2' title="bbox 182 245 1825 476">
     <span class='ocr_line' id='line_1_2' title="bbox 182 245 1825 304; baseline -0.003 -13"><span class='ocrx_word' id='word_1_6' title='bbox 182 249 313 291; x_wconf 49' lang='lat' dir='ltr'>UA}</span> <span class='ocrx_word' id='word_1_7' title='bbox 344 248 568 290; x_wconf 86' lang='lat' dir='ltr'>Servilium</span> <span class='ocrx_word' id='word_1_8' title='bbox 603 248 756 304; x_wconf 86' lang='lat' dir='ltr'>placet,</span> <span class='ocrx_word' id='word_1_9' title='bbox 785 247 854 288; x_wconf 86' lang='lat' dir='ltr'>cui</span> <span class='ocrx_word' id='word_1_10' title='bbox 893 246 1041 287; x_wconf 86' lang='lat' dir='ltr'>Prisco</span> <span class='ocrx_word' id='word_1_11' title='bbox 1075 246 1161 296; x_wconf 81' lang='lat' dir='ltr'>alii,</span> <span class='ocrx_word' id='word_1_12' title='bbox 1184 245 1251 286; x_wconf 83' lang='lat' dir='ltr'>alii</span> <span class='ocrx_word' id='word_1_13' title='bbox 1287 245 1458 286; x_wconf 83' lang='lat' dir='ltr'>Structo</span> <span class='ocrx_word' id='word_1_14' title='bbox 1495 245 1624 286; x_wconf 83' lang='lat' dir='ltr'>fuisse</span> <span class='ocrx_word' id='word_1_15' title='bbox 1638 258 1676 291; x_wconf 83' lang='lat' dir='ltr'>U.</span> <span class='ocrx_word' id='word_1_16' title='bbox 1696 258 1732 288; x_wconf 89' lang='lat' dir='ltr'>C.</span> <span class='ocrx_word' id='word_1_17' title='bbox 1749 259 1825 288; x_wconf 60' lang='lat'>3120.</span> 
     </span>
     <span class='ocr_line' id='line_1_3' title="bbox 185 302 1821 362; baseline -0.003 -15"><span class='ocrx_word' id='word_1_18' title='bbox 185 321 429 362; x_wconf 76' lang='lat' dir='ltr'>cognomen</span> <span class='ocrx_word' id='word_1_19' title='bbox 471 308 658 347; x_wconf 85' lang='lat' dir='ltr'>tradunt.</span> <span class='ocrx_word' id='word_1_20' title='bbox 719 305 949 359; x_wconf 77' lang='lat' dir='ltr'>Virginius,</span> <span class='ocrx_word' id='word_1_21' title='bbox 985 303 1085 343; x_wconf 87' lang='lat' dir='ltr'>dum</span> <span class='ocrx_word' id='word_1_22' title='bbox 1127 303 1334 357; x_wconf 67' lang='lat' dir='ltr'>collegam</span> <span class='ocrx_word' id='word_1_23' title='bbox 1369 302 1821 352; x_wconf 43' lang='lat' dir='ltr'>‹fonsnlcretfff-‘&#39;pst-²2·</span> 
     </span>
     <span class='ocr_line' id='line_1_4' title="bbox 185 345 1785 418; baseline -0.004 -14"><span class='ocrx_word' id='word_1_24' title='bbox 185 373 389 413; x_wconf 83' lang='lat' dir='ltr'>moratus,</span> <span class='ocrx_word' id='word_1_25' title='bbox 412 365 686 418; x_wconf 74' lang='lat' dir='ltr'>permittente</span> <span class='ocrx_word' id='word_1_26' title='bbox 708 376 773 410; x_wconf 85' lang='lat' dir='ltr'>e0,</span> <span class='ocrx_word' id='word_1_27' title='bbox 796 371 922 401; x_wconf 88' lang='lat' dir='ltr'>nocte</span> <span class='ocrx_word' id='word_1_28' title='bbox 942 360 1193 400; x_wconf 80' lang='lat' dir='ltr'>dictatorem</span> <span class='ocrx_word' id='word_1_29' title='bbox 1219 360 1344 410; x_wconf 41' lang='lat' dir='ltr'>elisit.</span> <span class='ocrx_word' id='word_1_30' title='bbox 1368 359 1401 398; x_wconf 80' lang='lat' dir='ltr'>is</span> <span class='ocrx_word' id='word_1_31' title='bbox 1433 360 1513 399; x_wconf 70' lang='lat' dir='ltr'>sibi</span> <span class='ocrx_word' id='word_1_32' title='bbox 1537 345 1785 416; x_wconf 37' lang='lat' dir='ltr'>nia-33:1¹2?</span> 
     </span>
     <span class='ocr_line' id='line_1_5' title="bbox 185 409 1779 476; baseline -0.005 -15"><span class='ocrx_word' id='word_1_33' title='bbox 185 421 364 476; x_wconf 78' lang='lat' dir='ltr'>gistrum</span> <span class='ocrx_word' id='word_1_34' title='bbox 389 421 580 475; x_wconf 85' lang='lat' dir='ltr'>equitum</span> <span class='ocrx_word' id='word_1_35' title='bbox 611 418 857 471; x_wconf 80' lang='lat' dir='ltr'>Postumum</span> <span class='ocrx_word' id='word_1_36' title='bbox 885 416 1107 457; x_wconf 59' lang='lat' dir='ltr'>sEbutium</span> <span class='ocrx_word' id='word_1_37' title='bbox 1137 415 1285 456; x_wconf 74' lang='lat' dir='ltr'>Elvam</span> <span class='ocrx_word' id='word_1_38' title='bbox 1309 416 1425 455; x_wconf 89' lang='lat' dir='ltr'>dicit.</span> <span class='ocrx_word' id='word_1_39' title='bbox 1689 409 1697 416; x_wconf 41' lang='lat'>⁸</span> <span class='ocrx_word' id='word_1_40' title='bbox 1774 411 1779 416; x_wconf 77' lang='grc'><strong>’</strong></span> 
     </span>
    </p>

    <p class='ocr_par' dir='ltr' id='par_1_3' title="bbox 172 470 1836 1267">
     <span class='ocr_line' id='line_1_6' title="bbox 244 470 1625 528; baseline -0.006 -10"><span class='ocrx_word' id='word_1_41' title='bbox 244 477 410 518; x_wconf 77' lang='lat' dir='ltr'><strong>XXII.</strong></span> <span class='ocrx_word' id='word_1_42' title='bbox 445 476 642 517; x_wconf 79' lang='lat' dir='ltr'>Dictator</span> <span class='ocrx_word' id='word_1_43' title='bbox 669 489 818 514; x_wconf 80' lang='lat' dir='ltr'>ornnes</span> <span class='ocrx_word' id='word_1_44' title='bbox 841 474 936 513; x_wconf 84' lang='lat' dir='ltr'>luce</span> <span class='ocrx_word' id='word_1_45' title='bbox 967 475 1105 528; x_wconf 85' lang='lat' dir='ltr'>prima</span> <span class='ocrx_word' id='word_1_46' title='bbox 1135 481 1257 512; x_wconf 82' lang='lat' dir='ltr'>extra</span> <span class='ocrx_word' id='word_1_47' title='bbox 1289 482 1455 526; x_wconf 80' lang='lat' dir='ltr'>portam</span> <span class='ocrx_word' id='word_1_48' title='bbox 1492 470 1625 511; x_wconf 87' lang='lat' dir='ltr'>Colli-</span> 
     </span>
     <span class='ocr_line' id='line_1_7' title="bbox 184 528 1626 588; baseline -0.006 -14"><span class='ocrx_word' id='word_1_49' title='bbox 184 547 282 574; x_wconf 83' lang='lat' dir='ltr'>nam</span> <span class='ocrx_word' id='word_1_50' title='bbox 315 534 460 574; x_wconf 77' lang='lat' dir='ltr'>adesse</span> <span class='ocrx_word' id='word_1_51' title='bbox 483 533 625 588; x_wconf 85' lang='lat' dir='ltr'>jubet.</span> <span class='ocrx_word' id='word_1_52' title='bbox 647 532 990 585; x_wconf 83' lang='lat' dir='ltr'>quibuscumque</span> <span class='ocrx_word' id='word_1_53' title='bbox 1018 531 1126 570; x_wconf 84' lang='lat' dir='ltr'>vires</span> <span class='ocrx_word' id='word_1_54' title='bbox 1159 530 1446 584; x_wconf 75' lang='lat' dir='ltr'>subpetebant</span> <span class='ocrx_word' id='word_1_55' title='bbox 1476 528 1526 568; x_wconf 85' lang='lat' dir='ltr'>ad</span> <span class='ocrx_word' id='word_1_56' title='bbox 1560 543 1626 567; x_wconf 78' lang='lat' dir='ltr'>ar-</span> 
     </span>
     <span class='ocr_line' id='line_1_8' title="bbox 186 584 1625 644; baseline -0.005 -14"><span class='ocrx_word' id='word_1_57' title='bbox 186 604 256 630; x_wconf 81' lang='lat' dir='ltr'>ma</span> <span class='ocrx_word' id='word_1_58' title='bbox 287 589 473 638; x_wconf 86' lang='lat' dir='ltr'>ferenda,</span> <span class='ocrx_word' id='word_1_59' title='bbox 503 597 657 644; x_wconf 81' lang='lat' dir='ltr'>praesto</span> <span class='ocrx_word' id='word_1_60' title='bbox 691 588 831 628; x_wconf 83' lang='lat' dir='ltr'>fuere:</span> <span class='ocrx_word' id='word_1_61' title='bbox 865 588 987 642; x_wconf 83' lang='lat' dir='ltr'>signa</span> <span class='ocrx_word' id='word_1_62' title='bbox 1017 601 1069 626; x_wconf 82' lang='lat' dir='ltr'>ex</span> <span class='ocrx_word' id='word_1_63' title='bbox 1104 587 1250 626; x_wconf 69' lang='lat' dir='ltr'>aerznio</span> <span class='ocrx_word' id='word_1_64' title='bbox 1283 595 1448 640; x_wconf 85' lang='lat' dir='ltr'>promta</span> <span class='ocrx_word' id='word_1_65' title='bbox 1483 584 1625 624; x_wconf 86' lang='lat' dir='ltr'>ferun-</span> 
     </span>
     <span class='ocr_line' id='line_1_9' title="bbox 189 641 1626 698; baseline -0.003 -12"><span class='ocrx_word' id='word_1_66' title='bbox 189 658 258 686; x_wconf 80' lang='lat' dir='ltr'>tur</span> <span class='ocrx_word' id='word_1_67' title='bbox 287 647 338 687; x_wconf 82' lang='lat' dir='ltr'>ad</span> <span class='ocrx_word' id='word_1_68' title='bbox 372 646 640 686; x_wconf 82' lang='lat' dir='ltr'>dictatorem.</span> <span class='ocrx_word' id='word_1_69' title='bbox 690 646 800 690; x_wconf 68' lang='lat' dir='ltr'>Qum</span> <span class='ocrx_word' id='word_1_70' title='bbox 837 658 968 698; x_wconf 86' lang='lat' dir='ltr'>quum</span> <span class='ocrx_word' id='word_1_71' title='bbox 1004 655 1244 698; x_wconf 78' lang='lat' dir='ltr'>agerentur,</span> <span class='ocrx_word' id='word_1_72' title='bbox 1275 644 1415 682; x_wconf 74' lang='lat' dir='ltr'>hostes</span> <span class='ocrx_word' id='word_1_73' title='bbox 1451 641 1492 681; x_wconf 88' lang='lat' dir='ltr'>in</span> <span class='ocrx_word' id='word_1_74' title='bbox 1530 641 1626 681; x_wconf 77' lang='lat' dir='ltr'>loca</span> 
     </span>
     <span class='ocr_line' id='line_1_10' title="bbox 184 699 1623 756; baseline -0.003 -14"><span class='ocrx_word' id='word_1_75' title='bbox 184 703 335 744; x_wconf 78' lang='lat' dir='ltr'>altiora</span> <span class='ocrx_word' id='word_1_76' title='bbox 374 717 638 743; x_wconf 76' lang='lat' dir='ltr'>concessere.</span> <span class='ocrx_word' id='word_1_77' title='bbox 677 718 727 742; x_wconf 85' lang='lat' dir='ltr'>eo</span> <span class='ocrx_word' id='word_1_78' title='bbox 759 702 944 741; x_wconf 75' lang='lat' dir='ltr'>dictator</span> <span class='ocrx_word' id='word_1_79' title='bbox 975 701 1148 756; x_wconf 81' lang='lat' dir='ltr'>agmine</span> <span class='ocrx_word' id='word_1_80' title='bbox 1180 700 1336 739; x_wconf 76' lang='lat' dir='ltr'>infesto</span> <span class='ocrx_word' id='word_1_81' title='bbox 1367 699 1504 739; x_wconf 84' lang='lat' dir='ltr'>subit:</span> <span class='ocrx_word' id='word_1_82' title='bbox 1546 713 1623 738; x_wconf 83' lang='lat' dir='ltr'>nec</span> 
     </span>
     <span class='ocr_line' id='line_1_11' title="bbox 186 755 1625 814; baseline -0.004 -14"><span class='ocrx_word' id='word_1_83' title='bbox 186 759 336 814; x_wconf 84' lang='lat' dir='ltr'>procul</span> <span class='ocrx_word' id='word_1_84' title='bbox 373 759 617 799; x_wconf 57' lang='lat' dir='ltr'>Nomento„</span> <span class='ocrx_word' id='word_1_85' title='bbox 648 759 778 813; x_wconf 77' lang='lat' dir='ltr'>signis</span> <span class='ocrx_word' id='word_1_86' title='bbox 819 757 1012 806; x_wconf 76' lang='lat' dir='ltr'>conlatis,</span> <span class='ocrx_word' id='word_1_87' title='bbox 1038 757 1148 796; x_wconf 79' lang='lat' dir='ltr'>fudit</span> <span class='ocrx_word' id='word_1_88' title='bbox 1189 756 1388 797; x_wconf 84' lang='lat' dir='ltr'>Etruscas</span> <span class='ocrx_word' id='word_1_89' title='bbox 1420 755 1625 810; x_wconf 76' lang='lat' dir='ltr'>legiones.</span> 
     </span>
     <span class='ocr_line' id='line_1_12' title="bbox 186 812 1836 870; baseline -0.005 -14"><span class='ocrx_word' id='word_1_90' title='bbox 186 815 396 870; x_wconf 78' lang='lat' dir='ltr'>compulit</span> <span class='ocrx_word' id='word_1_91' title='bbox 446 815 544 856; x_wconf 89' lang='lat' dir='ltr'>inde</span> <span class='ocrx_word' id='word_1_92' title='bbox 584 817 624 855; x_wconf 89' lang='lat' dir='ltr'>iu</span> <span class='ocrx_word' id='word_1_93' title='bbox 676 818 821 855; x_wconf 84' lang='lat' dir='ltr'>urbem</span> <span class='ocrx_word' id='word_1_94' title='bbox 868 814 1063 863; x_wconf 72' lang='lat' dir='ltr'>Fidenas,</span> <span class='ocrx_word' id='word_1_95' title='bbox 1096 813 1288 867; x_wconf 81' lang='lat' dir='ltr'>valloque</span> <span class='ocrx_word' id='word_1_96' title='bbox 1330 812 1836 855; x_wconf 54' lang='lat' dir='ltr'>circumdedit.Fidenagob„</span> 
     </span>
     <span class='ocr_line' id='line_1_13' title="bbox 172 870 1769 927; baseline -0.003 -15"><span class='ocrx_word' id='word_1_97' title='bbox 172 872 273 913; x_wconf 85' lang='lat' dir='ltr'>-Sed</span> <span class='ocrx_word' id='word_1_98' title='bbox 297 885 433 926; x_wconf 89' lang='lat' dir='ltr'>neque</span> <span class='ocrx_word' id='word_1_99' title='bbox 455 873 578 912; x_wconf 85' lang='lat' dir='ltr'>scalis</span> <span class='ocrx_word' id='word_1_100' title='bbox 609 873 704 927; x_wconf 83' lang='lat' dir='ltr'>capi</span> <span class='ocrx_word' id='word_1_101' title='bbox 741 882 906 926; x_wconf 83' lang='lat' dir='ltr'>poterat</span> <span class='ocrx_word' id='word_1_102' title='bbox 943 872 1040 911; x_wconf 79' lang='lat' dir='ltr'>urbs</span> <span class='ocrx_word' id='word_1_103' title='bbox 1075 870 1158 909; x_wconf 84' lang='lat' dir='ltr'>alta</span> <span class='ocrx_word' id='word_1_104' title='bbox 1192 881 1233 910; x_wconf 86' lang='lat' dir='ltr'>et</span> <span class='ocrx_word' id='word_1_105' title='bbox 1265 870 1457 918; x_wconf 80' lang='lat' dir='ltr'>munita;</span> <span class='ocrx_word' id='word_1_106' title='bbox 1489 873 1769 924; x_wconf 48' lang='lat' dir='ltr'>nequerugffl&amp;</span> 
     </span>
     <span class='ocr_line' id='line_1_14' title="bbox 187 926 1626 982; baseline -0.003 -13"><span class='ocrx_word' id='word_1_107' title='bbox 187 930 230 969; x_wconf 92' lang='lat' dir='ltr'>in</span> <span class='ocrx_word' id='word_1_108' title='bbox 261 929 484 969; x_wconf 81' lang='lat' dir='ltr'>obsidione</span> <span class='ocrx_word' id='word_1_109' title='bbox 509 929 568 969; x_wconf 82' lang='lat' dir='ltr'>vis</span> <span class='ocrx_word' id='word_1_110' title='bbox 603 929 686 969; x_wconf 82' lang='lat' dir='ltr'>ulla</span> <span class='ocrx_word' id='word_1_111' title='bbox 716 940 820 978; x_wconf 83' lang='lat' dir='ltr'>erat,</span> <span class='ocrx_word' id='word_1_112' title='bbox 843 928 944 982; x_wconf 81' lang='lat' dir='ltr'>quia</span> <span class='ocrx_word' id='word_1_113' title='bbox 974 927 1233 968; x_wconf 83' lang='lat' dir='ltr'>frumentum</span> <span class='ocrx_word' id='word_1_114' title='bbox 1266 941 1348 966; x_wconf 90' lang='lat' dir='ltr'>non</span> <span class='ocrx_word' id='word_1_115' title='bbox 1383 926 1626 966; x_wconf 75' lang='lat' dir='ltr'>necessitati</span> 
     </span>
     <span class='ocr_line' id='line_1_15' title="bbox 186 984 1624 1040; baseline -0.002 -14"><span class='ocrx_word' id='word_1_116' title='bbox 186 985 314 1026; x_wconf 90' lang='lat' dir='ltr'>modo</span> <span class='ocrx_word' id='word_1_117' title='bbox 347 985 462 1036; x_wconf 80' lang='lat' dir='ltr'>satis,</span> <span class='ocrx_word' id='word_1_118' title='bbox 495 986 567 1026; x_wconf 87' lang='lat' dir='ltr'>sed</span> <span class='ocrx_word' id='word_1_119' title='bbox 607 987 748 1040; x_wconf 85' lang='lat' dir='ltr'>copiae</span> <span class='ocrx_word' id='word_1_120' title='bbox 779 999 964 1040; x_wconf 84' lang='lat' dir='ltr'>quoque,</span> <span class='ocrx_word' id='word_1_121' title='bbox 997 984 1167 1024; x_wconf 78' lang='lat' dir='ltr'>abunde</span> <span class='ocrx_word' id='word_1_122' title='bbox 1197 998 1251 1024; x_wconf 79' lang='lat' dir='ltr'>ex</span> <span class='ocrx_word' id='word_1_123' title='bbox 1283 995 1381 1023; x_wconf 80' lang='lat' dir='ltr'>ante</span> <span class='ocrx_word' id='word_1_124' title='bbox 1412 993 1624 1023; x_wconf 77' lang='lat' dir='ltr'>convecto</span> 
     </span>
     <span class='ocr_line' id='line_1_16' title="bbox 172 1039 1624 1098; baseline -0.003 -16"><span class='ocrx_word' id='word_1_125' title='bbox 172 1042 453 1083; x_wconf 82' lang='lat' dir='ltr'>-subficiebat.</span> <span class='ocrx_word' id='word_1_126' title='bbox 515 1042 595 1092; x_wconf 83' lang='lat' dir='ltr'>Ita,</span> <span class='ocrx_word' id='word_1_127' title='bbox 625 1042 901 1098; x_wconf 79' lang='lat' dir='ltr'>expugnandi</span> <span class='ocrx_word' id='word_1_128' title='bbox 945 1042 1100 1095; x_wconf 81' lang='lat' dir='ltr'>pariter</span> <span class='ocrx_word' id='word_1_129' title='bbox 1139 1040 1408 1095; x_wconf 82' lang='lat' dir='ltr'>cogendique</span> <span class='ocrx_word' id='word_1_130' title='bbox 1456 1040 1509 1079; x_wconf 88' lang='lat' dir='ltr'>ad</span> <span class='ocrx_word' id='word_1_131' title='bbox 1550 1039 1624 1079; x_wconf 87' lang='lat' dir='ltr'>de·</span> 
     </span>
     <span class='ocr_line' id='line_1_17' title="bbox 183 1097 1624 1154; baseline -0.002 -15"><span class='ocrx_word' id='word_1_132' title='bbox 183 1099 389 1139; x_wconf 87' lang='lat' dir='ltr'>ditionem</span> <span class='ocrx_word' id='word_1_133' title='bbox 423 1113 497 1154; x_wconf 87' lang='lat' dir='ltr'>spe</span> <span class='ocrx_word' id='word_1_134' title='bbox 527 1100 696 1149; x_wconf 82' lang='lat' dir='ltr'>amissa,</span> <span class='ocrx_word' id='word_1_135' title='bbox 726 1100 912 1139; x_wconf 83' lang='lat' dir='ltr'>dictator</span> <span class='ocrx_word' id='word_1_136' title='bbox 943 1099 984 1137; x_wconf 89' lang='lat' dir='ltr'>in</span> <span class='ocrx_word' id='word_1_137' title='bbox 1024 1097 1144 1147; x_wconf 86' lang='lat' dir='ltr'>locis,</span> <span class='ocrx_word' id='word_1_138' title='bbox 1175 1108 1346 1151; x_wconf 85' lang='lat' dir='ltr'>propter</span> <span class='ocrx_word' id='word_1_139' title='bbox 1379 1097 1624 1151; x_wconf 84' lang='lat' dir='ltr'>propinqui-</span> 
     </span>
     <span class='ocr_line' id='line_1_18' title="bbox 186 1153 1621 1210; baseline -0.003 -14"><span class='ocrx_word' id='word_1_140' title='bbox 186 1165 316 1196; x_wconf 84' lang='lat' dir='ltr'>tatem</span> <span class='ocrx_word' id='word_1_141' title='bbox 350 1156 480 1206; x_wconf 82' lang='lat' dir='ltr'>notis,</span> <span class='ocrx_word' id='word_1_142' title='bbox 512 1157 564 1196; x_wconf 85' lang='lat' dir='ltr'>ab</span> <span class='ocrx_word' id='word_1_143' title='bbox 595 1171 739 1196; x_wconf 73' lang='lat' dir='ltr'>aversa</span> <span class='ocrx_word' id='word_1_144' title='bbox 770 1166 886 1210; x_wconf 78' lang='lat' dir='ltr'>parte</span> <span class='ocrx_word' id='word_1_145' title='bbox 917 1155 1030 1195; x_wconf 88' lang='lat' dir='ltr'>urbis</span> <span class='ocrx_word' id='word_1_146' title='bbox 1064 1155 1250 1193; x_wconf 75' lang='lat' dir='ltr'>maxime</span> <span class='ocrx_word' id='word_1_147' title='bbox 1283 1153 1493 1208; x_wconf 82' lang='lat' dir='ltr'>neglecta,</span> <span class='ocrx_word' id='word_1_148' title='bbox 1525 1153 1621 1207; x_wconf 76' lang='lat' dir='ltr'>quia</span> 
     </span>
     <span class='ocr_line' id='line_1_19' title="bbox 184 1209 1625 1267; baseline -0.003 -14"><span class='ocrx_word' id='word_1_149' title='bbox 184 1222 333 1266; x_wconf 74' lang='lat' dir='ltr'>suapte</span> <span class='ocrx_word' id='word_1_150' title='bbox 360 1223 510 1253; x_wconf 87' lang='lat' dir='ltr'>natura</span> <span class='ocrx_word' id='word_1_151' title='bbox 533 1213 742 1253; x_wconf 81' lang='lat' dir='ltr'>tutissima</span> <span class='ocrx_word' id='word_1_152' title='bbox 763 1223 865 1261; x_wconf 81' lang='lat' dir='ltr'>erat,</span> <span class='ocrx_word' id='word_1_153' title='bbox 888 1226 1014 1267; x_wconf 76' lang='lat' dir='ltr'>agere</span> <span class='ocrx_word' id='word_1_154' title='bbox 1042 1211 1084 1250; x_wconf 89' lang='lat' dir='ltr'>in</span> <span class='ocrx_word' id='word_1_155' title='bbox 1107 1225 1246 1250; x_wconf 84' lang='lat' dir='ltr'>arcem</span> <span class='ocrx_word' id='word_1_156' title='bbox 1282 1209 1527 1250; x_wconf 86' lang='lat' dir='ltr'>cuniculum</span> <span class='ocrx_word' id='word_1_157' title='bbox 1561 1210 1625 1249; x_wconf 89' lang='lat' dir='ltr'>in-</span> 
     </span>
    </p>

    <p class='ocr_par' dir='ltr' id='par_1_4' title="bbox 171 1266 1624 1380">
     <span class='ocr_line' id='line_1_20' title="bbox 171 1266 1624 1323; baseline -0.003 -14"><span class='ocrx_word' id='word_1_158' title='bbox 171 1269 340 1310; x_wconf 76' lang='lat' dir='ltr'>·stituit.</span> <span class='ocrx_word' id='word_1_159' title='bbox 364 1270 468 1323; x_wconf 85' lang='lat' dir='ltr'>ipse,</span> <span class='ocrx_word' id='word_1_160' title='bbox 491 1269 788 1310; x_wconf 80' lang='lat' dir='ltr'>diversissimis</span> <span class='ocrx_word' id='word_1_161' title='bbox 813 1269 916 1309; x_wconf 84' lang='lat' dir='ltr'>locis</span> <span class='ocrx_word' id='word_1_162' title='bbox 939 1268 1161 1308; x_wconf 90' lang='lat' dir='ltr'>subeundo</span> <span class='ocrx_word' id='word_1_163' title='bbox 1184 1268 1235 1307; x_wconf 80' lang='lat' dir='ltr'>ad</span> <span class='ocrx_word' id='word_1_164' title='bbox 1260 1268 1422 1307; x_wconf 83' lang='lat' dir='ltr'>moenia</span> <span class='ocrx_word' id='word_1_165' title='bbox 1452 1266 1624 1321; x_wconf 82' lang='lat' dir='ltr'>quadri-</span> 
     </span>
     <span class='ocr_line' id='line_1_21' title="bbox 185 1324 1622 1380; baseline -0.003 -13"><span class='ocrx_word' id='word_1_166' title='bbox 185 1325 334 1367; x_wconf 80' lang='lat' dir='ltr'>fariam</span> <span class='ocrx_word' id='word_1_167' title='bbox 370 1327 509 1367; x_wconf 82' lang='lat' dir='ltr'>diviso</span> <span class='ocrx_word' id='word_1_168' title='bbox 542 1328 749 1376; x_wconf 80' lang='lat' dir='ltr'>exercitu,</span> <span class='ocrx_word' id='word_1_169' title='bbox 780 1328 851 1380; x_wconf 87' lang='lat' dir='ltr'>qui</span> <span class='ocrx_word' id='word_1_170' title='bbox 888 1325 957 1365; x_wconf 84' lang='lat' dir='ltr'>alii</span> <span class='ocrx_word' id='word_1_171' title='bbox 991 1325 1083 1365; x_wconf 85' lang='lat' dir='ltr'>aliis</span> <span class='ocrx_word' id='word_1_172' title='bbox 1117 1324 1393 1365; x_wconf 84' lang='lat' dir='ltr'>succederent</span> <span class='ocrx_word' id='word_1_173' title='bbox 1426 1324 1477 1364; x_wconf 83' lang='lat' dir='ltr'>ad</span> <span class='ocrx_word' id='word_1_174' title='bbox 1514 1337 1622 1378; x_wconf 83' lang='lat' dir='ltr'>pug-</span> 
     </span>
    </p>

    <p class='ocr_par' dir='ltr' id='par_1_5' title="bbox 185 1379 1789 1608">
     <span class='ocr_line' id='line_1_22' title="bbox 185 1379 1789 1437; baseline -0.002 -15"><span class='ocrx_word' id='word_1_175' title='bbox 185 1396 302 1433; x_wconf 84' lang='lat' dir='ltr'>nam,</span> <span class='ocrx_word' id='word_1_176' title='bbox 324 1383 564 1424; x_wconf 83' lang='lat' dir='ltr'>continenti</span> <span class='ocrx_word' id='word_1_177' title='bbox 586 1384 655 1423; x_wconf 88' lang='lat' dir='ltr'>die</span> <span class='ocrx_word' id='word_1_178' title='bbox 677 1399 725 1423; x_wconf 86' lang='lat' dir='ltr'>ac</span> <span class='ocrx_word' id='word_1_179' title='bbox 749 1392 874 1422; x_wconf 89' lang='lat' dir='ltr'>nocte</span> <span class='ocrx_word' id='word_1_180' title='bbox 900 1381 1052 1437; x_wconf 82' lang='lat' dir='ltr'>proelio</span> <span class='ocrx_word' id='word_1_181' title='bbox 1076 1382 1129 1421; x_wconf 90' lang='lat' dir='ltr'>ab</span> <span class='ocrx_word' id='word_1_182' title='bbox 1152 1395 1274 1421; x_wconf 84' lang='lat' dir='ltr'>sensu</span> <span class='ocrx_word' id='word_1_183' title='bbox 1307 1381 1445 1435; x_wconf 84' lang='lat' dir='ltr'>operis</span> <span class='ocrx_word' id='word_1_184' title='bbox 1478 1379 1620 1419; x_wconf 81' lang='lat' dir='ltr'>hostes</span> <span class='ocrx_word' id='word_1_185' title='bbox 1636 1381 1789 1430; x_wconf 56' lang='lat' dir='ltr'>Cuniculo</span> 
     </span>
     <span class='ocr_line' id='line_1_23' title="bbox 186 1431 1728 1495; baseline -0.002 -16"><span class='ocrx_word' id='word_1_186' title='bbox 186 1440 431 1480; x_wconf 83' lang='lat' dir='ltr'>avertebat:</span> <span class='ocrx_word' id='word_1_187' title='bbox 470 1440 622 1489; x_wconf 85' lang='lat' dir='ltr'>donee,</span> <span class='ocrx_word' id='word_1_188' title='bbox 646 1439 835 1495; x_wconf 79' lang='lat' dir='ltr'>perfosso</span> <span class='ocrx_word' id='word_1_189' title='bbox 858 1454 882 1478; x_wconf 84' lang='lat' dir='ltr'>a</span> <span class='ocrx_word' id='word_1_190' title='bbox 903 1438 1050 1479; x_wconf 86' lang='lat' dir='ltr'>castris</span> <span class='ocrx_word' id='word_1_191' title='bbox 1074 1449 1233 1488; x_wconf 85' lang='lat' dir='ltr'>monte,</span> <span class='ocrx_word' id='word_1_192' title='bbox 1255 1448 1394 1478; x_wconf 83' lang='lat' dir='ltr'>erecta</span> <span class='ocrx_word' id='word_1_193' title='bbox 1416 1438 1458 1477; x_wconf 90' lang='lat' dir='ltr'>in</span> <span class='ocrx_word' id='word_1_194' title='bbox 1481 1451 1620 1477; x_wconf 85' lang='lat' dir='ltr'>arcem</span> <span class='ocrx_word' id='word_1_195' title='bbox 1635 1431 1728 1463; x_wconf 63' lang='lat'>⁶³1&#39;¹²‘</span> 
     </span>
     <span class='ocr_line' id='line_1_24' title="bbox 187 1493 1621 1551; baseline -0.002 -15"><span class='ocrx_word' id='word_1_196' title='bbox 187 1497 258 1536; x_wconf 73' lang='lat' dir='ltr'>via</span> <span class='ocrx_word' id='word_1_197' title='bbox 286 1506 376 1546; x_wconf 80' lang='lat' dir='ltr'>est3</span> <span class='ocrx_word' id='word_1_198' title='bbox 418 1497 720 1551; x_wconf 64' lang='lat' dir='ltr'>¹2intentisque</span> <span class='ocrx_word' id='word_1_199' title='bbox 753 1495 943 1536; x_wconf 78' lang='lat' dir='ltr'>Etruscis</span> <span class='ocrx_word' id='word_1_200' title='bbox 974 1496 1025 1535; x_wconf 86' lang='lat' dir='ltr'>ad</span> <span class='ocrx_word' id='word_1_201' title='bbox 1062 1509 1188 1534; x_wconf 80' lang='lat' dir='ltr'>vanas</span> <span class='ocrx_word' id='word_1_202' title='bbox 1222 1509 1246 1534; x_wconf 85' lang='lat' dir='ltr'>a</span> <span class='ocrx_word' id='word_1_203' title='bbox 1278 1506 1395 1534; x_wconf 83' lang='lat' dir='ltr'>certo</span> <span class='ocrx_word' id='word_1_204' title='bbox 1434 1493 1621 1549; x_wconf 86' lang='lat' dir='ltr'>periculo</span> 
     </span>
     <span class='ocr_line' id='line_1_25' title="bbox 186 1550 1620 1608; baseline -0.002 -16"><span class='ocrx_word' id='word_1_205' title='bbox 186 1553 338 1602; x_wconf 88' lang='lat' dir='ltr'>minas,</span> <span class='ocrx_word' id='word_1_206' title='bbox 360 1552 520 1593; x_wconf 87' lang='lat' dir='ltr'>clamor</span> <span class='ocrx_word' id='word_1_207' title='bbox 541 1568 667 1608; x_wconf 86' lang='lat' dir='ltr'>supra</span> <span class='ocrx_word' id='word_1_208' title='bbox 688 1563 816 1606; x_wconf 86' lang='lat' dir='ltr'>caput</span> <span class='ocrx_word' id='word_1_209' title='bbox 848 1552 1011 1592; x_wconf 78' lang='lat' dir='ltr'>hostilis</span> <span class='ocrx_word' id='word_1_210' title='bbox 1034 1562 1205 1605; x_wconf 82' lang='lat' dir='ltr'>captam</span> <span class='ocrx_word' id='word_1_211' title='bbox 1239 1552 1385 1591; x_wconf 85' lang='lat' dir='ltr'>urbem</span> <span class='ocrx_word' id='word_1_212' title='bbox 1419 1550 1620 1590; x_wconf 77' lang='lat' dir='ltr'>ostendit.</span> 
     </span>
    </p>

    <p class='ocr_par' dir='ltr' id='par_1_6' title="bbox 186 1607 1624 1720">
     <span class='ocr_line' id='line_1_26' title="bbox 187 1607 1624 1663; baseline -0.002 -14"><span class='ocrx_word' id='word_1_213' title='bbox 187 1608 252 1649; x_wconf 85' lang='lat' dir='ltr'>Eo</span> <span class='ocrx_word' id='word_1_214' title='bbox 288 1624 400 1650; x_wconf 86' lang='lat' dir='ltr'>anno</span> <span class='ocrx_word' id='word_1_215' title='bbox 440 1609 491 1650; x_wconf 92' lang='lat' dir='ltr'>C.</span> <span class='ocrx_word' id='word_1_216' title='bbox 528 1610 679 1650; x_wconf 88' lang='lat' dir='ltr'>Furius</span> <span class='ocrx_word' id='word_1_217' title='bbox 719 1609 888 1649; x_wconf 81' lang='lat' dir='ltr'>Pacilus</span> <span class='ocrx_word' id='word_1_218' title='bbox 929 1618 972 1648; x_wconf 89' lang='lat' dir='ltr'>et</span> <span class='ocrx_word' id='word_1_219' title='bbox 1012 1607 1079 1647; x_wconf 84' lang='lat' dir='ltr'>M.</span> <span class='ocrx_word' id='word_1_220' title='bbox 1119 1608 1338 1663; x_wconf 66' lang='lat' dir='ltr'>Geganius</span> <span class='ocrx_word' id='word_1_221' title='bbox 1376 1607 1624 1646; x_wconf 76' lang='lat' dir='ltr'>Macerinus</span> 
     </span>
     <span class='ocr_line' id='line_1_27' title="bbox 186 1664 1624 1720; baseline -0.001 -15"><span class='ocrx_word' id='word_1_222' title='bbox 186 1680 382 1706; x_wconf 88' lang='lat' dir='ltr'>censores</span> <span class='ocrx_word' id='word_1_223' title='bbox 421 1671 448 1692; x_wconf 79' lang='lat'>¹³</span> <span class='ocrx_word' id='word_1_224' title='bbox 465 1666 603 1706; x_wconf 79' lang='lat' dir='ltr'>villam</span> <span class='ocrx_word' id='word_1_225' title='bbox 642 1666 857 1720; x_wconf 81' lang='lat' dir='ltr'>publicam</span> <span class='ocrx_word' id='word_1_226' title='bbox 900 1665 940 1705; x_wconf 91' lang='lat' dir='ltr'>in</span> <span class='ocrx_word' id='word_1_227' title='bbox 981 1679 1133 1719; x_wconf 85' lang='lat' dir='ltr'>campo</span> <span class='ocrx_word' id='word_1_228' title='bbox 1172 1664 1333 1704; x_wconf 84' lang='lat' dir='ltr'>Martio</span> <span class='ocrx_word' id='word_1_229' title='bbox 1372 1665 1624 1719; x_wconf 66' lang='lat' dir='ltr'>1&#39;‘probave-</span> 
     </span>
    </p>

    <p class='ocr_par' dir='ltr' id='par_1_7' title="bbox 186 1722 1269 1778">
     <span class='ocr_line' id='line_1_28' title="bbox 186 1722 1269 1778; baseline -0.002 -16"><span class='ocrx_word' id='word_1_230' title='bbox 186 1731 305 1764; x_wconf 83' lang='lat' dir='ltr'>runt:</span> <span class='ocrx_word' id='word_1_231' title='bbox 339 1722 483 1776; x_wconf 87' lang='lat' dir='ltr'>ibique</span> <span class='ocrx_word' id='word_1_232' title='bbox 507 1724 689 1778; x_wconf 89' lang='lat' dir='ltr'>primum</span> <span class='ocrx_word' id='word_1_233' title='bbox 712 1736 860 1762; x_wconf 77' lang='lat' dir='ltr'>census</span> <span class='ocrx_word' id='word_1_234' title='bbox 887 1722 1029 1776; x_wconf 89' lang='lat' dir='ltr'>populi</span> <span class='ocrx_word' id='word_1_235' title='bbox 1051 1731 1114 1761; x_wconf 82' lang='lat' dir='ltr'>est</span> <span class='ocrx_word' id='word_1_236' title='bbox 1133 1731 1269 1761; x_wconf 81' lang='lat' dir='ltr'>actus.</span> 
     </span>
    </p>

    <p class='ocr_par' dir='ltr' id='par_1_8' title="bbox 185 1775 1836 2232">
     <span class='ocr_line' id='line_1_29' title="bbox 246 1775 1821 1833; baseline -0.003 -14"><span class='ocrx_word' id='word_1_237' title='bbox 246 1778 437 1822; x_wconf 85' lang='lat' dir='ltr'><strong>XXIII.</strong></span> <span class='ocrx_word' id='word_1_238' title='bbox 471 1779 652 1820; x_wconf 86' lang='lat' dir='ltr'>Eosdem</span> <span class='ocrx_word' id='word_1_239' title='bbox 676 1779 870 1820; x_wconf 89' lang='lat' dir='ltr'>consules</span> <span class='ocrx_word' id='word_1_240' title='bbox 902 1779 1138 1833; x_wconf 79' lang='lat' dir='ltr'>insequenti</span> <span class='ocrx_word' id='word_1_241' title='bbox 1173 1792 1285 1818; x_wconf 85' lang='lat' dir='ltr'>anno</span> <span class='ocrx_word' id='word_1_242' title='bbox 1319 1776 1513 1826; x_wconf 85' lang='lat' dir='ltr'>refectos,</span> <span class='ocrx_word' id='word_1_243' title='bbox 1542 1775 1678 1818; x_wconf 88' lang='lat' dir='ltr'>Ju-U·</span> <span class='ocrx_word' id='word_1_244' title='bbox 1696 1778 1821 1809; x_wconf 58' lang='lat'>(1321.</span> 
     </span>
     <span class='ocr_line' id='line_1_30' title="bbox 186 1822 1823 1896; baseline -0.002 -20"><span class='ocrx_word' id='word_1_245' title='bbox 186 1834 290 1876; x_wconf 89' lang='lat' dir='ltr'>lium</span> <span class='ocrx_word' id='word_1_246' title='bbox 327 1836 517 1886; x_wconf 86' lang='lat' dir='ltr'>tertium,</span> <span class='ocrx_word' id='word_1_247' title='bbox 546 1837 790 1892; x_wconf 82' lang='lat' dir='ltr'>Virginium</span> <span class='ocrx_word' id='word_1_248' title='bbox 830 1836 998 1886; x_wconf 86' lang='lat' dir='ltr'>iterum,</span> <span class='ocrx_word' id='word_1_249' title='bbox 1031 1835 1141 1889; x_wconf 79' lang='lat' dir='ltr'>apud</span> <span class='ocrx_word' id='word_1_250' title='bbox 1178 1834 1370 1874; x_wconf 82' lang='lat' dir='ltr'>Macrum</span> <span class='ocrx_word' id='word_1_251' title='bbox 1409 1822 1823 1896; x_wconf 44' lang='lat' dir='ltr'>Liciiiitluiss·affi·¹i“g{:i</span> 
     </span>
     <span class='ocr_line' id='line_1_31' title="bbox 187 1887 1836 1946; baseline -0.002 -14"><span class='ocrx_word' id='word_1_252' title='bbox 187 1892 376 1934; x_wconf 89' lang='lat' dir='ltr'>invenio.</span> <span class='ocrx_word' id='word_1_253' title='bbox 433 1893 624 1934; x_wconf 85' lang='lat' dir='ltr'>Valerius</span> <span class='ocrx_word' id='word_1_254' title='bbox 645 1893 798 1933; x_wconf 76' lang='lat' dir='ltr'>Anti&#39;as</span> <span class='ocrx_word' id='word_1_255' title='bbox 819 1901 862 1933; x_wconf 86' lang='lat' dir='ltr'>et</span> <span class='ocrx_word' id='word_1_256' title='bbox 895 1893 995 1939; x_wconf 80' lang='lat' dir='ltr'>¹⁵Q.</span> <span class='ocrx_word' id='word_1_257' title='bbox 1027 1890 1200 1932; x_wconf 88' lang='lat' dir='ltr'>Tubero</span> <span class='ocrx_word' id='word_1_258' title='bbox 1234 1890 1301 1931; x_wconf 85' lang='lat' dir='ltr'>M.</span> <span class='ocrx_word' id='word_1_259' title='bbox 1334 1890 1547 1931; x_wconf 86' lang='lat' dir='ltr'>Manlium</span> <span class='ocrx_word' id='word_1_260' title='bbox 1580 1899 1619 1930; x_wconf 85' lang='lat' dir='ltr'>et</span> <span class='ocrx_word' id='word_1_261' title='bbox 1635 1888 1672 1938; x_wconf 48' lang='grc' dir='ltr'>μ’]</span> <span class='ocrx_word' id='word_1_262' title='bbox 1685 1887 1836 1946; x_wconf 37' lang='lat' dir='ltr'>Virginis</span> 
     </span>
     <span class='ocr_line' id='line_1_32' title="bbox 190 1947 1777 2004; baseline -0.003 -14"><span class='ocrx_word' id='word_1_263' title='bbox 190 1949 248 1996; x_wconf 84' lang='lat' dir='ltr'>Q.</span> <span class='ocrx_word' id='word_1_264' title='bbox 280 1949 518 2004; x_wconf 88' lang='lat' dir='ltr'>Sulpicium</span> <span class='ocrx_word' id='word_1_265' title='bbox 559 1950 749 1990; x_wconf 85' lang='lat' dir='ltr'>eonsules</span> <span class='ocrx_word' id='word_1_266' title='bbox 781 1950 822 1990; x_wconf 89' lang='lat' dir='ltr'>in</span> <span class='ocrx_word' id='word_1_267' title='bbox 856 1963 950 1989; x_wconf 87' lang='lat' dir='ltr'>eum</span> <span class='ocrx_word' id='word_1_268' title='bbox 982 1962 1137 1988; x_wconf 84' lang='lat' dir='ltr'>annum</span> <span class='ocrx_word' id='word_1_269' title='bbox 1180 1947 1326 1987; x_wconf 89' lang='lat' dir='ltr'>edunt.</span> <span class='ocrx_word' id='word_1_270' title='bbox 1358 1956 1545 1987; x_wconf 87' lang='lat' dir='ltr'>ceterum</span> <span class='ocrx_word' id='word_1_271' title='bbox 1578 1947 1621 1987; x_wconf 90' lang='lat' dir='ltr'>in</span> <span class='ocrx_word' id='word_1_272' title='bbox 1635 1953 1676 1982; x_wconf 84' lang='grc' dir='ltr'>ΙΙ.</span> <span class='ocrx_word' id='word_1_273' title='bbox 1691 1954 1777 1983; x_wconf 66' lang='lat' dir='ltr'>Cos-&lt;-</span> 
     </span>
     <span class='ocr_line' id='line_1_33' title="bbox 191 2003 1622 2062; baseline -0.003 -15"><span class='ocrx_word' id='word_1_274' title='bbox 191 2015 277 2046; x_wconf 81' lang='lat' dir='ltr'>tam</span> <span class='ocrx_word' id='word_1_275' title='bbox 299 2007 584 2062; x_wconf 85' lang='lat' dir='ltr'>discrepantei</span> <span class='ocrx_word' id='word_1_276' title='bbox 605 2007 794 2047; x_wconf 87' lang='lat' dir='ltr'>editione</span> <span class='ocrx_word' id='word_1_277' title='bbox 816 2015 858 2047; x_wconf 87' lang='lat' dir='ltr'>et</span> <span class='ocrx_word' id='word_1_278' title='bbox 879 2005 1050 2046; x_wconf 88' lang='lat' dir='ltr'>Tubero</span> <span class='ocrx_word' id='word_1_279' title='bbox 1072 2015 1114 2045; x_wconf 85' lang='lat' dir='ltr'>et</span> <span class='ocrx_word' id='word_1_280' title='bbox 1138 2004 1290 2045; x_wconf 85' lang='lat' dir='ltr'>Macer</span> <span class='ocrx_word' id='word_1_281' title='bbox 1311 2004 1439 2044; x_wconf 87' lang='lat' dir='ltr'>libros</span> <span class='ocrx_word' id='word_1_282' title='bbox 1470 2003 1622 2044; x_wconf 86' lang='lat' dir='ltr'>linteos</span> 
     </span>
     <span class='ocr_line' id='line_1_34' title="bbox 188 2060 1623 2118; baseline -0.001 -16"><span class='ocrx_word' id='word_1_283' title='bbox 188 2071 381 2103; x_wconf 81' lang='lat' dir='ltr'>auctores</span> <span class='ocrx_word' id='word_1_284' title='bbox 411 2064 690 2118; x_wconf 85' lang='lat' dir='ltr'>profitentur:</span> <span class='ocrx_word' id='word_1_285' title='bbox 723 2074 886 2113; x_wconf 87' lang='lat' dir='ltr'>neuter,</span> <span class='ocrx_word' id='word_1_286' title='bbox 910 2063 1100 2103; x_wconf 91' lang='lat' dir='ltr'>tribunos</span> <span class='ocrx_word' id='word_1_287' title='bbox 1133 2061 1312 2101; x_wconf 88' lang='lat' dir='ltr'>militum</span> <span class='ocrx_word' id='word_1_288' title='bbox 1343 2075 1394 2101; x_wconf 91' lang='lat' dir='ltr'>eo</span> <span class='ocrx_word' id='word_1_289' title='bbox 1425 2074 1537 2101; x_wconf 82' lang='lat' dir='ltr'>anno</span> <span class='ocrx_word' id='word_1_290' title='bbox 1560 2060 1623 2100; x_wconf 82' lang='lat' dir='ltr'>fu·</span> 
     </span>
     <span class='ocr_line' id='line_1_35' title="bbox 186 2117 1622 2175; baseline -0.002 -16"><span class='ocrx_word' id='word_1_291' title='bbox 186 2120 282 2169; x_wconf 83' lang='lat' dir='ltr'>isse,</span> <span class='ocrx_word' id='word_1_292' title='bbox 315 2120 514 2161; x_wconf 85' lang='lat' dir='ltr'>traditum</span> <span class='ocrx_word' id='word_1_293' title='bbox 556 2136 581 2161; x_wconf 89' lang='lat' dir='ltr'>a</span> <span class='ocrx_word' id='word_1_294' title='bbox 609 2121 887 2175; x_wconf 87' lang='lat' dir='ltr'>scriptoribus</span> <span class='ocrx_word' id='word_1_295' title='bbox 925 2119 1111 2173; x_wconf 85' lang='lat' dir='ltr'>antiquis</span> <span class='ocrx_word' id='word_1_296' title='bbox 1144 2117 1396 2158; x_wconf 86' lang='lat' dir='ltr'>dissimulat.</span> <span class='ocrx_word' id='word_1_297' title='bbox 1457 2117 1622 2157; x_wconf 85' lang='lat' dir='ltr'>Licinio</span> 
     </span>
     <span class='ocr_line' id='line_1_36' title="bbox 185 2173 1621 2232; baseline -0.002 -16"><span class='ocrx_word' id='word_1_298' title='bbox 185 2175 316 2217; x_wconf 86' lang='lat' dir='ltr'>libros</span> <span class='ocrx_word' id='word_1_299' title='bbox 340 2177 449 2217; x_wconf 84' lang='lat' dir='ltr'>haud</span> <span class='ocrx_word' id='word_1_300' title='bbox 471 2177 597 2218; x_wconf 87' lang='lat' dir='ltr'>dubie</span> <span class='ocrx_word' id='word_1_301' title='bbox 620 2178 737 2232; x_wconf 79' lang='lat' dir='ltr'>sequi</span> <span class='ocrx_word' id='word_1_302' title='bbox 760 2177 911 2218; x_wconf 89' lang='lat' dir='ltr'>linteos</span> <span class='ocrx_word' id='word_1_303' title='bbox 936 2176 1098 2232; x_wconf 83' lang='lat' dir='ltr'>placet:</span> <span class='ocrx_word' id='word_1_304' title='bbox 1133 2179 1162 2202; x_wconf 78' lang='lat'>¹⁶</span> <span class='ocrx_word' id='word_1_305' title='bbox 1176 2184 1219 2215; x_wconf 87' lang='lat' dir='ltr'>et</span> <span class='ocrx_word' id='word_1_306' title='bbox 1248 2173 1417 2215; x_wconf 85' lang='lat' dir='ltr'>Tubero</span> <span class='ocrx_word' id='word_1_307' title='bbox 1438 2175 1621 2215; x_wconf 87' lang='lat' dir='ltr'>incertus</span> 
     </span>
    </p>
   </div>
   <div class='ocr_carea' id='block_1_3' title="bbox 271 2249 1537 2288">
    <p class='ocr_par' dir='ltr' id='par_1_9' title="bbox 271 2249 1537 2288">
     <span class='ocr_line' id='line_1_37' title="bbox 271 2249 1537 2288; baseline -0.002 -9"><span class='ocrx_word' id='word_1_308' title='bbox 271 2256 286 2276; x_wconf 71' lang='lat' dir='ltr'>fl</span> <span class='ocrx_word' id='word_1_309' title='bbox 307 2251 349 2286; x_wconf 74' lang='lat' dir='ltr'>Q.</span> <span class='ocrx_word' id='word_1_310' title='bbox 365 2251 456 2279; x_wconf 74' lang='lat' dir='ltr'>Crev·</span> <span class='ocrx_word' id='word_1_311' title='bbox 624 2250 640 2271; x_wconf 76' lang='lat'>¹²</span> <span class='ocrx_word' id='word_1_312' title='bbox 663 2252 817 2281; x_wconf 73' lang='lat' dir='ltr'>Numento</span> <span class='ocrx_word' id='word_1_313' title='bbox 839 2251 935 2280; x_wconf 86' lang='lat' dir='ltr'>Gron.</span> <span class='ocrx_word' id='word_1_314' title='bbox 1108 2249 1116 2270; x_wconf 84' lang='lat' dir='ltr'>i</span> <span class='ocrx_word' id='word_1_315' title='bbox 1138 2249 1324 2288; x_wconf 69' lang='lat' dir='ltr'>discrepanti</span> <span class='ocrx_word' id='word_1_316' title='bbox 1337 2249 1432 2278; x_wconf 82' lang='lat' dir='ltr'>Gron.</span> <span class='ocrx_word' id='word_1_317' title='bbox 1447 2250 1537 2277; x_wconf 80' lang='lat' dir='ltr'>Crev.</span> 
     </span>
    </p>
   </div>
   <div class='ocr_carea' id='block_1_4' title="bbox 170 2308 886 2913">
    <p class='ocr_par' dir='ltr' id='par_1_10' title="bbox 189 2308 883 2479">
     <span class='ocr_line' id='line_1_38' title="bbox 237 2308 883 2350; baseline 0.003 -12"><span class='ocrx_word' id='word_1_318' title='bbox 237 2311 268 2338; x_wconf 85' lang='lat' dir='ltr'>ll</span> <span class='ocrx_word' id='word_1_319' title='bbox 294 2309 337 2350; x_wconf 69' lang='lat' dir='ltr'>Q.</span> <span class='ocrx_word' id='word_1_320' title='bbox 364 2308 554 2348; x_wconf 75' lang='lat' dir='ltr'>Servilium]</span> <span class='ocrx_word' id='word_1_321' title='bbox 580 2309 689 2349; x_wconf 80' lang='lat' dir='ltr'>Vulgo</span> <span class='ocrx_word' id='word_1_322' title='bbox 711 2311 752 2340; x_wconf 89' lang='lat' dir='ltr'>A.</span> <span class='ocrx_word' id='word_1_323' title='bbox 776 2309 883 2340; x_wconf 75' lang='lat' dir='ltr'>Servi-</span> 
     </span>
     <span class='ocr_line' id='line_1_39' title="bbox 189 2353 882 2391; baseline 0.001 -9"><span class='ocrx_word' id='word_1_324' title='bbox 189 2353 280 2383; x_wconf 73' lang='lat' dir='ltr'>lium.</span> <span class='ocrx_word' id='word_1_325' title='bbox 326 2353 479 2391; x_wconf 75' lang='lat' dir='ltr'>Sigonius</span> <span class='ocrx_word' id='word_1_326' title='bbox 516 2354 647 2383; x_wconf 87' lang='lat' dir='ltr'>monuit</span> <span class='ocrx_word' id='word_1_327' title='bbox 683 2354 882 2383; x_wconf 87' lang='lat' dir='ltr'>mutandum</span> 
     </span>
     <span class='ocr_line' id='line_1_40' title="bbox 189 2397 882 2436; baseline 0.003 -12"><span class='ocrx_word' id='word_1_328' title='bbox 189 2405 258 2425; x_wconf 83' lang='lat' dir='ltr'>esse</span> <span class='ocrx_word' id='word_1_329' title='bbox 283 2405 490 2435; x_wconf 76' lang='lat' dir='ltr'>praenornen‚</span> <span class='ocrx_word' id='word_1_330' title='bbox 507 2406 546 2434; x_wconf 71' lang='grc' dir='ltr'>ως</span> <span class='ocrx_word' id='word_1_331' title='bbox 575 2406 669 2436; x_wconf 85' lang='lat' dir='ltr'>capp.</span> <span class='ocrx_word' id='word_1_332' title='bbox 693 2399 746 2427; x_wconf 78' lang='lat'>45.</span> <span class='ocrx_word' id='word_1_333' title='bbox 772 2401 807 2427; x_wconf 86' lang='lat' dir='ltr'>et</span> <span class='ocrx_word' id='word_1_334' title='bbox 828 2397 882 2426; x_wconf 84' lang='lat'>46.</span> 
     </span>
     <span class='ocr_line' id='line_1_41' title="bbox 190 2439 681 2479; baseline 0.002 -11"><span class='ocrx_word' id='word_1_335' title='bbox 190 2439 289 2476; x_wconf 83' lang='lat' dir='ltr'>infra,</span> <span class='ocrx_word' id='word_1_336' title='bbox 305 2445 339 2469; x_wconf 80' lang='lat' dir='ltr'>et</span> <span class='ocrx_word' id='word_1_337' title='bbox 354 2439 456 2469; x_wconf 70' lang='lat' dir='ltr'>Fastis</span> <span class='ocrx_word' id='word_1_338' title='bbox 474 2439 681 2479; x_wconf 84' lang='lat' dir='ltr'>Capitolinis.</span> 
     </span>
    </p>

    <p class='ocr_par' dir='ltr' id='par_1_11' title="bbox 170 2482 885 2642">
     <span class='ocr_line' id='line_1_42' title="bbox 237 2482 885 2513; baseline 0 -1"><span class='ocrx_word' id='word_1_339' title='bbox 237 2483 301 2512; x_wconf 71' lang='lat'>12*</span> <span class='ocrx_word' id='word_1_340' title='bbox 314 2483 448 2513; x_wconf 76' lang='lat' dir='ltr'>[neentis</span> <span class='ocrx_word' id='word_1_341' title='bbox 471 2503 478 2511; x_wconf 89' lang='lat'>.</span> <span class='ocrx_word' id='word_1_342' title='bbox 491 2503 498 2511; x_wconf 91' lang='lat'>.</span> <span class='ocrx_word' id='word_1_343' title='bbox 513 2504 541 2512; x_wconf 89' lang='lat'>..</span> <span class='ocrx_word' id='word_1_344' title='bbox 567 2482 612 2512; x_wconf 82' lang='lat' dir='ltr'>ad</span> <span class='ocrx_word' id='word_1_345' title='bbox 628 2492 729 2513; x_wconf 77' lang='lat' dir='ltr'>vanas</span> <span class='ocrx_word' id='word_1_346' title='bbox 753 2492 775 2513; x_wconf 88' lang='grc' dir='ltr'><em>α</em></span> <span class='ocrx_word' id='word_1_347' title='bbox 800 2486 885 2512; x_wconf 83' lang='lat' dir='ltr'>certo</span> 
     </span>
     <span class='ocr_line' id='line_1_43' title="bbox 170 2525 884 2565; baseline 0 -10"><span class='ocrx_word' id='word_1_348' title='bbox 170 2528 173 2529; x_wconf 69' lang='grc'>’</span> <span class='ocrx_word' id='word_1_349' title='bbox 182 2526 328 2565; x_wconf 77' lang='lat' dir='ltr'>periculo</span> <span class='ocrx_word' id='word_1_350' title='bbox 343 2525 463 2564; x_wconf 79' lang='lat' dir='ltr'>minus]</span> <span class='ocrx_word' id='word_1_351' title='bbox 489 2527 633 2556; x_wconf 84' lang='lat' dir='ltr'>Intentis</span> <span class='ocrx_word' id='word_1_352' title='bbox 649 2525 690 2555; x_wconf 90' lang='lat' dir='ltr'>ad</span> <span class='ocrx_word' id='word_1_353' title='bbox 705 2535 805 2555; x_wconf 84' lang='lat' dir='ltr'>vanas</span> <span class='ocrx_word' id='word_1_354' title='bbox 823 2526 884 2555; x_wconf 92' lang='lat' dir='ltr'>mi-</span> 
     </span>
     <span class='ocr_line' id='line_1_44' title="bbox 189 2569 885 2610; baseline 0 -12"><span class='ocrx_word' id='word_1_355' title='bbox 189 2577 261 2606; x_wconf 85' lang='lat' dir='ltr'>nas,</span> <span class='ocrx_word' id='word_1_356' title='bbox 277 2569 317 2600; x_wconf 88' lang='lat' dir='ltr'>de</span> <span class='ocrx_word' id='word_1_357' title='bbox 343 2570 490 2610; x_wconf 84' lang='lat' dir='ltr'>periculo</span> <span class='ocrx_word' id='word_1_358' title='bbox 517 2574 606 2599; x_wconf 84' lang='lat' dir='ltr'>certo</span> <span class='ocrx_word' id='word_1_359' title='bbox 623 2578 690 2599; x_wconf 90' lang='lat' dir='ltr'>non</span> <span class='ocrx_word' id='word_1_360' title='bbox 707 2569 885 2608; x_wconf 75' lang='lat' dir='ltr'>cogitanti·</span> 
     </span>
     <span class='ocr_line' id='line_1_45' title="bbox 187 2611 263 2642; baseline 0.013 -1"><span class='ocrx_word' id='word_1_361' title='bbox 187 2611 263 2642; x_wconf 82' lang='lat' dir='ltr'>bus.</span> 
     </span>
    </p>

    <p class='ocr_par' dir='ltr' id='par_1_12' title="bbox 174 2654 885 2816">
     <span class='ocr_line' id='line_1_46' title="bbox 239 2654 884 2695; baseline 0 -11"><span class='ocrx_word' id='word_1_362' title='bbox 239 2657 274 2685; x_wconf 78' lang='lat'>13</span> <span class='ocrx_word' id='word_1_363' title='bbox 299 2654 420 2686; x_wconf 79' lang='lat' dir='ltr'>Villam</span> <span class='ocrx_word' id='word_1_364' title='bbox 455 2654 634 2695; x_wconf 78' lang='lat' dir='ltr'>publicam]</span> <span class='ocrx_word' id='word_1_365' title='bbox 681 2654 803 2685; x_wconf 86' lang='lat' dir='ltr'>Villam</span> <span class='ocrx_word' id='word_1_366' title='bbox 850 2655 884 2684; x_wconf 89' lang='lat' dir='ltr'>in</span> 
     </span>
     <span class='ocr_line' id='line_1_47' title="bbox 192 2698 883 2739; baseline 0 -12"><span class='ocrx_word' id='word_1_367' title='bbox 192 2707 310 2737; x_wconf 81' lang='lat' dir='ltr'>campo</span> <span class='ocrx_word' id='word_1_368' title='bbox 326 2698 448 2728; x_wconf 83' lang='lat' dir='ltr'>Martio</span> <span class='ocrx_word' id='word_1_369' title='bbox 465 2699 506 2729; x_wconf 82' lang='lat' dir='ltr'>ad</span> <span class='ocrx_word' id='word_1_370' title='bbox 522 2699 669 2739; x_wconf 85' lang='lat' dir='ltr'>publicos</span> <span class='ocrx_word' id='word_1_371' title='bbox 693 2708 786 2736; x_wconf 89' lang='lat' dir='ltr'>usus,</span> <span class='ocrx_word' id='word_1_372' title='bbox 802 2702 883 2738; x_wconf 84' lang='lat' dir='ltr'>puta</span> 
     </span>
     <span class='ocr_line' id='line_1_48' title="bbox 174 2741 885 2786; baseline 0 -16"><span class='ocrx_word' id='word_1_373' title='bbox 174 2741 402 2786; x_wconf 29' lang='lat' dir='ltr'>‘excipiendos</span> <span class='ocrx_word' id='word_1_374' title='bbox 440 2742 578 2781; x_wconf 81' lang='lat' dir='ltr'>legatos,</span> <span class='ocrx_word' id='word_1_375' title='bbox 609 2751 747 2772; x_wconf 88' lang='lat' dir='ltr'>censum</span> <span class='ocrx_word' id='word_1_376' title='bbox 784 2750 885 2781; x_wconf 78' lang='lat' dir='ltr'>agen-</span> 
     </span>
     <span class='ocr_line' id='line_1_49' title="bbox 175 2782 576 2816; baseline 0.007 -3"><span class='ocrx_word' id='word_1_377' title='bbox 175 2782 270 2814; x_wconf 84' lang='lat' dir='ltr'>·dum</span> <span class='ocrx_word' id='word_1_378' title='bbox 286 2791 350 2814; x_wconf 79' lang='lat' dir='ltr'>ete.</span> <span class='ocrx_word' id='word_1_379' title='bbox 366 2785 576 2816; x_wconf 72' lang='lat' dir='ltr'>aedificatam.</span> 
     </span>
    </p>

    <p class='ocr_par' dir='ltr' id='par_1_13' title="bbox 192 2827 886 2913">
     <span class='ocr_line' id='line_1_50' title="bbox 237 2827 884 2869; baseline 0.002 -13"><span class='ocrx_word' id='word_1_380' title='bbox 237 2829 275 2857; x_wconf 78' lang='lat'>14</span> <span class='ocrx_word' id='word_1_381' title='bbox 299 2827 539 2869; x_wconf 67' lang='lat' dir='ltr'>Probum-rum]</span> <span class='ocrx_word' id='word_1_382' title='bbox 588 2829 671 2859; x_wconf 86' lang='lat' dir='ltr'>Eam</span> <span class='ocrx_word' id='word_1_383' title='bbox 717 2828 884 2859; x_wconf 81' lang='lat' dir='ltr'>aedifican-</span> 
     </span>
     <span class='ocr_line' id='line_1_51' title="bbox 192 2868 886 2913; baseline 0.006 -14"><span class='ocrx_word' id='word_1_384' title='bbox 192 2868 268 2900; x_wconf 75' lang='lat' dir='ltr'>dam</span> <span class='ocrx_word' id='word_1_385' title='bbox 285 2870 472 2902; x_wconf 79' lang='lat' dir='ltr'>locaverant</span> <span class='ocrx_word' id='word_1_386' title='bbox 487 2884 494 2903; x_wconf 69' lang='grc' dir='ltr'>ε</span> <span class='ocrx_word' id='word_1_387' title='bbox 519 2872 717 2904; x_wconf 76' lang='lat' dir='ltr'>aeclificatam</span> <span class='ocrx_word' id='word_1_388' title='bbox 729 2873 886 2913; x_wconf 77' lang='lat' dir='ltr'>probave-</span> 
     </span>
    </p>
   </div>
   <div class='ocr_carea' id='block_1_5' title="bbox 926 2307 1626 2910">
    <p class='ocr_par' dir='ltr' id='par_1_14' title="bbox 927 2307 1622 2393">
     <span class='ocr_line' id='line_1_52' title="bbox 927 2307 1622 2347; baseline -0.007 -8"><span class='ocrx_word' id='word_1_389' title='bbox 927 2313 1019 2347; x_wconf 78' lang='lat' dir='ltr'>runt,</span> <span class='ocrx_word' id='word_1_390' title='bbox 1036 2313 1126 2338; x_wconf 86' lang='lat' dir='ltr'>recte</span> <span class='ocrx_word' id='word_1_391' title='bbox 1143 2313 1177 2338; x_wconf 86' lang='lat' dir='ltr'>et</span> <span class='ocrx_word' id='word_1_392' title='bbox 1198 2318 1238 2338; x_wconf 86' lang='lat' dir='ltr'>ex</span> <span class='ocrx_word' id='word_1_393' title='bbox 1261 2307 1376 2338; x_wconf 85' lang='lat' dir='ltr'>ordine</span> <span class='ocrx_word' id='word_1_394' title='bbox 1402 2307 1527 2337; x_wconf 80' lang='lat' dir='ltr'>factam</span> <span class='ocrx_word' id='word_1_395' title='bbox 1553 2315 1622 2335; x_wconf 82' lang='lat' dir='ltr'>esse.</span> 
     </span>
     <span class='ocr_line' id='line_1_53' title="bbox 928 2352 1246 2393; baseline -0.003 -11"><span class='ocrx_word' id='word_1_396' title='bbox 928 2352 1246 2393; x_wconf 84' lang='lat' dir='ltr'>pronunciaverunt.</span> 
     </span>
    </p>

    <p class='ocr_par' dir='ltr' id='par_1_15' title="bbox 926 2393 1624 2779">
     <span class='ocr_line' id='line_1_54' title="bbox 975 2393 1620 2436; baseline -0.009 -10"><span class='ocrx_word' id='word_1_397' title='bbox 975 2397 1010 2426; x_wconf 85' lang='lat'>15</span> <span class='ocrx_word' id='word_1_398' title='bbox 1033 2395 1077 2436; x_wconf 71' lang='lat' dir='ltr'>Q.</span> <span class='ocrx_word' id='word_1_399' title='bbox 1111 2394 1247 2434; x_wconf 80' lang='lat' dir='ltr'>Tubero]</span> <span class='ocrx_word' id='word_1_400' title='bbox 1289 2394 1389 2424; x_wconf 81' lang='lat' dir='ltr'>Hunc</span> <span class='ocrx_word' id='word_1_401' title='bbox 1426 2393 1620 2432; x_wconf 79' lang='lat' dir='ltr'>scriptorem</span> 
     </span>
     <span class='ocr_line' id='line_1_55' title="bbox 926 2435 1622 2478; baseline -0.009 -9"><span class='ocrx_word' id='word_1_402' title='bbox 926 2438 1040 2469; x_wconf 83' lang='lat' dir='ltr'>laudat</span> <span class='ocrx_word' id='word_1_403' title='bbox 1068 2439 1259 2478; x_wconf 75' lang='lat' dir='ltr'>Dionysius,</span> <span class='ocrx_word' id='word_1_404' title='bbox 1283 2446 1401 2467; x_wconf 17' lang='lat' dir='ltr'>versus.</span> <span class='ocrx_word' id='word_1_405' title='bbox 1423 2437 1524 2466; x_wconf 83' lang='lat' dir='ltr'>finem</span> <span class='ocrx_word' id='word_1_406' title='bbox 1549 2435 1622 2464; x_wconf 83' lang='lat' dir='ltr'>libri</span> 
     </span>
     <span class='ocr_line' id='line_1_56' title="bbox 927 2479 1621 2522; baseline -0.007 -10"><span class='ocrx_word' id='word_1_407' title='bbox 927 2483 1040 2522; x_wconf 88' lang='lat' dir='ltr'>primi,</span> <span class='ocrx_word' id='word_1_408' title='bbox 1055 2485 1216 2520; x_wconf 71' lang='lat' dir='ltr'>tanquam</span> <span class='ocrx_word' id='word_1_409' title='bbox 1240 2481 1323 2511; x_wconf 86' lang='lat' dir='ltr'>acris</span> <span class='ocrx_word' id='word_1_410' title='bbox 1349 2480 1476 2519; x_wconf 80' lang='lat' dir='ltr'>ingenii</span> <span class='ocrx_word' id='word_1_411' title='bbox 1502 2479 1621 2515; x_wconf 83' lang='lat' dir='ltr'>virum,</span> 
     </span>
     <span class='ocr_line' id='line_1_57' title="bbox 927 2521 1624 2564; baseline -0.006 -9"><span class='ocrx_word' id='word_1_412' title='bbox 927 2531 962 2555; x_wconf 86' lang='lat' dir='ltr'>et</span> <span class='ocrx_word' id='word_1_413' title='bbox 978 2526 1012 2555; x_wconf 90' lang='lat' dir='ltr'>in</span> <span class='ocrx_word' id='word_1_414' title='bbox 1037 2525 1173 2555; x_wconf 81' lang='lat' dir='ltr'>historia</span> <span class='ocrx_word' id='word_1_415' title='bbox 1195 2523 1401 2564; x_wconf 85' lang='lat' dir='ltr'>diligentem.</span> <span class='ocrx_word' id='word_1_416' title='bbox 1445 2523 1528 2562; x_wconf 65' lang='lat' dir='ltr'>Quae</span> <span class='ocrx_word' id='word_1_417' title='bbox 1553 2521 1624 2551; x_wconf 82' lang='lat' dir='ltr'>lau-</span> 
     </span>
     <span class='ocr_line' id='line_1_58' title="bbox 927 2565 1621 2608; baseline -0.006 -10"><span class='ocrx_word' id='word_1_418' title='bbox 927 2568 984 2598; x_wconf 88' lang='lat' dir='ltr'>des</span> <span class='ocrx_word' id='word_1_419' title='bbox 1010 2569 1137 2608; x_wconf 88' lang='lat' dir='ltr'>optime</span> <span class='ocrx_word' id='word_1_420' title='bbox 1163 2567 1327 2606; x_wconf 80' lang='lat' dir='ltr'>quadrant</span> <span class='ocrx_word' id='word_1_421' title='bbox 1351 2567 1386 2596; x_wconf 89' lang='lat' dir='ltr'>in</span> <span class='ocrx_word' id='word_1_422' title='bbox 1411 2565 1621 2595; x_wconf 86' lang='lat' dir='ltr'>Tuberonem</span> 
     </span>
     <span class='ocr_line' id='line_1_59' title="bbox 927 2609 1622 2649; baseline -0.006 -8"><span class='ocrx_word' id='word_1_423' title='bbox 927 2611 1036 2648; x_wconf 89' lang='lat' dir='ltr'>illum,</span> <span class='ocrx_word' id='word_1_424' title='bbox 1051 2621 1115 2649; x_wconf 91' lang='lat' dir='ltr'>quo</span> <span class='ocrx_word' id='word_1_425' title='bbox 1132 2615 1310 2640; x_wconf 82' lang='lat' dir='ltr'>accusante</span> <span class='ocrx_word' id='word_1_426' title='bbox 1324 2609 1493 2649; x_wconf 83' lang='lat' dir='ltr'>Ligarium</span> <span class='ocrx_word' id='word_1_427' title='bbox 1508 2609 1622 2639; x_wconf 83' lang='lat' dir='ltr'>Cicero</span> 
     </span>
     <span class='ocr_line' id='line_1_60' title="bbox 928 2651 1621 2693; baseline -0.006 -9"><span class='ocrx_word' id='word_1_428' title='bbox 928 2654 1089 2691; x_wconf 86' lang='lat' dir='ltr'>defendit,</span> <span class='ocrx_word' id='word_1_429' title='bbox 1106 2664 1126 2684; x_wconf 85' lang='lat' dir='ltr'>a</span> <span class='ocrx_word' id='word_1_430' title='bbox 1139 2663 1204 2693; x_wconf 91' lang='lat' dir='ltr'>quo</span> <span class='ocrx_word' id='word_1_431' title='bbox 1219 2660 1254 2683; x_wconf 90' lang='lat' dir='ltr'>et</span> <span class='ocrx_word' id='word_1_432' title='bbox 1274 2653 1420 2683; x_wconf 82' lang='lat' dir='ltr'>historiae</span> <span class='ocrx_word' id='word_1_433' title='bbox 1442 2651 1621 2682; x_wconf 67' lang='lat' dir='ltr'>scribendae</span> 
     </span>
     <span class='ocr_line' id='line_1_61' title="bbox 928 2695 1624 2737; baseline -0.004 -10"><span class='ocrx_word' id='word_1_434' title='bbox 928 2698 1040 2727; x_wconf 87' lang='lat' dir='ltr'>datam</span> <span class='ocrx_word' id='word_1_435' title='bbox 1058 2706 1192 2737; x_wconf 86' lang='lat' dir='ltr'>operam</span> <span class='ocrx_word' id='word_1_436' title='bbox 1209 2706 1279 2726; x_wconf 84' lang='lat' dir='ltr'>esse</span> <span class='ocrx_word' id='word_1_437' title='bbox 1294 2696 1381 2726; x_wconf 89' lang='lat' dir='ltr'>idem</span> <span class='ocrx_word' id='word_1_438' title='bbox 1398 2697 1511 2727; x_wconf 85' lang='lat' dir='ltr'>Cicero</span> <span class='ocrx_word' id='word_1_439' title='bbox 1529 2695 1624 2725; x_wconf 82' lang='lat' dir='ltr'>docet</span> 
     </span>
     <span class='ocr_line' id='line_1_62' title="bbox 929 2738 1600 2779; baseline -0.004 -9"><span class='ocrx_word' id='word_1_440' title='bbox 929 2741 964 2771; x_wconf 91' lang='lat' dir='ltr'>in</span> <span class='ocrx_word' id='word_1_441' title='bbox 981 2741 1101 2770; x_wconf 86' lang='lat' dir='ltr'>celebri</span> <span class='ocrx_word' id='word_1_442' title='bbox 1117 2739 1173 2770; x_wconf 68' lang='lat' dir='ltr'>illa</span> <span class='ocrx_word' id='word_1_443' title='bbox 1189 2740 1230 2769; x_wconf 87' lang='lat' dir='ltr'>ad</span> <span class='ocrx_word' id='word_1_444' title='bbox 1245 2740 1285 2779; x_wconf 66' lang='lat' dir='ltr'>Q.</span> <span class='ocrx_word' id='word_1_445' title='bbox 1297 2740 1431 2770; x_wconf 84' lang='lat' dir='ltr'>fratrem</span> <span class='ocrx_word' id='word_1_446' title='bbox 1450 2738 1600 2778; x_wconf 85' lang='lat' dir='ltr'>epistola.</span> 
     </span>
    </p>

    <p class='ocr_par' dir='ltr' id='par_1_16' title="bbox 929 2781 1626 2910">
     <span class='ocr_line' id='line_1_63' title="bbox 977 2781 1622 2820; baseline -0.008 -6"><span class='ocrx_word' id='word_1_447' title='bbox 977 2784 1014 2814; x_wconf 88' lang='lat'>16</span> <span class='ocrx_word' id='word_1_448' title='bbox 1037 2783 1086 2814; x_wconf 86' lang='lat' dir='ltr'>Et</span> <span class='ocrx_word' id='word_1_449' title='bbox 1104 2783 1228 2814; x_wconf 83' lang='lat' dir='ltr'>Tubero</span> <span class='ocrx_word' id='word_1_450' title='bbox 1231 2804 1318 2813; x_wconf 67' lang='grc'><strong>.....</strong></span> <span class='ocrx_word' id='word_1_451' title='bbox 1342 2783 1399 2813; x_wconf 78' lang='lat' dir='ltr'>sed</span> <span class='ocrx_word' id='word_1_452' title='bbox 1417 2781 1518 2820; x_wconf 81' lang='lat' dir='ltr'>inter]</span> <span class='ocrx_word' id='word_1_453' title='bbox 1546 2781 1622 2810; x_wconf 85' lang='lat' dir='ltr'>Par-</span> 
     </span>
     <span class='ocr_line' id='line_1_64' title="bbox 929 2823 1626 2857; baseline -0.006 0"><span class='ocrx_word' id='word_1_454' title='bbox 929 2827 1068 2857; x_wconf 86' lang='lat' dir='ltr'>ticulam</span> <span class='ocrx_word' id='word_1_455' title='bbox 1107 2831 1137 2856; x_wconf 80' lang='lat' dir='ltr'>et</span> <span class='ocrx_word' id='word_1_456' title='bbox 1175 2826 1264 2857; x_wconf 80' lang='lat' dir='ltr'>delet.</span> <span class='ocrx_word' id='word_1_457' title='bbox 1292 2826 1468 2857; x_wconf 84' lang='lat' dir='ltr'>Muretus:</span> <span class='ocrx_word' id='word_1_458' title='bbox 1508 2824 1541 2854; x_wconf 72' lang='grc' dir='ltr'><em>τί</em></span> <span class='ocrx_word' id='word_1_459' title='bbox 1569 2823 1626 2854; x_wconf 67' lang='lat' dir='ltr'>sed</span> 
     </span>
     <span class='ocr_line' id='line_1_65' title="bbox 931 2869 1533 2910; baseline -0.01 -8"><span class='ocrx_word' id='word_1_460' title='bbox 931 2875 1042 2903; x_wconf 77' lang='lat' dir='ltr'>mutat</span> <span class='ocrx_word' id='word_1_461' title='bbox 1062 2871 1096 2903; x_wconf 87' lang='lat' dir='ltr'>in</span> <span class='ocrx_word' id='word_1_462' title='bbox 1111 2871 1164 2901; x_wconf 73' lang='lat' dir='ltr'>sie.</span> <span class='ocrx_word' id='word_1_463' title='bbox 1209 2869 1387 2910; x_wconf 80' lang='lat' dir='ltr'>Eleganter</span> <span class='ocrx_word' id='word_1_464' title='bbox 1401 2872 1435 2899; x_wconf 80' lang='lat' dir='ltr'>et</span> <span class='ocrx_word' id='word_1_465' title='bbox 1450 2878 1533 2898; x_wconf 73' lang='lat' dir='ltr'>vere.</span> 
     </span>
    </p>
   </div>
  </div>
 </body>
</html>
