1969 3239
541 133 544 136 “
566 125 693 163 LIB.
722 124 789 162 VI.
829 123 966 161 CAP.
992 118 1141 161 XXVI.
1517 124 1596 166 377

171 235 249 278 ret,
270 241 396 283 quem
420 226 559 278 vellet,
581 233 732 267 contra
753 237 872 280 spem
903 223 1096 264 omniurn
1129 222 1178 262 L.
1204 221 1381 263 Furium
1413 222 1594 276 optavit.
1610 233 1652 266 U.
1669 234 1707 266 C.
1724 237 1801 269 374.

169 299 256 340 qua
290 284 582 325 moderatione
615 281 745 323 animi
780 294 910 336 quum
949 279 1127 336 collegae
1165 278 1324 319 levavit.
1359 277 1647 330 infamian1,A-
1667 278 1703 309 C.
1719 282 1795 313 378-

172 351 263 381 tum
296 341 376 381 sibi
401 341 578 396 gloriam
601 340 825 395 ingentem
842 337 1020 393 peperit.
1080 336 1174 377 Nec
1196 334 1279 375 fuit
1300 349 1400 376 cum
1433 334 1801 394 Tuscu-aTuscula-

1611 399 1766 462 &iffi

171 511 456 567 demigratum
486 524 540 551 ex
565 508 814 565 propinquis
837 506 1024 548 itinerisi
1052 506 1174 556 locis,
1197 519 1282 546 non
1304 504 1443 545 cultus
1475 520 1598 560 agro·
1611 476 1758 549 {auulsa

171 397 278 438 lanis
318 397 497 439 bellum:
550 410 652 452 pace
689 394 902 435 constanti
946 394 1031 434 vim
1075 392 1317 458 Romanam
1355 404 1596 443 arcuerunt,

171 469 298 508 quam
321 455 448 495 armis
471 468 555 494 non
579 459 787 507 poterant.
849 450 1114 491 Intrantibus
1139 449 1242 489 fines
1265 448 1488 498 Romanis,
1513 463 1596 489 non

172 582 264 608 rum
295 567 579 608 intermissus:
627 565 872 621 patentibus
910 564 1044 618 portis
1083 563 1214 612 urbis,
1249 561 1385 617 togati
1424 562 1597 603 obviam

171 623 412 679 frequentes
435 623 762 678 imperatoribus
797 634 1063 675 processere:
1095 629 1360 661 commeatus
1390 619 1598 660 exercitui

172 682 351 722 comiter
374 682 413 721 in
437 690 575 721 castra
596 693 650 719 ex
675 679 777 718 urbe
798 688 841 718 et
861 692 914 718 ex
939 678 1053 733 agris
1075 676 1314 718 devehitur.
1377 674 1598 726 Camillus,

171 739 320 778 castris
344 748 443 777 ante
476 746 619 791 portas
660 735 825 791 positis,
846 734 1051 775 eademne
1087 733 1225 774 forma
1262 731 1394 787 paciS,
1423 746 1519 786 quae
1555 732 1598 773 in

169 792 282 850 agris
305 802 605 843 ostentaretur,
628 793 756 832 etiam
780 792 890 832 intra
913 791 1079 832 moenia
1108 800 1233 840 esset,
1256 790 1363 829 scire
1393 789 1598 844 cupiens;

168 851 381 906 ingressus
418 851 581 897 urbem,
616 849 688 889 ubi
733 858 922 904 patentes
950 848 1120 902 januas,
1143 856 1186 887 et
1221 845 1407 886 tabernis
1441 846 1599 900 apertis

171 908 392 962 proposita
427 907 571 947 onmia
604 906 646 946 in
679 906 820 946 medio
854 905 971 954 vidit,
1002 905 1275 958 intentosque
1312 901 1487 957 opifices
1522 917 1599 942 suo

169 978 381 1018 quemque
402 964 535 1019 operi,
556 973 599 1003 et
620 962 740 1003 ludos
762 961 973 1002 literarum
999 972 1186 1016 strepere
1203 959 1456 1000 discentium
1484 960 1600 999 voci-

171 1021 266 1071 bus,
287 1035 337 1061 ac
373 1020 551 1075 repletas
588 1020 774 1068 semitas,
798 1019 908 1059 inter
947 1020 1097 1074 vulgus
1137 1017 1267 1066 aliud,
1299 1029 1526 1071 puerorum
1556 1024 1600 1056 et

130 1124 135 1128 ,
169 1077 394 1117 mulierum
421 1079 502 1117 buc
535 1086 662 1131 atque
695 1076 794 1116 illuc
826 1075 1034 1125 euntium,
1059 1089 1143 1128 qua
1178 1086 1394 1127 quemque
1425 1087 1599 1113 suorum

169 1147 322 1174 usuum
357 1148 518 1174 caussae
554 1133 738 1173 ferrent:
770 1132 875 1172 nihil
910 1145 1103 1187 usquam,
1136 1144 1223 1170 non
1258 1129 1422 1184 pavidis
1456 1129 1598 1180 modo,

171 1191 241 1231 sed
268 1205 319 1231 ne
346 1191 599 1231 mirantibus
631 1189 803 1244 quidem
837 1189 1002 1239 simile3
1033 1186 1405 1240 circumspiciebat
1439 1186 1599 1237 omnia,

168 1248 385 1302 inquirens
409 1247 558 1298 oculis,
580 1247 754 1287 ubinam
778 1246 933 1287 bellum
959 1244 1121 1285 fuisset.
1153 1244 1259 1283 adeo
1296 1246 1321 1265 ¹¹
1343 1256 1420 1283 nec
1442 1252 1598 1284 amotae

169 1305 231 1344 rei
255 1318 449 1359 usquam,
481 1319 558 1344 nec
585 1303 741 1344 oblatae
765 1304 813 1343 ad
853 1313 1020 1357 ternpus
1054 1301 1285 1356 vestigium
1321 1299 1450 1340 ullum
1485 1310 1598 1340 erat:
1632 1331 1644 1345 0

170 1361 240 1401 sed
275 1362 334 1402 ita
357 1366 386 1387 ¹2
402 1361 546 1401 omnia
567 1360 781 1401 constanti
799 1358 813 1378 κ
843 1358 1068 1414 tranquilla
1092 1372 1211 1414 pace,
1230 1366 1276 1397 ut
1298 1370 1348 1396 eo
1381 1357 1452 1397 vix
1488 1356 1602 1397 fama

172 1417 270 1457 belli
297 1417 457 1472 perlata
477 1418 610 1458 videri
635 1425 792 1472 posset.
1171 1431 1182 1448 ν

227 1473 408 1515 XXVI.
440 1474 588 1514 Victus
611 1474 743 1529 igitur
766 1472 972 1528 patientia
993 1471 1196 1522 hostium,
1219 1479 1413 1510 senatum
1447 1484 1597 1510 eorum

172 1532 313 1571 vocari
336 1531 481 1586 jussit.
543 1530 630 1570 Soli
662 1530 807 1579 adlmc,
830 1530 981 1584 inquit,
1006 1527 1242 1577 Tusculani,
1265 1541 1358 1567 vera
1389 1540 1502 1566 arma
1535 1540 1600 1566 ve-

172 1602 315 1642 rasque
338 1588 454 1638 vires,
477 1588 620 1642 quibus
639 1587 689 1627 ab
712 1587 774 1627 ira
798 1585 1078 1626 Romanorum
1098 1592 1228 1625 vestra
1258 1583 1512 1633 tutaremini,
1534 1583 1597 1623 in·

168 1645 340 1684 venistis.
372 1644 425 1684 ite
463 1643 638 1685 Romam
673 1643 727 1683 ad
759 1651 949 1683 senatum.
982 1642 1233 1682 aestiinabuut
1266 1639 1432 1690 Patres,
1466 1647 1602 1680 utrum

161 1699 257 1755 plus
277 1708 371 1741 ante
388 1714 527 1754 poencc,
549 1715 600 1741 an
634 1715 737 1740 nunc
774 1700 895 1740 veniae
925 1698 1059 1739 meriti
1080 1698 1181 1738 silis.
1214 1700 1337 1737 15ηοιι
1365 1696 1602 1751 praecipiam

164 1758 342 1811 gratiam
367 1757 526 1812 publici
547 1757 734 1811 beneficii.
765 1755 1002 1811 deprecandi
1016 1761 1251 1810 potestatem
1286 1769 1311 1794 a
1332 1768 1392 1794 mc
1413 1752 1603 1793 habueri-

167 1814 252 1863 tis5
275 1814 464 1869 precibus
493 1822 670 1855 eventum
700 1814 843 1856 vestris
873 1820 1046 1862 senatus,
1077 1826 1192 1867 quem
1221 1810 1442 1860 videbitur,
1474 1809 1603 1851 dabit.

170 1870 405 1926 Postquam
442 1871 627 1911 Romam
659 1869 891 1911 Tusculani
927 1877 1148 1918 venerunt,
1171 1876 1428 1922 senatusque
1460 1866 1602 1922 paullo

169 1936 268 1968 ante
296 1928 484 1969 fidelium
509 1927 722 1968 sociorum
746 1936 927 1967 moestus
951 1927 993 1966 in
1017 1924 1227 1966 vestibulo
1259 1924 1391 1964 curiae
1412 1934 1476 1964 est
1498 1938 1603 1964 con-

171 1994 356 2038 spectus,
377 1985 483 2025 moti
506 1984 725 2039 extemplo
751 1983 912 2033 Patres,
931 1982 1075 2023 vocari
1097 1996 1170 2022 eos
1185 1981 1277 2036 jam
1303 1991 1392 2021 tum
1411 1980 1602 2035 hospita-

169 2039 267 2081 liter
290 2042 439 2096 magis,
461 2056 586 2095 quam
612 2040 837 2088 hostiliter,
863 2040 1042 2094 jussere.
1104 2038 1303 2079 Dictator
1334 2036 1602 2078 Tusculanus

170 2096 231 2137 ita
250 2098 377 2137 verba
398 2098 502 2139 fecit
520 2115 529 2139 ε
557 2097 716 2142 Quibus
738 2096 883 2137 bellum
904 2095 1126 2145 indixistis,
1147 2094 1434 2148 intulistisque‚
1454 2092 1601 2134 Patres

169 2153 396 2208 conscripti,
427 2155 527 2194 sicut
548 2160 651 2194 nun‘c
673 2152 816 2194 videtis
837 2168 905 2194 nos
925 2159 1070 2193 stantes
1090 2152 1133 2192 in
1153 2150 1348 2192 vestibulo
1370 2150 1495 2190 curiae
1517 2165 1601 2191 ves-

167 2215 263 2259 troe,
284 2210 343 2250 ita
364 2211 515 2251 armati
532 2211 750 2265 paratique
772 2210 932 2250 obviam
963 2207 1272 2263 imperatoribus
1303 2206 1602 2262 legionibusque

168 2267 308 2307 vestris
322 2266 596 2321 processimus.
649 2267 736 2308 Hic
758 2273 905 2316 noster,
924 2265 986 2306 lzic
1003 2264 1134 2320 plebis
1155 2271 1301 2306 nostrai
1321 2262 1601 2319 habitu-§suia

167 2323 321 2378 eritque
341 2337 505 2378 semper,
527 2323 605 2379 nisi
627 2324 661 2362 si
682 2323 844 2378 quando
866 2338 890 2363 u
922 2322 1051 2372 vobis,
1067 2336 1221 2376 proque
1251 2320 1379 2371 vobis,
1400 2334 1514 2360 arma
1535 2334 1602 2360 ac-

167 2381 401 2434 ceperimus.'
459 2378 636 2420 Gratias
657 2380 815 2435 agimus
836 2387 873 2421 et
907 2378 1080 2433 ducibus
1108 2378 1249 2419 vestris
1285 2384 1321 2418 et
1353 2376 1601 2426 exercitibus,

166 2437 275 2493 quod
302 2436 424 2477 oculis
453 2437 594 2492 magi8‚
628 2450 750 2491 quam
779 2436 962 2486 auribus,
995 2433 1277 2483 crediderunt,-
1308 2440 1367 2485 et,
1397 2433 1468 2474 ubi·
1501 2430 1606 2474 niliil

466 2514 473 2533 ἰ
495 2516 599 2544 itineri
613 2516 709 2544 Gron.
727 2515 816 2544 (trev.
989 2512 1003 2534 k
1026 2518 1180 2543 constante
1194 2513 1278 2543 Eaed.

213 2590 352 2621 11*.‹‘Vec
367 2594 480 2620 amotoe
496 2590 543 2619 rei
558 2589 710 2628 usquam]
721 2587 862 2617 Nullum
905 2586 1028 2617 Omnia
1052 2590 1149 2617 erant
1173 2585 1367 2625 tranquilla,
1383 2595 1501 2626 pacem
1526 2596 1606 2616 con-

165 2643 304 2673 usquam
323 2637 393 2663 erat
412 2633 588 2671 vestigium
606 2632 651 2661 rei
668 2631 862 2669 cujusquam
905 2636 1035 2660 stanter
1049 2635 1084 2660 et
1108 2629 1296 2660 omnimode
1321 2629 1495 2660 tuentibus
1519 2629 1605 2660 Tus-

166 2685 225 2707 aut
247 2683 381 2713 amour,
404 2684 441 2705 ut
465 2686 484 2705 a
509 2675 656 2715 periculo
678 2674 863 2713 ingruentis
906 2673 1045 2703 culanis.

166 2719 244 2750 belli
261 2726 336 2749 tuta
351 2726 586 2759 proestaretur3
611 2724 670 2747 aut
686 2717 805 2747 oblatae
828 2722 863 2746 et
953 2719 989 2747 13
1022 2716 1099 2746 Non
1125 2714 1329 2756 praecipiam]
1359 2715 1435 2746 Non
1465 2725 1605 2755 praecer-

165 2763 201 2793 in
226 2763 370 2792 medium
400 2766 575 2803 promptae,
600 2766 638 2791 ut
662 2760 704 2791 ad
729 2760 862 2800 propul-
905 2768 982 2798 pam
1013 2759 1192 2798 quidquam
1219 2770 1236 2789 e
1268 2759 1377 2798 gratia
1406 2759 1476 2798 ejus
1506 2759 1604 2788 bene-

165 2805 307 2836 santium
324 2805 446 2835 bellum
467 2806 539 2834 usui
553 2809 648 2834 esset.
905 2802 984 2839 ficii,
1009 2802 1096 2842 quod
1118 2806 1226 2834 totum
1250 2811 1306 2833 vos
1329 2802 1462 2835 senatui
1485 2801 1610 2832 debere*

213 2850 249 2880 12
271 2847 385 2879 Omnia
397 2853 558 2879 constante
572 2848 750 2888 tranquilla
761 2844 857 2887 pace]
905 2845 1012 2876 decet.

1955 2758 1961 2812 «κη
1956 2746 1958 2750 -
1956 2615 1963 2733 m
1948 2150 1967 2605 -ss-qumffiu

1948 2930 1960 3239 n—v-—Q-..n—-u--
1954 2822 1961 2923 m„-
