1991 3250
174 204 213 233 U.
228 202 263 231 C.
279 205 354 232 268.

173 249 215 277 A.
233 247 266 275 C.
280 249 355 276 484.

177 594 301 624 Cassius

176 641 315 669 necatur.

179 995 218 1025 U.
237 992 273 1023 C.
291 994 363 1023 269.

178 1041 218 1068 Α.
233 1039 267 1068 C.
284 1040 357 1066 483.

181 1082 248 1111 Ser.
261 1081 377 1109 Corne-

179 1126 236 1161 lio,
251 1124 292 1156 Q.
310 1124 369 1152 Fa—

184 1169 236 1198 bio
252 1169 338 1197 Coss.

400 94 474 127 128
940 91 1081 129 TIT!
1118 92 1290 131 LIVII

388 191 430 232 in
463 190 633 247 agraria
655 190 884 248 largitione
913 193 946 217 ³⁶
961 195 1215 236 ambitiosus
1246 194 1289 235 in
1320 195 1474 247 socios,
1495 209 1631 252 eoque
1661 197 1829 240 civibus

388 247 514 289 vilior
537 257 641 298 erat,
666 258 712 289 ut
733 249 816 290 alio
845 264 1018 291 munere
1039 252 1120 292 sibi
1145 251 1439 293 reconciliaret
1460 252 1620 294 civium
1646 255 1827 306 animos,

381 304 551 360 jubere,
586 318 664 359 pro
698 305 843 348 Siculo
876 306 1093 349 frumento
1130 309 1356 364 pecuniam
1393 318 1616 364 acceptam
1648 312 1827 353 retribui

388 361 567 425 populo.
630 361 679 403 Id
712 377 811 404 vero
842 364 954 404 haud
984 378 1121 416 secus,
1141 380 1270 420 quam
1304 376 1556 421 praesentem
1591 369 1830 410 mercedem

387 433 524 475 regni,
546 417 800 474 adspernata
823 421 980 476 plebes.
1016 422 1123 462 adeo
1147 431 1322 478 propter
1345 423 1634 479 suspicionem
1658 425 1832 466 insitam

388 476 527 533 regni,
551 474 666 516 velut
696 477 964 518 abundarent
993 479 1152 529 omnia,
1177 493 1352 521 munera
1382 481 1474 535 ejus
1505 481 1546 521 in
1569 480 1723 521 animis
1753 481 1832 523 ho-

389 534 555 574 minum
591 534 622 558 ³⁷
643 535 967 587 respuebantur.
1029 535 1189 586 Quem,
1228 536 1301 576 ubi
1353 539 1536 593 primum
1578 538 1832 594 magistratu

390 591 512 641 abiit,
543 592 792 633 damnatum
831 602 1116 647 necatumque
1153 601 1337 634 constat.
1364 628 1367 631 .
1397 594 1521 646 Sunt,
1553 595 1626 649 qui
1667 603 1834 650 patrem

390 658 606 688 auctorem
625 657 636 670 ¹
665 646 758 701 ejus
781 646 982 702 supplicii
1005 648 1168 690 ferant:
1196 664 1309 700 eum,
1331 652 1509 706 cognita
1529 651 1645 692 ‹lomi
1669 666 1833 702 caussa,

389 705 630 745 verberasse
652 719 701 744 ac
734 718 918 754 necasse,
952 708 984 728 ³²³
998 706 1298 762 peculiumque
1329 707 1404 748 filii
1431 707 1575 749 Cereri
1607 723 1832 749 consecra-

392 762 515 801 visse.
547 763 718 817 signum
742 761 840 802 inde
872 761 1034 803 factum
1057 777 1161 814 esse,
1183 773 1226 804 et
1257 764 1525 820 inscriptum,
1550 778 1613 806 Ex
1648 765 1831 807 CAssm

394 831 606 860 FAMiLm
648 832 835 860 DATUM.
896 818 1077 860 Invenio
1115 820 1229 875 apud
1261 822 1484 874 quosdam,
1517 822 1645 877 idque
1683 824 1834 877 ³9pro—

394 876 488 931 pius
523 876 650 917 fidem
683 885 763 927 est,
794 879 872 915 ⁴⁰a
901 877 1188 931 ‚quaestoribus
1224 876 1302 918 K.⁸
1340 878 1475 919 Fabio
1506 889 1550 919 et
1584 878 1634 920 L.
1664 879 1835 920 Valerio

394 933 508 974 diem
540 934 702 974 dictam
741 933 1057 989 perduellionis,
1090 933 1426 990 damnatumque
1459 938 1606 991 populi
1639 936 1832 991 judicio:

396 990 558 1031 dirutas
581 990 750 1046 publice
771 990 898 1031 aedes.
929 1004 980 1031 ea
999 1001 1063 1031 est
1082 1005 1178 1032 area
1199 1001 1297 1033 ante
1317 991 1497 1033 Telluris
1519 993 1670 1035 aedern.
1709 992 1837 1034 Cete-

399 1062 491 1088 rum
526 1048 614 1088 sive
651 1047 754 1088 illud
790 1047 1088 1098 domesticum,
1121 1048 1208 1089 sive
1238 1049 1460 1104 publicum
1492 1048 1575 1092 fuit
1604 1048 1836 1106 judicium,

396 1105 624 1146 damnatur
646 1104 736 1145 Ser.
760 1103 977 1156 Cornelio,
1003 1106 1058 1153 Q.
1082 1105 1217 1146 Fabio
1239 1106 1501 1147 consulibus.

455 1161 607 1203 XLII.
641 1161 772 1202 Haud
794 1161 992 1203 diuturna
1014 1162 1073 1203 ira
1095 1163 1242 1218 populi
1266 1164 1309 1205 in
1333 1163 1527 1204 Cassium
1548 1163 1644 1204 fuit.
1678 1170 1708 1190 4¹
1727 1163 1837 1205 Dul-

396 1219 504 1260 cedo
536 1219 710 1274 agrariae
735 1219 840 1274 legis
866 1219 957 1276 ipsa
986 1234 1059 1274 per
1080 1234 1139 1270 se,
1161 1220 1306 1261 demto
1336 1231 1527 1271 auctore,
1548 1221 1720 1262 subibat
1748 1221 1838 1261 ani-

396 1291 514 1318 mos:
547 1290 811 1331 accensaque
833 1291 881 1317 ea
903 1277 1113 1332 cupiditas
1138 1287 1202 1317 est
1222 1277 1490 1334 malignitate
1517 1277 1718 1327 Patrum;
1749 1278 1840 1332 qui,

398 1334 574 1375 devictis
605 1348 655 1374 eo
679 1348 792 1374 anno
824 1333 989 1374 Volscis
1022 1334 1274 1392 Hiquisque,
1297 1335 1471 1375 militem
1499 1335 1644 1389 praeda
1674 1333 1842 1378 frauda·

399 1405 509 1433 vere.
541 1390 747 1447 quidquid
771 1400 944 1446 captum
964 1405 1016 1431 ex
1040 1392 1235 1432 hostibus
1253 1402 1330 1443 est,
1346 1392 1539 1433 vendidit
1560 1391 1716 1433 Fabius
1738 1406 1843 1432 con-

618 1499 629 1514 r
648 1496 778 1523 actorem
793 1493 889 1522 Gron.
1020 1499 1031 1513 ⁵
1053 1492 1096 1521 K.
1114 1492 1133 1521 1.
1151 1493 1183 1522 C.
1199 1493 1243 1522 sic
1259 1496 1290 1523 et
1305 1493 1336 1522 in
1352 1503 1416 1532 sqq.
1431 1494 1528 1532 Gron.
1545 1493 1636 1522 Crev.

445 1577 486 1607 36
495 1575 514 1594 ¹*
523 1575 718 1607 Ambitiosus
733 1576 765 1604 in
777 1573 884 1614 socios]
904 1573 1099 1605 Ambiendae

402 1621 567 1651 sociorum
587 1619 703 1658 gratiae
718 1618 868 1649 studens.

447 1667 485 1696 37
521 1661 784 1702 Respuelmutur]
821 1661 1026 1692 Gliscentem
1051 1671 1101 1691 se-

403 1707 564 1736 ditionem
582 1706 789 1746 compescuit
810 1710 946 1735 senatus
970 1705 1102 1735 edicen-

405 1750 459 1787 do,
490 1756 526 1780 ut
552 1750 666 1780 deceni
694 1749 754 1779 viri
786 1749 974 1779 consulares
1000 1749 1103 1788 elige·

403 1799 533 1830 rentur,
550 1794 605 1832 qui
621 1802 740 1832 agrum
761 1792 934 1833 publicum
951 1792 1102 1830 finirent,

404 1849 442 1867 ae
471 1837 745 1877 pronunciarent,
769 1842 932 1875 quantum
960 1836 1031 1875 ejus
1058 1835 1104 1866 lo-

405 1882 486 1919 cari,
509 1886 674 1918 quantum
704 1879 825 1919 populo
849 1879 949 1909 dividi
973 1887 1105 1918 oporte-

405 1932 475 1954 ret:
522 1925 640 1954 horum
687 1931 801 1953 autem
840 1922 1105 1953 decemvirorum

405 1968 525 1998 electio
542 1968 581 1998 ad
599 1967 768 2006 sequentis
785 1967 864 1996 armi
886 1965 1038 1996 eonsules
1056 1977 1106 1995 re-

404 2012 573 2050 jiceretur.
618 2010 741 2040 Verum
760 2010 820 2040 hoc
837 2010 1106 2040 senatusconsul-

405 2061 480 2085 tum
520 2054 738 2084 discutiendae
777 2053 932 2084 seditioni
963 2053 1104 2090 factum,

406 2105 585 2138 postquam
612 2097 707 2127 illum
735 2097 898 2133 fructum,
923 2097 979 2136 qui
1003 2107 1041 2127 ex
1067 2107 1107 2127 eo

407 2142 597 2181 petebatur,
613 2140 744 2177 attulit,
761 2139 953 2180 neglectum
970 2146 1032 2170 est.

451 2188 491 2216 32
539 2184 712 2214 Peculium
733 2205 759 2213 ..
776 2183 879 2223 ,Jilii]
930 2184 1106 2214 Peculium

409 2229 540 2269 proprie
554 2235 604 2258 est
622 2228 654 2257 id
671 2227 758 2266 quod
775 2237 841 2257 seri
853 2238 888 2257 us
902 2228 1106 2257 eoncedente

407 2273 544 2302 domino
576 2270 732 2311 possidet.
780 2271 942 2301 Similiter
968 2281 1107 2310 usurpa-

407 2320 463 2346 tur
488 2325 547 2355 pro
571 2325 610 2345 eo
633 2314 721 2354 quod
747 2314 833 2344 tilius
859 2314 1005 2354 possidet
1028 2324 1106 2344 con-

408 2369 502 2390 cessu
522 2359 637 2399 patris,
653 2359 731 2397 quia
749 2368 867 2398 nempe
891 2357 1108 2397 quemadmo-

409 2404 491 2433 dum
508 2403 593 2432 servi
609 2403 642 2432 iu
663 2401 789 2432 domini
816 2406 993 2441 potestate,
1009 2402 1058 2432 ita
1073 2406 1107 2431 et

409 2447 503 2477 liberi
534 2446 568 2475 in
603 2451 768 2485 potestate
800 2445 903 2484 patris
932 2451 1043 2482 erant,
1073 2451 1107 2474 et

409 2489 570 2528 quidquid
597 2488 826 2528 acquirebant,
855 2488 886 2518 id
915 2489 1015 2528 patri,
1040 2498 1107 2518 non

409 2534 484 2571 sibi,
512 2532 740 2571 acquirebant.
787 2532 880 2562 Nihil
906 2532 1020 2570 itaque
1050 2531 1108 2562 lia-

411 2577 533 2606 bebant
560 2585 634 2605 vere
665 2585 783 2606 suum:
820 2575 876 2605 sed
907 2575 932 2605 si
960 2585 1035 2614 quae
1062 2576 1109 2605 eis

410 2625 507 2660 pater
523 2619 650 2649 utenda
663 2619 880 2658 permisisset,
893 2619 926 2648 in
943 2628 983 2648 ea
999 2623 1107 2658 pater,

410 2669 572 2701 tauquam
590 2664 622 2692 in
641 2662 809 2702 peculium
834 2662 919 2692 serii
939 2662 1108 2700 dominus,

411 2707 545 2746 plenam
574 2709 774 2745 potestatem
803 2706 980 2736 retinebat.
1025 2705 1108 2736 Vide

414 2750 526 2779 instit.
540 2748 666 2779 «lustin.
683 2748 705 2778 l.
725 2749 768 2779 11.
787 2750 839 2780 tit.
856 2756 886 2783 1).
910 2754 944 2779 et
969 2749 1013 2781 ibi
1031 2749 1113 2779 vin-

412 2802 519 2826 nium.

457 2839 497 2871 39
507 2837 525 2852 ⁴
536 2834 805 2877 quazusfitzcm]
826 2835 1039 2876 Credilnlius,
1059 2836 1114 2868 cui

1145 1575 1227 1605 fides
1250 1575 1381 1606 facilius
1404 1576 1518 1606 haberi
1542 1576 1658 1615 possit.
1705 1573 1777 1604 Vox
1792 1575 1845 1614 fi·

1145 1619 1218 1649 dem
1246 1620 1374 1658 regitur
1399 1629 1418 1648 a
1441 1619 1675 1659 praepositione
1698 1618 1744 1648 ad
1766 1627 1845 1658 sup-

1146 1671 1269 1702 pressa.

1189 1709 1232 1736 40
1247 1706 1280 1737 A
1291 1704 1512 1746 quoestmibus]
1539 1704 1622 1735 Haee
1634 1704 1742 1744 prima
1754 1703 1844 1744 apud

1147 1749 1280 1779 Livium
1307 1751 1432 1780 mentio
1456 1754 1658 1788 quaestorum
1684 1747 1844 1778 occurrit.

1147 1793 1326 1832 Antiquior
1359 1796 1473 1822 tamen
1512 1798 1563 1822 est
1593 1801 1709 1822 eorum
1737 1791 1846 1830 origo,

1148 1846 1248 1875 quam
1265 1836 1463 1867 Plutarchus
1481 1835 1522 1866 ad
1547 1834 1750 1866 Publicolam
1767 1844 1847 1865 con-

1148 1879 1268 1918 sulem,
1307 1880 1414 1920 primo
1451 1880 1645 1909 constituta:
1682 1877 1848 1908 libertatis

1150 1933 1261 1961 anno;
1294 1923 1433 1954 Tacitus
1464 1923 1525 1953 XI.
1553 1923 1697 1958 Ann.,e.
1724 1924 1777 1952 22.
1812 1926 1848 1952 et

1150 1967 1205 1997 alii
1223 1967 1264 1997 ad
1281 1977 1373 2007 reges
1389 1968 1491 1997 etiam
1509 1965 1670 1996 referunt.
1714 1965 1847 1995 Horum

1149 2011 1359 2051 praecipuum
1382 2019 1506 2040 munus
1529 2009 1594 2040 fuit
1610 2018 1724 2038 curam
1741 2008 1850 2039 aerarii

1150 2063 1275 2093 gerere.
1320 2055 1501 2095 ,Quaestores
1530 2062 1550 2083 a
1576 2051 1746 2092 quoerendo
1767 2050 1850 2082 dicti

1151 2101 1245 2135 sunt,
1279 2097 1368 2136 quod
1413 2096 1649 2135 conquirerent
1689 2095 1850 2136 pecunias

1151 2140 1314 2181 publicas,
1331 2146 1430 2179 atque
1454 2141 1559 2171 etiam
1582 2139 1760 2175 maleficia,
1774 2146 1850 2178 quae

1151 2190 1268 2224 postea
1295 2183 1460 2214 triumviri
1490 2183 1650 2223 capitales
1683 2180 1852 2221 conquisi-

1151 2238 1240 2265 vere,
1255 2233 1341 2258 teste
1357 2227 1450 2257 Varr.
1467 2226 1489 2256 l.
1507 2226 1562 2257 lv.
1585 2226 1624 2256 de
1640 2226 1757 2266 lingua
1772 2225 1849 2255 Lat.

1151 2271 1228 2301 Nou
1256 2271 1429 2301 insolitum
1458 2270 1537 2310 ipsis
1562 2270 1665 2300 fuisse
1694 2277 1851 2299 accusare

1151 2315 1193 2344 ad
1221 2314 1351 2354 plebem
1375 2324 1431 2344 eos
1455 2314 1512 2353 qui
1535 2322 1570 2344 se
1593 2312 1705 2352 aliquo
1726 2311 1852 2342 scelere

1150 2358 1419 2396 obstrinxissent,
1431 2360 1524 2398 patet
1538 2361 1613 2386 turn
1629 2366 1667 2386 ex
1683 2355 1746 2385 hoc
1763 2354 1849 2393 loco,

1151 2405 1224 2431 tuni
1249 2412 1289 2432 ex
1312 2411 1408 2442 capp.
1423 2403 1476 2432 24.
1501 2403 1537 2430 et
1553 2401 1605 2431 25.
1630 2399 1651 2430 l.
1677 2398 1740 2430 ΙΙΙ.
1786 2398 1850 2429 Eos

1152 2445 1306 2475 habuisse
1330 2445 1388 2484 jus
1418 2442 1558 2475 vocandi
1584 2442 1627 2472 ad
1652 2443 1850 2473 concionem

1151 2488 1266 2528 populi
1284 2488 1463 2528 Dionysius
1479 2487 1623 2517 affirmat
1638 2486 1660 2516 1.
1676 2485 1767 2516 vlu.

1195 2535 1233 2562 41
1267 2531 1414 2563 Dua-eda
1448 2531 1596 2569 agrarioe
1633 2528 1729 2568 Iegis]
1776 2528 1851 2559 Hoc

1153 2585 1242 2605 anno
1255 2580 1290 2606 et
1305 2573 1571 2614 insequentibus,
1582 2582 1715 2613 semper
1724 2571 1851 2603 tribuni

1152 2618 1305 2649 fraudem
1332 2618 1471 2649 Patrum
1499 2617 1714 2653 accusabant,
1738 2619 1853 2656 postu-

1154 2662 1334 2701 labantque
1362 2666 1400 2691 ut
1426 2670 1486 2691 sua
1512 2661 1574 2701 ipsi
1601 2659 1756 2691 consulta
1777 2668 1854 2689 exe·

1153 2710 1348 2745 querentur,
1372 2704 1658 2743 decemvirosque,
1674 2703 1762 2733 sicut
1785 2700 1856 2742 pol·
1913 2691 1934 2706 ‘¹

1157 2749 1242 2779 liciti
1265 2748 1413 2786 fuerant,
1435 2747 1620 2778 dividendis
1643 2746 1730 2786 agris
1754 2744 1856 2784 elige-

1159 2798 1245 2823 rent.
1290 2791 1355 2822 Sed
1378 2792 1547 2825 incassum
1570 2790 1724 2824 abierunt
1741 2795 1856 2821 omnes

1158 2844 1274 2868 eorum
1291 2837 1440 2868 conatus.
