1914 3239
269 84 323 121 34

816 75 964 115 ΤΙΤΙ
999 74 1179 116 LIVII

273 180 517 236 trigeminis
540 186 677 236 agunt
698 192 836 235 rege5‚
860 186 908 219 ut
930 192 1008 234 pro
1040 191 1118 218 sua
1138 175 1322 232 quisque
1342 176 1483 232 patria
1511 177 1722 220 dimicent

274 237 404 279 ferro.
443 238 502 279 ibi
528 237 757 293 imperium
782 235 891 280 fore,
909 235 1022 276 unde
1045 234 1228 276 victoria
1247 234 1391 275 fuerit.
1423 234 1531 276 nihil
1554 249 1722 276 recusa-

276 302 370 337 tur:
414 303 584 350 tempus
621 303 666 335 et
701 293 822 334 locus
861 292 1083 333 convenit.

1153 290 1411 346 Priusquam
1450 291 1721 343 dimicarent,

277 351 422 394 foedus
446 353 582 394 ictum
602 351 715 392 inter
746 349 970 390 Romanos
993 357 1037 389 et
1057 347 1250 389 Albanos
1272 359 1337 388 est
1365 347 1430 388 his
1451 347 1635 404 legibus,
1658 359 1720 400 ut,

275 409 306 432 ⁶¹
326 409 536 466 cujusque
560 406 706 464 populi
731 406 846 447 cives
868 420 919 446 eo
943 405 1178 446 certamine
1201 405 1418 454 vicissent,
1440 404 1476 444 is
1499 405 1619 446 alteri
1642 421 1721 461 po-

278 466 385 522 pulo¹
403 481 502 507 cum
524 467 638 506 bona
661 478 765 519 pace
785 462 1066 518 imperitaret.
1118 461 1303 503 Foedera
1322 462 1405 503 alia
1422 461 1514 502 aliis
1537 461 1720 517 legibus,

64 538 204 570 Foederis
222 539 266 568 fe-
278 531 470 565 ceterum
499 522 651 564 eodem
683 520 812 561 modo
843 519 1003 569 omnia,
1035 519 1161 560 fiunt.

62 583 161 614 riendi
176 584 268 613 ritus.
278 581 486 637 cepimus,
501 593 579 620 nec
599 578 723 619 ullius
738 577 947 618 vetustior
965 576 1142 618 foederis
1160 575 1367 617 memoria
1384 584 1462 616 est.
1494 577 1526 599 ω
1541 575 1721 618 Fecialis

1217 517 1329 560 Tum
1363 519 1426 559 ita
1456 518 1618 560 factum
1650 533 1722 560 ae-

278 652 424 693 regem
455 636 626 678 Tullum
650 635 712 676 ita
733 632 928 689 rogavit:
965 632 1139 674 Juhesne
1161 647 1236 684 me,
1259 631 1365 683 Rex,
1387 647 1475 674 cum
1498 640 1620 688 patre
1642 647 1722 688 pa-

277 702 387 736 traco
416 692 558 748 populi
580 691 739 733 Albani
756 689 899 746 fiedus
915 687 1086 746 ferire?
1110 690 1296 746 jubente
1324 703 1439 743 rege,
1459 689 1489 713 ⁶³
1506 688 1720 744 Sagmina,

279 751 435 807 inquit,
462 757 513 801 te,
537 748 643 799 Rex,
667 761 804 803 posco.
864 746 963 788 Rex
996 749 1071 798 ait,
1092 750 1124 773 ⁶⁴
1140 746 1303 788 Puram
1333 745 1478 787 tollito.
1539 746 1721 788 Fecialis

275 822 331 848 ex
353 822 450 849 arce
480 806 688 864 graminis
710 804 887 845 herbam
914 813 1063 860 puram
1095 804 1266 846 adtulit.
1308 811 1457 858 postea
1484 818 1627 859 regem
1659 804 1722 845 ita

273 865 472 921 rogavit:
518 863 623 914 Rex,
632 861 798 920 facisne
818 876 878 902 me
900 868 945 901 τιι
975 861 1130 917 regium
1158 860 1350 902 mincium
1365 860 1510 916 populi
1541 860 1721 902 Romani

276 920 539 966 Qniritium?
569 924 601 946 ⁶⁵
616 935 729 970 vasa,
751 919 984 973 comitesque
1003 917 1136 959 meos?
1166 919 1263 958 Rex
1288 917 1529 971 respondit:
1554 919 1587 942 ⁶⁶
1603 918 1723 974 Quod

269 978 524 1035 sinefiaude
548 992 632 1018 mea
648 975 871 1032 populique
894 974 1076 1017 Romani
1101 974 1436 1028 Qui1¹itiumjiat‚
1441 973 1578 1030 facio.

1641 974 1675 1015 F
1677 989 1722 1015 e-

270 1036 392 1077 cialis
412 1046 502 1077 erat
523 1037 554 1060 ⁶⁷
570 1034 638 1075 M.
660 1034 865 1075 Valerius.
890 1042 1056 1089 patrem
1073 1042 1287 1089 patratum
1310 1031 1386 1086 Sp.
1404 1032 1581 1073 Fusium
1603 1030 1722 1082 fecit,

270 1094 458 1135 verbena
473 1101 605 1148 caput
617 1091 882 1147 capillosque
898 1100 1092 1147 tangens.
1114 1092 1146 1114 ⁶⁸
1159 1090 1287 1131 Pater
1307 1097 1498 1144 patratus
1513 1089 1564 1130 ad
1577 1088 1723 1144 jusju-

269 1151 454 1192 randum
477 1149 750 1206 patrandum,
773 1147 817 1189 id
836 1156 915 1198 est,
933 1148 1210 1189 sanciendum
1234 1146 1285 1187 fit
1306 1145 1477 1198 foedus3
1508 1146 1722 1187 ⁶9multis-

270 1222 355 1262 que
379 1208 420 1249 id
445 1207 601 1257 verbis,
624 1220 722 1262 quae
741 1205 874 1261 longo
893 1204 1023 1246 effata
1044 1206 1233 1247 carmine
1254 1206 1288 1230 ⁷⁰
1302 1217 1388 1245 non
1411 1218 1554 1260 operae
1577 1212 1643 1245 est
1658 1217 1723 1245 re-

270 1266 399 1316 ferre,
423 1264 606 1321 peragit.
661 1263 852 1319 Legibus
884 1262 1040 1304 deinde
1062 1263 1278 1304 recitatis:
1312 1261 1444 1311 Audi,
1467 1261 1623 1316 inquit,
1643 1261 1723 1301 Ju-

260 1322 402 1377 piter;
443 1321 556 1373 audi,
584 1326 706 1377 pater
736 1326 902 1376 patrate
928 1319 1075 1375 populi
1110 1319 1270 1360 Albani
1283 1336 1295 1370 ;
1336 1319 1436 1362 audi
1467 1325 1527 1370 tn,
1549 1316 1722 1373 populus

240 1379 490 1429 „Albanus3
536 1382 565 1406 ⁷¹
586 1384 631 1419 ut
660 1376 736 1418 illa
758 1376 904 1433 palam
925 1377 1069 1433 prima
1091 1383 1291 1433 postrema
1321 1392 1368 1419 ex
1396 1375 1483 1418 illis
1520 1379 1553 1404 7‘2
1571 1374 1723 1417 tabulis

313 1504 383 1536 61*
398 1501 574 1546 Cujusque]
596 1501 743 1542 Antiqua
767 1501 894 1532 dictum
918 1508 978 1542 pro

271 1546 379 1589 cujus.

314 1594 355 1623 62
380 1589 532 1629 Feciazis]
554 1589 699 1619 Feciales
714 1587 902 1618 sacerdotes
926 1587 979 1617 fu-

271 1646 328 1666 ere
353 1645 372 1665 a
396 1634 510 1665 Numa
532 1632 695 1669 instituti,
720 1641 862 1671 quorum
886 1631 977 1661 scitis

263 1680 322 1718 jus
358 1688 458 1709 omne
491 1677 569 1708 belli
601 1677 757 1717 pacisque
786 1675 977 1713 subjectum

272 1727 355 1753 erat.
401 1723 476 1763 Quo
495 1722 563 1751 ritu
586 1721 776 1750 indicerent
795 1718 894 1756 bella,
911 1718 977 1749 vid.

271 1766 371 1796 infra.
388 1776 416 1796 e.
433 1767 486 1796 32.
504 1766 556 1795 De
574 1763 666 1794 omni
683 1773 799 1793 eorum
816 1762 923 1793 officio
938 1772 976 1792 ac

271 1819 413 1840 munere
431 1808 566 1839 consule
584 1808 685 1839 Dion.
705 1806 749 1837 11.

316 1854 357 1884 63
382 1851 564 1892 Sagmz'ua]
594 1850 770 1890 Saanhza,
786 1850 896 1888 inquit
919 1849 978 1880 Pe-

271 1901 357 1933 nus,
372 1901 531 1927 roc-autur
553 1896 708 1932 verba-me,
726 1895 781 1925 hoc
797 1898 855 1931 est,
873 1894 978 1924 herhae

265 1949 376 1981 purte,
394 1942 472 1980 quia
488 1950 528 1970 esc
545 1940 606 1970 Ioco
621 1943 730 1969 sancto
753 1937 953 1968 secabantur
968 1949 975 1967 ε

273 1991 321 2021 et,
345 1990 430 2015 teste
458 1983 545 2013 Plin.
569 1982 682 2012 xxii.
705 1984 738 2013 ΞΖ.
764 1981 854 2011 idem
882 1985 977 2019 sunt,

273 2027 362 2066 quod
383 2037 526 2067 gramen
548 2037 589 2057 ez·
610 2035 687 2057 arce
708 2035 783 2056 cum
805 2034 868 2055 sna
886 2029 978 2055 term

271 2073 433 2102 evulsum.
479 2070 562 2101 *Ex
588 2079 662 2099 arce
686 2069 837 2099 verbenae
865 2077 978 2098 sume-

272 2115 398 2145 bantur
425 2113 544 2144 dandae
566 2112 754 2151 fecialibus‚
772 2115 859 2143 teste
883 2111 978 2142 Livio

273 2157 361 2189 insm
376 2157 485 2188 XXX.
502 2160 555 2188 423.

318 2203 357 2232 ⁶⁴1
386 2200 534 2239 Puram]
556 2199 680 2239 Supple
698 2198 849 2230 herbam.

317 2246 359 2277 65
385 2244 486 2284 Vasa]
506 2243 768 2284 Supellectilem.
813 2243 900 2273 Vasa
915 2251 973 2273 au·

272 2292 344 2319 tem
376 2294 410 2319 et
436 2288 578 2318 comites
607 2287 735 2317 fecialis
766 2295 832 2317 non
857 2287 974 2325 utique

274 2337 372 2363 erant
397 2333 481 2372 regii
504 2331 642 2369 nuneii3
666 2330 725 2361 sed
746 2330 835 2360 illius
859 2334 975 2360 tamen

275 2376 423 2406 muneris
451 2375 667 2406 sanctitatem
695 2383 733 2404 ac
759 2373 975 2413 dignitatem,

272 2428 336 2450 suo
359 2428 499 2459 quaeque
516 2418 615 2449 modo
632 2422 666 2448 et
679 2416 824 2456 ratione,
842 2417 978 2458 partici-

274 2463 413 2502 pabant.

320 2506 361 2537 136
385 2505 481 2546 „Quod
494 2506 560 2536 sine
562 2502 696 2545 fraude
711 2513 797 2535 mea.
809 2503 903 2545 .fiat]
925 2502 978 2534 Ita

275 2555 317 2578 ut
341 2549 373 2578 id
397 2550 454 2579 fiat
480 2550 550 2578 sine
574 2549 698 2579 damno
730 2557 827 2587 meo3
863 2549 911 2578 ita
936 2553 976 2579 ut

275 2591 361 2622 nihil
385 2592 460 2622 inde
485 2593 518 2621 in
544 2600 597 2623 me
621 2591 736 2622 damni
764 2597 823 2622 aut
847 2591 976 2622 incom-

276 2635 366 2665 modi
397 2633 574 2666 derivetur.
629 2635 750 2666 Cautio
786 2635 912 2666 usitata
940 2636 976 2666 in

274 2678 438 2718 ejusmodi
456 2678 619 2709 formulis.

319 2722 360 2755 67
391 2721 440 2753 M.
479 2719 644 2760 Valerius]
684 2721 733 2753 M.
772 2720 929 2753 litterius
956 2732 975 2753 e

273 2772 417 2795 nummo
442 2764 620 2803 legendum
644 2774 714 2795 esse
732 2770 848 2796 monet
870 2767 976 2807 Bege-

276 2816 334 2841 ωε
349 2809 390 2840 ad
405 2807 551 2846 Piorum,
569 2817 601 2849 p.
616 2809 671 2839 44.
694 2808 888 2841 limum-ius.

1067 1501 1108 1532 68
1133 1499 1242 1532 Pater
1257 1499 1428 1542 patratus]
1456 1500 1556 1531 Pater
1574 1501 1726 1541 patratus

1024 1544 1064 1574 fit
1080 1544 1122 1574 ad
1132 1545 1372 1581 jusjurandum
1389 1545 1607 1585 patrandum,
1623 1547 1726 1583 atque

1022 1587 1100 1618 inde
1116 1588 1164 1618 illi
1180 1597 1305 1618 nomen
1325 1591 1392 1618 est:
1410 1587 1649 1628 jusjurandum
1666 1597 1727 1617 au·-

1021 1636 1094 1662 tem
1122 1636 1254 1672 patrare
1281 1631 1336 1662 hic
1363 1631 1452 1663 idem
1479 1637 1531 1662 est
1553 1641 1591 1661 ac
1617 1631 1724 1661 foedus

1020 1684 1162 1706 sancire.

1066 1720 1107 1753 69
1130 1719 1310 1759 filultisque
1331 1719 1367 1749 id
1389 1717 1505 1758 verbis]
1538 1716 1724 1755 Nimirum,

1021 1766 1204 1802 antequam
1227 1762 1357 1794 foederis
1375 1763 1462 1802 leges
1487 1763 1723 1799 recitarentur,

1022 1806 1157 1846 aliquod
1181 1816 1317 1837 carmen
1340 1812 1413 1837 erat
1434 1806 1620 1843 verbosius,
1636 1803 1726 1844 quod

1021 1855 1119 1890 pater
1147 1854 1297 1891 patratus
1328 1851 1547 1890 pronuntiare
1577 1849 1726 1879 deberet.

1023 1893 1111 1924 Illud
1136 1895 1265 1925 omittit
1294 1892 1422 1932 Livius,
1449 1894 1596 1933 satisque
1623 1892 1725 1923 habet

1021 1938 1048 1968 si
1071 1937 1214 1969 alterurn
1241 1947 1377 1968 carmen
1401 1937 1531 1974 afferat,
1551 1945 1630 1975 quo,
1648 1941 1725 1976 post

1021 1981 1111 2021 leges
1134 1982 1304 2019 recitatas,
1329 1982 1437 2012 omnis
1461 1980 1592 2012 foederis
1614 1980 1724 2009 sanci·

1021 2025 1099 2056 endi
1116 2026 1199 2056 ritus
1223 2024 1497 2056 concludebatur.
1533 2025 1632 2054 Porro
1649 2033 1724 2053 car—

1022 2079 1097 2100 men
1120 2069 1173 2099 hie
1197 2068 1281 2099 nihil
1304 2068 1395 2099 aliud
1424 2071 1488 2105 est,
1505 2077 1605 2107 quam
1630 2066 1724 2098 ce'rta

1021 2113 1234 2152 solennisque
1250 2113 1426 2143 verborum
1442 2111 1598 2142 formula.

1064 2160 1107 2191 70
1130 2157 1208 2187 Non
1229 2165 1331 2196 opera*
1345 2156 1405 2195 ese]
1433 2156 1552 2196 Operae
1575 2153 1733 2195 pretium·

1021 2209 1090 2230 non
1120 2204 1183 2230 est.
1220 2198 1314 2230 Idem
1341 2199 1499 2239 loquendi
1526 2198 1642 2229 modus
1667 2208 1724 2228 oc·

1018 2244 1123 2274 currit
1137 2243 1158 2273 l.
1176 2241 1232 2273 IV.
1249 2254 1276 2274 c.
1294 2246 1325 2274 8.
1343 2247 1377 2274 et
1391 2244 1469 2274 alibi
1486 2243 1619 2283 saepius.

1063 2290 1101 2321 71
1134 2286 1178 2318 Ue
1202 2288 1261 2318 illu
1274 2286 1407 2326 palam]
1440 2287 1485 2319 Ut
1499 2288 1560 2316 illa
1581 2286 1721 2316 recitata

1019 2335 1096 2362 sunt
1112 2332 1229 2372 palam
1253 2336 1289 2361 et
1314 2331 1468 2361 omnibus
1495 2328 1723 2365 audientibus,

1019 2380 1095 2405 tum
1113 2376 1241 2414 prima,
1265 2380 1340 2405 tum
1362 2379 1543 2415 postrema,
1566 2382 1587 2403 a
1611 2373 1723 2413 capite

1021 2418 1063 2449 ad
1081 2419 1218 2448 calcem.

1065 2463 1108 2495 7‘2
1143 2461 1277 2493 Tabulis
1313 2461 1444 2501 cerave]
1485 2460 1561 2491 Sive
1598 2458 1722 2491 tabulis

1022 2505 1133 2543 nudis,
1157 2507 1191 2536 in
1221 2505 1341 2545 quibus
1372 2504 1550 2545 insculptae
1579 2502 1724 2535 fuissent

1019 2549 1150 2579 soederis
1166 2549 1276 2589 lcges3
1301 2549 1368 2579 sive
1384 2547 1507 2579 tabulis
1523 2556 1599 2578 cera
1615 2546 1721 2578 illitis.

1022 2593 1062 2623 In
1078 2593 1197 2624 ceratis
1211 2592 1334 2623 tabulis
1358 2592 1457 2631 vulgo
1472 2591 1616 2623 scribere
1635 2589 1722 2622 sole-

1020 2636 1103 2667 bant
1131 2636 1271 2675 antiqui.
1318 2636 1362 2666 At
1392 2635 1529 2672 foedera,
1558 2634 1661 2674 leges,
1684 2637 1721 2665 et

1020 2680 1087 2710 alia
1102 2679 1135 2710 id
1151 2688 1257 2718 genus
1280 2679 1469 2720 insculpere
1485 2679 1520 2710 in
1543 2678 1634 2709 nudo
1657 2677 1721 2717 lig-

1021 2732 1077 2762 no,
1107 2726 1167 2754 aut
1199 2732 1265 2752 aere
1304 2732 1375 2753 mos
1419 2727 1505 2755 erat.
1555 2720 1720 2763 Exempla

1019 2767 1145 2809 passim
1158 2771 1358 2808 suppetunt.
