1991 3250
639 69 764 112 LIB.
791 68 843 109 ΙΙ.
879 66 1009 109 CAP.
1036 67 1124 106 vn.
1200 112 1203 114 ,
1571 72 1622 110 89

185 183 274 218 non
303 171 449 214 dolore
470 170 606 215 solum
638 178 769 212 tantae
791 168 844 211 ad
867 169 1030 211 irritum
1045 168 1242 210 cadentis
1265 169 1371 224 spei,
1392 169 1464 211 sed
1488 170 1664 212 etiamn.
1677 180 1714 211 c.
1729 183 1804 214 Νι

188 230 289 271 odio
325 229 484 285 iraque,
507 237 733 287 postquam
765 226 866 268 dolo
902 227 1013 267 viam
1048 227 1269 281 obseptam
1300 226 1422 277 vidit,
1457 226 1806 270 belluinA·c·5⁰⁷·

187 295 330 342 aperte
359 287 619 329 moliendum
639 292 768 334 ratus,
790 284 1012 324 circumire
1046 284 1227 340 supplex
1262 281 1444 324 Etruriae
1469 285 1617 338 urbes;

188 358 304 385 orare
346 344 532 385 maxime
570 342 768 383 Veientes
805 340 1231 395 Tarquiniensesque,
1267 355 1315 382 ue
1348 343 1378 364 ss
1394 355 1432 381 se
1471 348 1618 393 ortum,

188 401 359 453 ejusdem
374 400 593 457 sanguinis,
612 405 818 449 emtor-rem,
840 404 1027 454 egentem,
1049 412 1095 438 ex
1116 404 1229 438 tanto
1250 395 1364 438 modo
1381 411 1514 453 regno,
1530 414 1620 441 cum

189 448 323 499 liberis
352 455 657 499 adolescentibus
691 462 783 496 unte
812 453 944 496 oculos
973 469 1062 496 suos
1087 454 1221 510 perire
1252 454 1438 498 sinerent.
1498 455 1617 496 Alios

183 530 350 572 peregre
368 516 410 556 in
433 527 596 570 regnum
618 511 794 553 Romam
824 511 1003 552 aclcitos:
1044 526 1082 552 se
1112 526 1254 567 regem,
1275 518 1486 568 augentem
1515 512 1619 553 bello

192 571 423 618 Romanum
444 570 668 625 imperium,
687 584 712 610 a
725 568 924 624 proximis
943 567 1132 610 scelerata
1151 568 1427 624 conjuratione
1440 568 1619 623 pulsum.

189 643 252 670 eos
281 630 386 671 iuter
407 642 460 679 se,
482 627 579 683 qula
600 641 709 668 nemo
733 640 834 667 unus
855 626 949 666 sutis
969 626 1113 681 dignus
1134 640 1254 681 reguo
1277 625 1382 668 visus
1401 626 1467 677 sit,
1482 633 1621 681 partes

190 686 306 743 regni
334 685 537 740 rapuisse,·
578 683 682 726 bona
714 697 785 724 sua
817 682 1044 738 diripienda
1079 683 1227 738 populo
1262 682 1422 733 dedisse,
1452 698 1500 724 ne
1532 684 1622 739 quis

190 757 325 798 expers
343 742 495 784 sceleris
517 747 621 788 esset,
682 739 877 781 Patriam
905 755 944 781 se
974 754 1215 796 regnumque
1242 755 1355 784 suum
1377 747 1562 795 repetere,
1583 747 1622 781 et

183 799 369 855 persequi
389 799 570 855 ingratos
591 798 691 838 cives
720 796 833 838 velle.
893 795 1060 839 Ferrent
1089 811 1213 852 opem,
1235 797 1501 854 adjuvarent,-
1530 812 1623 839 suas

190 859 345 919 quoque
364 864 507 897 veteres
528 854 700 911 injurius
721 854 847 895 ultum
867 854 986 904 irent,
1006 854 1118 894 toties
1140 868 1256 895 caesas
1276 854 1459 910 legiones,
1477 869 1623 911 agrum

189 913 404 954 ademtam.
473 913 585 959 Haec
628 920 854 953 moverunt
889 911 1116 954 Veientes:
1158 925 1209 952 ac
1239 925 1317 966 pro
1352 925 1395 951 se
1426 913 1622 967 quisque,

192 970 394 1019 Romano
418 970 565 1011 saltem
590 969 714 1019 duce,
734 968 993 1024 ignominias
1017 968 1261 1018 demendas,
1284 967 1476 1023 belloque
1495 969 1623 1010 amis-

191 1042 239 1069 sa
280 1027 524 1083 repetenda,
563 1026 787 1067 minaciter
827 1025 1029 1067 fremunt.
1094 1024 1422 1082 Tarquinienses
1465 1040 1624 1067 nomen

188 1100 242 1133 ac
269 1086 475 1141 cognatio
506 1093 664 1126 movet.
706 1082 929 1137 pulchrum
960 1083 1199 1132 videbatur,
1226 1098 1325 1124 suos
1351 1082 1504 1124 Romae
1530 1098 1624 1140 reg-

189 1154 307 1190 nare.
360 1141 430 1190 Ita
459 1141 545 1182 duo
568 1141 747 1182 duarum
766 1140 1007 1182 civitatium
1028 1141 1256 1191 exercitus,
1277 1141 1328 1181 ad
1348 1140 1628 1196 repetendum

189 1213 370 1254 regnum
410 1198 604 1253 belloque
639 1197 953 1253 persequendos
995 1197 1230 1248 Romanos,
1268 1199 1401 1238 secuti
1445 1197 1626 1253 Tarqui-

190 1256 326 1304 nium,
388 1254 623 1313 Postquam
645 1256 689 1299 in
711 1270 858 1311 agrum
887 1253 1131 1296 Romanum
1155 1264 1328 1295 ventum
1352 1263 1429 1305 est,
1451 1256 1626 1296 obviam

191 1312 306 1357 hosti
343 1313 538 1356 consules
577 1321 693 1353 eunt.
757 1311 946 1353 Valerius
982 1312 1190 1368 quadrato
1229 1312 1402 1369 agmine
1438 1313 1626 1367 peditem

194 1370 336 1412 ducit:
381 1370 538 1412 Brutus
575 1370 627 1410 ad
667 1368 978 1422 explorandum
1017 1383 1117 1410 cum
1150 1369 1343 1424 equitatu
1380 1370 1626 1412 antecessit.

196 1425 359 1473 Eodem
384 1427 511 1468 modo
537 1427 698 1481 primus
729 1428 761 1449 ³4
775 1440 904 1480 eques
936 1426 1123 1467 hostium
1147 1426 1331 1481 agminis
1355 1425 1452 1477 fuit,
1473 1430 1628 1482 (praee-

194 1494 258 1525 rat
280 1484 420 1526 Aruns
450 1482 722 1538 Tarquinius,
747 1482 858 1523 filius
890 1483 1020 1539 regis)
1043 1497 1114 1523 rex
1138 1483 1228 1538 ipse
1252 1498 1349 1525 cum
1381 1483 1626 1538 legionibus

193 1542 464 1595 sequebatur.
519 1541 673 1591 Aruns,
696 1541 767 1581 ubi
792 1555 846 1581 ex
867 1539 1089 1581 lictoribus
1108 1540 1258 1595 procul
1281 1541 1500 1582 consulem
1522 1555 1627 1593 esse,

192 1598 453 1652 ,deindejam
479 1597 652 1653 propius
674 1611 724 1638 ac
746 1597 902 1638 certius
926 1596 1034 1638 facie
1057 1612 1228 1652 quoque
1256 1597 1438 1638 Brutum
1463 1613 1627 1654 cogno-

192 1655 270 1705 vit,
294 1655 583 1696 inflammatus
607 1654 683 1706 ira,
706 1652 784 1694 Ille
810 1661 866 1695 est
895 1653 973 1704 vir,
997 1654 1150 1709 inquit,
1173 1654 1244 1711 qui
1265 1670 1334 1696 nos
1362 1663 1532 1696 extorres
1560 1670 1629 1697 ex-

185 1711 298 1767 pulit
321 1711 483 1766 putria.
536 1710 642 1766 Ipse,
663 1726 724 1762 en,
746 1710 829 1762 ille,
852 1712 994 1751 uostris
1023 1711 1227 1753 decoratus
1257 1711 1494 1769 insignibus,
1515 1728 1630 1769 mag-

193 1767 309 1823 uffice
339 1768 501 1810 incedit.
562 1767 642 1808 Dii
672 1782 809 1824 regum
839 1768 985 1809 ultores
1015 1768 1158 1810 adeste.
1221 1768 1424 1811 Concitat
1454 1770 1630 1811 calcari-

193 1826 273 1872 bus
304 1839 477 1880 equum‚
497 1833 624 1881 atque
648 1826 687 1866 in
714 1826 851 1880 ipsum
874 1826 1055 1866 infestus
1078 1826 1295 1867 consulem
1320 1827 1481 1882 dirigit.
1522 1827 1628 1868 Sen-

195 1883 250 1923 sit
273 1884 314 1923 in
337 1897 381 1923 se
404 1883 450 1925 iri
478 1882 650 1923 Brutus.
692 1881 912 1924 Decorum
935 1892 1023 1924 erat
1041 1891 1133 1923 tum
1158 1884 1257 1938 ipsis
1280 1898 1498 1940 capessere
1521 1899 1630 1940 pug-

193 1954 297 1980 nam
328 1940 535 1981 ducibus:
576 1939 700 1981 avide
732 1941 876 1996 itaque
916 1954 959 1981 se
989 1940 1212 1981 certamini
1242 1941 1398 1983 obfert.
1436 1941 1630 1997 adeoque

195 1996 360 2036 infestis
391 1997 545 2038 animis
576 2006 895 2048 concurrerunt,
918 2006 1082 2049 neuter,
1103 1998 1204 2039 dum
1235 1997 1404 2040 hostem
1435 1997 1630 2040 vulnera-

195 2062 274 2104 ret,
306 2053 368 2093 sui
400 2055 652 2110 protegendi
691 2055 881 2109 corporis
914 2069 1091 2106 memor,
1115 2063 1175 2106 ut,
1197 2056 1412 2097 contrario
1441 2056 1528 2097 ictu
1554 2060 1729 2112 perBruti
1747 2069 1840 2099 mors.

196 2125 386 2166 parmam
419 2120 595 2166 uterque
628 2111 871 2162 transfixus,
896 2111 1060 2152 duabus
1095 2112 1303 2153 haerentes
1341 2113 1471 2154 hastis
1503 2114 1631 2154 mori-

197 2167 328 2215 bundi
360 2181 415 2213 ,ex
446 2169 564 2222 equis
585 2168 692 2224 lapsi
719 2169 819 2210 sint.
861 2168 988 2210 simul
1010 2178 1052 2210 et
1082 2179 1224 2210 cetera
1244 2171 1452 2226 equestris
1483 2185 1631 2227 pugna

195 2224 359 2279 coepit3
390 2238 528 2279 neque
550 2225 611 2265 ita
640 2225 775 2267 multo
800 2235 897 2282 post
918 2235 961 2266 et
985 2226 1146 2282 pedites
1178 2228 1500 2282 superveniunt.
1521 2236 1524 2238 ’
1561 2227 1746 2283 IbiPugna
1767 2243 1824 2274 du-

199 2283 313 2322 varia
342 2281 539 2331 victoria,
561 2293 604 2322 et
627 2282 740 2323 velut
763 2296 889 2338 aequo
922 2282 1064 2324 Marte
1091 2293 1329 2339 pugnatum
1363 2295 1441 2326 est.
1479 2285 1700 2326 dextrabia·

196 2339 413 2393 utrimque
458 2352 618 2379 cornua
656 2339 809 2390 vicere,
844 2339 955 2380 laeva
996 2350 1203 2395 superata.
1264 2342 1480 2392 Veientes,
1514 2342 1631 2383 vinci

196 2395 250 2436 ab
279 2395 475 2436 Romano
508 2394 643 2450 milite
675 2395 854 2447 adsueti,
878 2396 961 2437 fusi
994 2396 1218 2453 fugatique
1232 2395 1259 2439 ¹'.
1295 2398 1631 2454 Tarquiniensis,

196 2467 332 2492 novus
363 2452 514 2502 hostis,
537 2466 624 2492 nen
653 2454 771 2494 stetit
794 2453 946 2505 solum,
968 2455 1041 2495 sed
1064 2455 1192 2495 etiam
1219 2456 1273 2496 ab
1295 2471 1370 2497 sua
1391 2465 1511 2510 parte
1543 2456 1634 2498 Ro-

198 2523 370 2550 manum
393 2509 575 2564 pepulit.

256 2565 360 2607 VII.
396 2566 462 2606 Ita
481 2580 614 2621 quum
637 2574 875 2622 pugnatum
894 2575 1016 2617 esset,
1035 2576 1176 2608 tantus
1201 2576 1332 2609 terror
1352 2567 1635 2625 Tarquinium

197 2631 325 2678 atque
364 2622 568 2663 Etruscos
599 2623 788 2674 incessit,
820 2632 882 2674 ut,
913 2625 1070 2665 omissa
1103 2625 1220 2665 irrita
1250 2640 1308 2677 re,
1339 2637 1466 2668 nocte
1504 2628 1633 2669 ambo

719 2705 734 2726 δ
756 2707 825 2737 add.
837 2712 908 2736 sunt
923 2708 1020 2736 Gron.
1036 2706 1129 2739 crev.

221 2764 280 2797 '33
313 2766 355 2798 Se
377 2766 501 2808 ortum]
536 2767 587 2799 Ex
609 2777 658 2806 se,
678 2777 717 2798 ex
743 2767 893 2799 Etruscis
981 2770 1024 2797 34
1058 2767 1184 2808 Eques]
1215 2768 1395 2808 Equitatus
1422 2770 1455 2800 in
1487 2771 1635 2803 hostium

199 2812 323 2841 ortum.
940 2811 1073 2850 agmine
1089 2812 1234 2851 primum
1253 2811 1364 2843 locum
1381 2815 1506 2846 tenuit.
