1991 3250
189 255 232 284 U.
252 255 287 283 C..
301 257 377 286 293.

187 299 227 326 A.
241 299 276 326 C.
291 301 365 329 459.

191 338 233 370 Ei
251 339 314 368 dies

191 382 315 416 dicitur.

404 144 476 180 166
566 169 568 171 »
939 147 1075 187 ΤΙΤῙ
1113 147 1281 186 LIVII

404 244 532 296 Tum,
560 260 695 304 prope
722 249 815 305 jam
848 250 1052 306 perculsis
1086 249 1177 292 aliis
1212 249 1412 301 tribunis,
1433 248 1489 290 A.
1519 246 1756 306 Virginius,
1785 262 1843 290 ex

407 303 589 360 collegio
619 319 742 357 unus,
770 307 944 348 Kaesoni
974 307 1127 362 capitis
1157 308 1271 348 diem
1304 307 1426 348 dicit.
1463 314 1590 348 atrox
1622 307 1843 363 ingenium

407 361 663 403 accenderat
692 377 743 404 eo
781 363 898 405 facto
934 365 1084 419 magis,
1112 379 1239 419 quam
1273 373 1591 405 conterruerat:
1620 377 1672 403 eo
1705 364 1843 404 acrius

409 417 579 458 obstare
598 418 698 475 legi,
719 421 881 476 agitare
912 420 1098 475 plebem,
1122 422 1314 462 tribunos
1348 421 1465 462 velut
1493 420 1614 475 justo
1648 419 1844 475 persequi

407 473 536 516 bello.
595 474 836 518 Accusator
860 477 945 532 pati
967 491 1086 518 reum
1108 492 1240 528 ruere,
1262 478 1522 533 invidiaeque
1553 476 1771 517 flammam
1794 491 1844 517 ac

406 531 633 572 materiam
663 533 961 574 ⁴⁸crimiuibus
993 534 1078 574 suis
1103 535 1352 590 subgerere:
1384 534 1522 591 legem
1548 533 1736 583 interim,
1758 547 1845 574 non

408 597 494 629 tam
518 589 568 628 ad
591 603 707 643 spem
732 590 988 645 perferendi,
1009 605 1136 645 quam
1158 592 1206 632 ad
1241 592 1526 633 lacessendam
1560 589 1758 631 Kaesonis
1783 598 1848 630 te·

404 645 662 696 meritatem,
686 646 808 687 ferre.
873 646 937 687 Ibi
963 647 1108 698 multa,
1127 663 1241 703 saepe
1262 650 1316 690 ab
1344 649 1571 704 juventute
1606 646 1847 687 inconsulte

405 702 524 743 dicta
547 701 756 757 factaque,
779 703 822 744 in
845 705 970 744 unius
996 703 1194 747 Kaesonis
1226 715 1469 761 suspectum
1494 704 1692 745 incidunt
1723 704 1846 758 inge-

405 759 553 800 nium:
598 768 740 800 tamen
773 760 858 815 legi
893 761 1181 802 resistebatur.
1243 761 1300 803 Et
1330 762 1384 803 A.
1419 761 1640 818 Virginius
1672 760 1846 801 idemti-

405 815 502 856 dem
530 815 641 870 plebi
659 832 668 858 :
699 819 732 843 ⁴⁹
747 816 911 872 Ecquid
920 823 933 836 ³
954 817 1113 858 sentitis
1129 819 1225 874 jam
1246 833 1328 869 vos,
1352 818 1544 874 Quirites,
1563 819 1769 860 Kaesonem
1789 814 1846 857 si'-

409 871 497 913 mul
515 872 654 923 civem,
675 879 711 914 et
745 873 868 930 legem
899 889 1019 929 quam
1052 876 1210 930 cupitis,
1232 875 1376 917 habere
1406 890 1487 917 non
1512 872 1658 931 posse(2
1692 873 1846 929 Quam-

406 944 529 985 quam
547 929 648 985 quz‘d
665 944 736 986 ego
769 932 891 987 legem
923 931 1097 988 loquor?
1128 931 1310 974 libertati
1339 932 1481 984 obstat,
1503 946 1632 973 omnes
1670 929 1847 986 Tarqui-

407 986 495 1026 m'os
513 987 699 1042 superbia
721 995 944 1044 exsuperat.
1008 988 1267 1044 Exspectate,
1288 988 1382 1030 dum
1403 988 1540 1030 consul
1567 994 1641 1029 aut
1671 987 1844 1029 dictator

392 1041 495 1097 fiat,
517 1058 630 1099 quem
642 1044 853 1099 privatum
873 1045 1027 1086 viribus
1047 1053 1083 1086 et
1105 1045 1279 1087 audacia
1301 1053 1530 1102 regnantem
1551 1044 1708 1086 videtis.
1750 1044 1841 1085 Ad-

408 1101 701 1142 sentiebantur
733 1102 871 1152 multi,
905 1102 1090 1157 pulsatos
1125 1118 1168 1144 se
1202 1113 1439 1159 querentes,
1470 1111 1514 1144 et
1550 1102 1768 1143 tribunum
1792 1101 1845 1142 ad

409 1171 498 1198 rem
522 1159 804 1214 peragendam
828 1159 940 1200 ultro
963 1160 1215 1201 incitabant.

466 1214 580 1256 XM.
612 1215 710 1257 Jam
743 1216 889 1257 aderat
913 1216 1083 1271 judicio
1114 1217 1219 1268 dies,
1250 1216 1566 1273 adparebatque
1603 1215 1734 1272 vulgo
1766 1214 1844 1256 ho-

409 1271 544 1312 mines
566 1272 609 1312 in
633 1273 908 1314 damnatione
932 1273 1130 1314 Kaesonis
1153 1274 1394 1316 libertatem
1423 1275 1493 1330 agi
1524 1273 1708 1315 credere.
1753 1283 1845 1313 tum

409 1330 583 1369 demum
614 1339 787 1370 coactus
809 1345 908 1371 cuni
939 1331 1073 1371 multa
1101 1331 1357 1387 indignitate
1380 1332 1608 1385 prensabat
1639 1329 1843 1384 singulos.

410 1387 697 1441 sequebantur
736 1388 979 1438 necessarii,
1017 1389 1230 1443 principes
1268 1389 1470 1429 civitatis.
1529 1387 1580 1428 T.
1613 1386 1845 1433 Quinctius

412 1443 701 1498 Capitolinus,
722 1444 792 1499 qui
817 1454 878 1485 ter
906 1445 1055 1485 consul
1078 1445 1231 1497 fuerat,
1253 1459 1382 1500 quum
1414 1445 1545 1486 multa
1566 1443 1742 1485 referret
1770 1458 1846 1484 sua

407 1499 670 1555 familiaeque
707 1501 876 1553 decora,
907 1501 1185 1544 adfirmabat:
1231 1502 1370 1558 Neque
1404 1503 1448 1543 in
1487 1500 1680 1557 Quinctia
1713 1507 1844 1556 gente,

409 1572 533 1613 neque
553 1558 594 1598 in
617 1559 780 1599 civitate
804 1558 993 1600 Romana
1018 1566 1173 1601 tantam
1194 1559 1367 1600 indolem
1388 1567 1471 1601 tam
1495 1565 1663 1599 maturae
1684 1558 1847 1599 virtutis

407 1630 600 1670 umquam
636 1615 838 1656 exstitisse.
888 1618 920 1639 ⁵⁰
938 1615 1066 1658 Suum
1101 1617 1278 1671 primum
1309 1616 1476 1657 militem
1498 1615 1644 1672 fuisse,
1676 1630 1714 1656 se
1746 1628 1844 1669 saepe

407 1671 564 1712 vidente
588 1686 790 1728 pugnasse
810 1673 854 1714 in
875 1672 1035 1714 hostem.
1086 1675 1160 1729 Sp.
1192 1674 1356 1723 Furius,
1381 1677 1408 1697 ³¹
1430 1673 1590 1714 missum
1610 1671 1663 1713 ab
1689 1670 1845 1716 Quinc-

407 1729 463 1770 tio
497 1727 727 1784 Capitolino
758 1729 837 1770 sibi
865 1744 952 1771 eum
987 1731 1033 1772 in
1062 1730 1195 1772 dubiis
1224 1733 1306 1771 sm's
1336 1730 1449 1771 rebus
1477 1731 1626 1771 venisse
1653 1728 1843 1770 subsidio.

407 1786 600 1827 neminem
631 1801 754 1827 uuum
785 1800 875 1837 esse,
900 1788 1015 1843 cnjus
1044 1789 1175 1845 magis
1203 1802 1321 1844 opera
1348 1794 1459 1842 putet
1494 1790 1525 1810 ⁵⁴2
1544 1800 1624 1827 rem
1641 1780 1656 1800 ¹²
1684 1785 1846 1826 restitu-

407 1849 505 1883 tam.
569 1843 616 1884 L.
651 1843 888 1895 Lucretius,
910 1846 1060 1886 consul
1090 1845 1190 1886 anni
1224 1845 1392 1901 prioriS,
1422 1843 1580 1885 recenti
1613 1840 1751 1900 gloria
1779 1843 1846 1884 ni·

409 1910 517 1950 tens,
542 1914 637 1940 suas
669 1901 812 1942 laudes
837 1902 1092 1958 participare
1117 1916 1211 1943 cum
1246 1901 1447 1951 Kaesone,
1470 1914 1703 1958 memorare
1734 1914 1844 1955 pug-

407 1972 500 2006 nas,
523 1957 676 1999 referre
707 1960 882 2015 egregia
903 1958 1111 2010 facinora,
1137 1974 1250 2000 nunc
1273 1960 1315 2000 in
1347 1957 1711 2014 expeditionibus,
1730 1971 1845 1998 nunc

407 2014 452 2054 in
484 2014 600 2056 acie:
641 2015 817 2056 suadere
849 2024 893 2056 et
925 2030 1113 2067 monere,
1131 2017 1325 2071 juvenem
1358 2015 1573 2072 egregium,
1603 2014 1844 2055 instructum

407 2069 838 2128 7eatat·aef01·tzmaeque
858 2072 1039 2114 omnibus
1069 2073 1194 2123 bonis,
1225 2075 1253 2096 ⁵³
1273 2073 1489 2113 maximum
1513 2078 1753 2112 momentum
1783 2085 1845 2112 re-

406 2142 498 2167 rum
529 2128 612 2183 ejas
643 2129 832 2180 civitatis,
852 2129 896 2171 in
925 2145 1200 2186 quamcunque
1230 2129 1410 2181 venisset,
1436 2143 1565 2179 suum,
1593 2143 1714 2184 qnam
1742 2127 1844 2183 alie-

405 2199 516 2236 num,
544 2185 708 2226 mallent
741 2188 866 2228 civem
897 2201 985 2229 esse.
1047 2185 1170 2232 Quod
1200 2184 1391 2244 obfendat
1423 2186 1465 2226 in
1498 2200 1555 2236 eo,
1571 2186 1779 2241 fervorem
1806 2191 1843 2227 et

604 2286 618 2300 ⁸
640 2283 710 2312 add.
726 2284 828 2323 inquit
843 2284 940 2314 Gron.
958 2285 1048 2315 Crev.
1283 2283 1297 2304 ¹³
1318 2285 1535 2326 rempublicam
1553 2283 1634 2314 Eaed.

445 2356 724 2388 48³*Crimae'nz'hus
745 2357 824 2398 suis]
852 2358 1103 2390 Criminationi-
1146 2359 1407 2399 Antiquissimus
1432 2367 1546 2390 tamen
1573 2368 1591 2389 e
1619 2358 1738 2388 nostris
1767 2366 1842 2387 eam

402 2399 464 2430 bns
479 2401 675 2431 tribunitiis.
1145 2404 1287 2434 omittit.
1334 2404 1378 2435 Et
1404 2413 1484 2434 sane
1508 2402 1566 2433 illa
1591 2405 1708 2432 onerat
1731 2401 1842 2441 potius

446 2447 487 2477 49
512 2443 654 2483 Ecquid,
683 2445 800 2485 inquit,
836 2444 974 2484 sentitis]
1013 2446 1102 2486 Qua-
1146 2449 1346 2485 orationem,
1361 2457 1461 2486 qnam
1473 2447 1583 2485 juvat.

403 2491 481 2517 tuor
504 2497 521 2516 e
546 2489 667 2518 nostris
690 2488 785 2518 codd.
812 2489 969 2528 ignorant
992 2489 1027 2520 τὸ
1052 2491 1100 2520 in·
1188 2493 1230 2522 52
1266 2491 1510 2531 Rempuhte'cam
1536 2486 1736 2527 restitutam]
1777 2486 1842 2518 Hic

403 2533 487 2570 quit,
504 2530 591 2569 quod
607 2531 748 2562 inseruit
764 2532 932 2571 Sigonius.
1142 2535 1258 2574 scripti
1275 2535 1342 2565 fere
1357 2536 1519 2574 respuunt
1529 2532 1707 2573 publicam.
1724 2531 1842 2562 Enim-

449 2576 490 2603 50
515 2574 621 2604 Suum
642 2577 789 2614 primum
817 2578 952 2606 militem
970 2574 1095 2616 ⁸fui-tre]
1143 2587 1218 2609 vero
1235 2579 1316 2608 satis
1334 2582 1383 2608 est
1400 2576 1520 2614 landis,
1536 2582 1576 2606 ut
1589 2575 1742 2605 observat
1758 2574 1841 2604 Gro-

403 2616 445 2646 Se
462 2616 545 2646 duce
564 2619 670 2656 prima
692 2619 860 2658 stipendia
875 2619 1007 2650 secisse:
1034 2620 1098 2658 vel,
1144 2622 1274 2659 novius,
1303 2621 1368 2651 dici
1405 2630 1488 2657 rem,
1518 2619 1551 2650 id
1581 2623 1645 2656 est,
1675 2627 1839 2658 pugnam»

402 2660 429 2688 si
455 2661 606 2698 primum
629 2662 775 2692 sumitur
799 2673 858 2702 pro
883 2664 1017 2693 nomine
1042 2664 1099 2693 ad·
1143 2667 1328 2695 restitutam
1346 2664 1490 2694 Caesonis
1507 2671 1621 2702 opera.

396 2703 536 2742 jectivo,
554 2705 698 2742 primum
716 2705 824 2736 locum
841 2706 930 2736 inter
945 2716 1020 2737 suos
1039 2707 1098 2737 ini-
1186 2707 1451 2739 5:3*stlaxim-um
1468 2704 1678 2744 momentum]
1703 2704 1783 2744 Qui,
1802 2705 1836 2734 ir.

402 2745 478 2776 lites
495 2746 618 2776 virtute
636 2753 670 2777 et
684 2748 778 2778 sactis
794 2751 952 2780 tenuisse.
1142 2760 1375 2790 quamcunque
1398 2751 1568 2780 civitatem
1593 2749 1749 2784 venisset,
1764 2748 1833 2786 ejw:

446 2792 481 2820 51
510 2789 647 2820 Missum
662 2792 811 2831 subsidio]
842 2792 978 2823 Plurimi
995 2794 1097 2834 scrip·
1142 2794 1265 2825 viribus
1301 2803 1464 2833 magnum
1502 2791 1646 2833 pondus,
1678 2800 1838 2832 magnam

400 2832 442 2870 ti,
458 2837 531 2863 tum
556 2832 770 2871 Gronovimss,
794 2840 866 2865 tum
892 2837 1009 2873 nostri,
1030 2847 1098 2867 nna
1141 2837 1365 2868 accessionem
1383 2842 1469 2868 esset
1486 2836 1688 2877 adjeeturus.

401 2885 479 2906 voce
502 2876 667 2907 auctiores
690 2883 788 2909 sunt:
822 2881 927 2919 ipsum
951 2881 1094 2911 missum.

1970 2727 1991 2871 ἐ

1962 2874 1987 2927 sl

1952 2923 1989 3025 ll

1957 3031 1991 3250 l
