1969 3239
542 133 545 136 ⁴
570 133 692 172 LIB.
720 132 786 171 VI.
823 132 952 170 CAP.
980 131 1108 169 XLII.
1518 135 1596 172 395

153 231 294 284 (ralia,
325 231 452 284 Deos,
489 232 749 289 Deorumqne
780 246 931 282 curam,
960 231 1106 286 quibus
1138 228 1253 285 nefas
1282 237 1351 271 est.
1382 245 1461 271 non
1492 229 1598 284 leges
1612 239 1653 269 U.
1671 237 1708 268 C.
1723 240 1796 271 387.

154 290 365 345 auspicato
391 289 605 347 ferantur,
627 305 706 332 non
733 289 994 345 magistratus
1024 294 1236 328 creentur:
1266 301 1333 328 nec
1364 287 1598 327 centuriatis
1611 284 1649 314 A.
1665 282 1701 313 C‘
1717 282 1791 313 365.

153 351 188 376 ⁵⁶
204 361 270 387 nec
293 347 487 388 curiatiso
507 348 678 388 comiciis
699 345 850 387 Patres
869 344 1182 400 auctoresfiant.
1243 343 1403 384 Sextius
1421 350 1459 383 et
1483 343 1599 384 Lici-

154 403 257 454 nius,
279 410 485 460 tamquam
507 403 704 445 Romulus
733 413 789 443 ac*
813 401 968 454 Tatius,
990 402 1035 442 in
1064 400 1161 442 urbe
1198 399 1389 442 Romana
1422 408 1599 456 regnent,

154 460 250 515 quia
264 461 456 515 pecunias
473 460 642 511 alienas,
663 459 760 516 quia
798 473 917 515 agros
949 459 1052 499 dono
1088 457 1201 498 dant.
1264 456 1398 497 Tanta
1435 456 1599 497 dulcedo

157 523 213 556 est
231 531 279 557 ex
297 516 443 558 alienis
457 517 647 573 jbrtunis
673 515 921 572 praedandi:
952 530 1020 556 nec
1051 515 1096 555 in
1128 520 1295 555 mentem
1329 513 1451 563 venit,
1472 513 1601 554 altera

158 573 244 629 lege
263 574 494 614 solitudines
514 581 649 614 vastas
677 575 721 614 in
753 574 861 629 agris
876 572 978 627 fieri
1006 571 1188 628 pellendo
1206 570 1367 624 finibus
1397 569 1600 611 dominos:

155 631 287 671 altera
305 630 435 685 fidem
456 629 664 687 abrogari,
686 645 775 671 cum
793 643 874 685 qua
894 629 1020 670 omnis
1042 628 1219 668 humana
1238 627 1403 668 societas
1426 626 1600 668 tollitur.

155 685 349 728 Omnium
371 701 501 728 rerum
523 702 660 728 caussa
682 687 797 728 vohis
810 685 1085 742 antiquandas
1104 699 1236 726 censeo
1249 685 1346 725 istas
1359 684 1601 740 rogationes.

158 743 454 800 Quodfaxitis,
479 742 588 788 Deos
609 743 727 786 velim
734 742 973 799 fortunare.

215 800 364 842 XLII.
397 800 549 841 Oratio
571 800 704 857 Appii
727 801 780 842 ad
804 800 844 841 id
869 800 996 841 modo
1019 798 1167 850 valuit,
1190 806 1239 839 ut
1273 806 1441 854 tempus
1474 812 1600 854 roga·

154 855 322 898 tionum
354 857 642 912 jubendarurn
679 858 952 913 proferretur.
1014 855 1182 897 Refecti
1219 855 1432 896 decimum
1469 856 1597 899 iidem
1611 870 1783 899 Decemviri

156 913 330 965 tribuni,
362 914 535 955 Sextius
569 924 611 955 et
645 914 848 965 Licinius,
881 914 934 954 de
964 912 1216 954 decemviris
1250 924 1466 953 sacrorum
1498 919 1812 952 wexsacrorumex

155 980 276 1027 parte
295 971 348 1012 de
369 971 493 1026 plebe
513 972 706 1012 creandis
728 972 864 1027 legem
892 970 1114 1026 pertulere.
1137 970 1266 1009 creati
1303 970 1494 1024 quinque
1517 968 1598 1009 Pa-
1610 956 1759 1029 {¹4:³3ngss
1773 967 1811 985 ‘x

154 1037 284 1079 trum,
304 1028 494 1083 quinque
518 1028 677 1083 plebis:
710 1029 928 1084 graduque
950 1042 1000 1068 eo
1015 1028 1108 1082 jam
1132 1027 1200 1067 via
1222 1026 1336 1067 facta
1357 1026 1409 1066 ad
1444 1040 1599 1066 consu-
1758 1023 1766 1030 ”

153 1084 285 1125 latum
311 1085 548 1126 videbatur.
611 1085 707 1126 Hac
731 1086 911 1126 victoria
946 1093 1149 1126 contenta
1172 1083 1315 1138 plebes
1352 1083 1479 1123 cessit
1516 1081 1598 1123 Pa-

154 1141 306 1192 tribus,
330 1151 391 1192 ut,
414 1143 456 1182 in
483 1143 708 1197 praesentia
731 1142 954 1183 consulum
987 1143 1205 1182 mentione
1242 1140 1413 1189 omissa,
1435 1139 1597 1180 tribuni

155 1198 344 1240 militum
366 1209 622 1241 crearentur.
641 1199 770 1240 creati
794 1199 848 1239 A.
863 1208 906 1239 et
928 1198 995 1238 M.
1022 1198 1210 1238 Cornelii
1234 1198 1403 1248 iterum,
1419 1196 1486 1237 M.
1509 1196 1597 1237 Ge·
1611 1201 1652 1231 U.
1669 1200 1705 1232 C.
1722 1203 1796 1253 38'8-

154 1255 321 1310 gamus,
365 1255 415 1296 P.
469 1256 674 1307 Manlius,
720 1256 767 1297 L.
807 1255 1022 1307 Veturius,
1075 1255 1124 1295 P.
1166 1253 1359 1294 Valerius
1413 1245 1799 1317 sextum-,Q'gfiffl'

150 1312 302 1358 Quum
342 1322 498 1367 praeter
539 1313 796 1354 Velitrarum
841 1313 1125 1362 obsidionem,
1167 1311 1275 1351 tardi
1327 1310 1464 1365 magis
1508 1324 1594 1351 rem
1611 1310 1776 1366 Cssmemg,

149 1369 310 1420 exitus,
341 1384 468 1424 quam
502 1369 636 1420 dubii,
668 1371 823 1424 quietae
861 1380 1050 1410 externae
1084 1383 1146 1409 res
1183 1368 1390 1408 Romanis
1427 1375 1810 1419 essent;&c.'rr.Mil.

153 1425 268 1466 fama
289 1440 439 1480 repens
472 1426 570 1466 belli
605 1426 760 1467 Gallici
795 1426 948 1476 adlata,
974 1425 1158 1480 perpulit
1188 1426 1425 1473 civitatem,
1448 1433 1493 1466 ut
1525 1423 1594 1465 M.

154 1481 305 1523 Furius
325 1483 508 1523 dictator
529 1483 726 1537 quintum
749 1484 974 1524 diceretur.
999 1483 1030 1523 is
1053 1482 1102 1523 T.
1119 1483 1373 1528 Quinctium
1399 1481 1592 1521 Pennum
1609 1491 1758 1521 Camillus

149 1539 403 1596 magistrum
439 1541 631 1594 equitum
663 1540 788 1581 dixit.
852 1539 1062 1580 Bellatum
1095 1554 1192 1580 cum
1225 1538 1360 1579 Gallis
1391 1552 1441 1578 eo
1480 1553 1592 1579 anno
1607 1536 1808 1567 V·D²⁴⁶¹²¹‘⁰⁸'·

147 1596 266 1646 circa
293 1596 505 1646 Anienem
536 1597 711 1647 flumen,
732 1601 763 1623 ⁷⁸
777 1607 927 1638 auctor
959 1606 1022 1637 est
1055 1595 1285 1646 Claudius3
1318 1594 1593 1650 inclitamque

150 1653 195 1693 in
220 1664 352 1708 ponte
374 1668 579 1709 pugnam,
601 1668 686 1708 qua
705 1653 756 1695 T.
781 1653 970 1694 Manlius
997 1653 1184 1703 Gallum,
1204 1667 1302 1693 cum
1334 1667 1419 1706 quo
1443 1653 1726 1707 provo-Iffellfffln

149 1719 273 1763 catus
311 1724 462 1765 manus
500 1711 730 1763 conseruit,
761 1711 805 1752 in
842 1721 1076 1766 conspectu
1111 1710 1292 1751 duorum
1328 1697 1769 1750 exercituumoalhcum.

152 1781 312 1808 caesum
335 1776 486 1822 torque
505 1767 718 1822 spoliavit,
733 1777 823 1808 tum
846 1775 1094 1823 pugnatam.
1128 1766 1326 1807 Pluribus
1349 1766 1596 1806 auctoribus

152 1824 291 1879 magis
311 1824 515 1874 adducor,
530 1832 576 1866 ut
597 1825 782 1876 credam,
804 1825 952 1866 decem
975 1824 1088 1865 haud
1110 1825 1250 1864 minus
1274 1831 1371 1878 post
1392 1837 1524 1863 annos
1546 1837 1599 1864 ea

154 1890 274 1922 acta:
306 1880 388 1922 hoc
409 1891 551 1921 autem
573 1896 687 1933 anno
711 1882 755 1921 in
777 1881 946 1922 Albano
968 1896 1071 1937 agro
1093 1895 1189 1921 cum
1215 1880 1365 1930 Gallis,
1389 1879 1597 1920 dictatore

156 1936 223 1977 Μ.
246 1937 392 1989 Furio,
414 1938 536 1994 signa
557 1938 741 1992 conlata.
792 1939 886 1979 Nec
908 1938 1052 1988 dubia,
1074 1951 1153 1978 nec
1175 1936 1360 1978 difficilis
1384 1936 1593 1977 Romanis
1605 1938 1780 1988 Vincuntur

150 1998 430 2050 (quamquam
473 1995 691 2050 ingentem
733 1994 848 2037 Galli
890 2005 1093 2035 terrorem
1144 1993 1350 2035 memoria
1404 1983 1698 2048 pristinaeGalh·

154 2050 286 2092 cladis
316 2051 579 2102 adtulerant)
603 2052 783 2093 victoria
811 2051 906 2093 fuit.
928 2052 1061 2093 multa
1083 2050 1216 2091 millia
1244 2051 1519 2091 barbarorum
1552 2051 1596 2092 in

152 2108 262 2158 acie,
284 2107 418 2149 multa
437 2109 573 2163 captis
605 2109 750 2149 castris
773 2123 907 2150 caesa:
942 2108 1069 2165 palati
1091 2107 1160 2148 alii
1182 2107 1385 2163 Apuliam
1408 2107 1595 2148 maxime

154 2173 363 2220 petentes,
384 2179 514 2219 quum
538 2169 569 2191 ⁷⁹
583 2160 686 2220 fu‘ga
716 2180 760 2206 se
791 2165 1041 2221 longinqua,
1064 2174 1154 2205 tum
1186 2164 1301 2219 quod
1333 2164 1489 2219 passim
1522 2179 1594 2205 eos

150 2225 184 2246 ⁸⁰
198 2221 322 2262 simul
356 2236 488 2277 pavor
521 2232 736 2277 terrorque
776 2222 1042 2273 distulerant,
1076 2223 1130 2262 ab
1173 2221 1296 2262 hoste
1338 2235 1428 2261 sese
1465 2222 1592 2262 tutati

149 2289 264 2320 sunt.
325 2277 552 2329 Dictatori,
593 2293 802 2320 consensu
848 2279 1024 2320 Patrum
1076 2278 1312 2334 plebisque,
1354 2278 1593 2334 triumphus

662 2391 678 2405 ⁰
699 2396 753 2416 nec
766 2388 896 2416 curiatis
910 2386 971 2416 del.
987 2387 1083 2415 Gron.

192 2478 235 2512 76
260 2477 333 2508 Nec
359 2475 513 2515 etwinus]
539 2476 610 2505 Has
641 2485 748 2514 voces,
778 2486 851 2515 quae
894 2476 982 2509 VIII.
1002 2479 1050 2510 19.

148 2524 283 2551 exstant
319 2521 353 2550 in
383 2525 464 2550 vett.
493 2519 603 2556 editis,
634 2523 667 2549 et
696 2521 730 2549 in
759 2520 852 2550 MSS.
938 2524 979 2554 79
1004 2519 1099 2558 Fuga
1124 2529 1156 2548 se
1183 2521 1358 2559 longinqua
1381 2540 1410 2548 ..
1426 2542 1432 2548 .
1449 2519 1489 2549 ab
1511 2519 1596 2549 hoste

148 2564 288 2594 flearnii
316 2568 352 2593 et
377 2564 510 2600 nostris,
537 2562 702 2592 omittunt
727 2562 853 2592 Grono-
894 2572 959 2592 sese
981 2564 1081 2592 tutati
1101 2563 1192 2602 sunt]
1217 2563 1321 2592 Vacat
1347 2569 1405 2592 aut
1434 2564 1523 2602 prius
1549 2573 1594 2598 se,

148 2608 253 2637 vianae
269 2607 444 2645 editiones,
456 2615 644 2647 operarum,
659 2612 696 2635 ut
709 2606 852 2644 videtur,
897 2613 956 2636 aut
972 2606 1133 2644 posterius
1148 2617 1222 2636 sese.
1270 2605 1341 2635 Hoc
1358 2606 1469 2645 potius
1493 2605 1596 2636 deleri

148 2651 288 2689 incuria.
895 2649 1015 2689 placet.

192 2697 230 2727 77
260 2694 318 2724 Ex
334 2694 448 2732 parte]
480 2693 639 2724 Dimidia.
685 2691 760 2721 vid.
778 2696 849 2722 not.
938 2696 978 2722 80
1002 2691 1112 2721 Simul
1135 2701 1240 2732 panor
1262 2693 1444 2731 terrorque]
1470 2692 1594 2728 Pavor,

149 2739 201 2766 81.
218 2737 258 2766 ad
276 2737 318 2767 ΙΙ.
339 2740 387 2768 13.
892 2735 948 2773 qui
978 2735 1142 2765 insidebat
1168 2736 1286 2765 menti.
1327 2735 1463 2772 Terror,
1497 2735 1551 2773 qui
1576 2744 1595 2764 a

190 2782 230 2813 78
255 2780 376 2810 Auctor
405 2785 451 2810 est
486 2779 653 2818 Claudius]
689 2778 847 2808 Claudius
892 2778 982 2807 novis
1007 2778 1145 2808 subinde
1170 2779 1419 2810 occurrentibus
1447 2778 1594 2808 hostibus

145 2822 395 2862 Quadrigarius,
408 2829 447 2853 ut
463 2823 591 2863 patebit
607 2833 645 2852 ex
663 2825 792 2852 not.53.
806 2821 848 2850 ad
891 2821 1073 2852 accidebat.

147 2865 221 2897 VH.
253 2869 300 2897 10.
328 2866 426 2896 iufra.
473 2867 524 2897 De
555 2866 612 2896 illo
643 2875 778 2905 agemus
809 2864 850 2894 ad
