1925 3239
303 125 380 158 482
900 123 1051 162 TITI
1088 124 1257 162 LIVII

96 222 284 278 U·C·4“-'})·
308 218 518 262 libertatis
559 221 720 262 factum
761 233 840 273 est,
870 224 900 248 ⁶³
919 225 1031 279 quod
1071 226 1211 266 nectiy
1251 225 1490 267 desierunt:
1533 234 1742 266 mutatum

98 268 137 297 A.
154 266 282 297 (2323.
312 287 454 317 autem
479 277 552 332 jus
573 279 630 318 ob
654 280 776 319 unius
797 279 1064 321 foeneratoris
1087 282 1210 322 simul
1241 281 1476 332 libidinem,
1498 282 1623 322 simul
1654 295 1748 322 crn-

99 331 276 400 fap'fflto,
313 333 530 374 delitatem
561 334 787 389 insignem.
849 336 896 376 L.
930 337 1124 392 Papirius
1156 339 1189 378 is
1222 339 1329 379 fuit:
1362 340 1428 379 cui
1456 353 1590 393 quum
1622 351 1665 377 se
1697 336 1748 378 C.

103 380 526 445 fffiffi‘fib52¹g.Publilius
550 391 606 431 ob
629 406 686 431 aes
708 392 891 432 alienum
922 404 1144 447 paternum
1175 409 1331 435 nexum
1363 394 1574 443 dedisset3
1606 394 1746 447 64quae

314 457 418 487 aetas
450 445 670 501 formaque
701 448 1031 490 misericordiam
1062 451 1211 490 elicere
1243 451 1422 506 poterat,
1445 452 1495 490 ad
1529 450 1748 490 libidinem

314 504 703 543 et‘·*contumelian1
744 505 932 545 animuin
977 507 1285 548 accenderunt:
1328 517 1384 557 et,
1423 508 1568 546 florem
1611 505 1750 546 aetatis

313 558 407 613 ejus
430 558 613 599 fructum
637 560 925 601 adventicium
947 563 1096 602 crediti
1118 574 1248 613 ratus,
1270 566 1407 618 primo
1431 562 1628 618 perlicere
1649 562 1752 602 ado-

314 614 542 656 lescentem
567 630 759 655 sermone
793 616 954 658 incesto
986 627 1050 658 est
1081 629 1285 660 conatus:
1318 620 1432 670 dein,
1453 629 1677 674 postquam
1708 631 1753 656 a-

315 673 624 726 spernabantur
646 671 857 726 flagitium
879 689 1019 724 aures,
1036 676 1160 716 minis
1193 677 1397 726 territare,
1426 686 1554 730 atque
1586 674 1753 715 idemti-

314 728 412 768 dem
434 728 661 768 admonere
692 727 904 771 fortunae:
939 741 1168 784 postremo,
1189 746 1321 787 quum
1354 731 1634 786 ingenuitatis
1666 744 1754 770 ma-

315 783 398 840 gis,
420 798 547 838 quam
581 785 801 838 praesentis
832 787 1108 837 conditionis,
1131 803 1358 828 memorem
1391 788 1568 837 videret,
1599 786 1752 827 nudari

309 841 455 895 jubet,
477 841 734 894 verberaque
755 841 925 883 adferri.
988 844 1161 888 Quibus
1182 845 1386 885 laceratus
1410 845 1600 899 juvenis,
1622 856 1753 897 quum

317 911 362 936 se
384 896 424 936 in
448 896 667 951 publicum
693 897 983 953 proripuisset,
1006 899 1229 941 libidinem
1251 901 1629 954 crudelitatemque
1651 913 1753 939 con-

317 967 497 1007 querens
535 953 835 1004 foeneratori33
879 955 1028 1010 ingens
1070 956 1133 996 vis
1173 956 1410 1007 hominum,
1440 971 1570 1011 quum
1615 955 1754 995 aetatis

317 1009 592 1050 miseratione
635 1019 763 1064 atque
803 1010 1059 1065 indignitate
1100 1012 1268 1067 injuriae
1312 1027 1503 1064 accensa,
1535 1023 1625 1053 tum
1666 1026 1752 1053 suae

318 1066 578 1106 conditionis
618 1065 882 1121 liberumque
922 1082 1093 1109 suorum
1124 1078 1318 1125 respectu
1350 1070 1392 1110 iu
1424 1069 1588 1119 forum;
1627 1076 1756 1122 atque

320 1121 434 1172 inde,
457 1123 628 1177 agmine
650 1121 780 1173 facm,
803 1123 854 1163 ad
877 1125 1037 1165 curiam
1060 1126 1291 1168 concurrit.
1313 1134 1355 1166 et
1385 1140 1515 1180 quum
1546 1124 1755 1174 consules,

320 1178 504 1219 tumultu
537 1179 758 1233 repentino
789 1181 942 1230 coacti,
973 1191 1163 1222 senatum
1197 1191 1412 1232 vocarent,
1440 1181 1754 1222 introeuntibus

319 1234 363 1274 in
386 1235 546 1275 curiam
570 1234 768 1275 Patribus
790 1234 1016 1278 laceratum
1032 1237 1204 1291 juvenis
1228 1249 1410 1294 tergum,
1427 1238 1755 1293 procumbentes

319 1291 373 1330 ad
396 1291 658 1346 singulorum
683 1291 823 1346 pedes,
845 1294 1147 1334 ostentabant-
1192 1295 1362 1335 Victum
1386 1309 1436 1334 eo
1458 1295 1526 1334 die
1547 1294 1604 1333 ob
1633 1294 1756 1348 inpo-

321 1354 478 1387 tentem
502 1347 701 1402 injuriam
727 1349 849 1388 unius
871 1349 1019 1405 ingens
1045 1350 1258 1399 vinculum
1281 1350 1403 1391 fidei:
1431 1350 1624 1405 jussique
1646 1363 1750 1390 con·

321 1403 429 1443 sules
451 1403 558 1444 ferre
580 1404 630 1444 ad
657 1404 875 1459 populum,
897 1420 949 1446 ne
970 1407 1079 1460 quiS,
1102 1407 1181 1447 nisi
1216 1407 1287 1462 qui
1322 1402 1479 1447 noxam
1517 1405 1755 1455 meruisset,

320 1459 456 1500 donec
478 1474 652 1514 poenam
673 1460 820 1510 lueret,
842 1462 882 1502 in
907 1463 1185 1517 compedibus
1208 1473 1281 1504 aut
1303 1463 1346 1503 in
1369 1477 1497 1503 nervo
1521 1471 1753 1503 teneretur:

322 1517 515 1570 pecuniae
540 1516 713 1558 creditae
738 1517 851 1558 bona
873 1519 1092 1569 debitoris,
1117 1534 1200 1559 non
1232 1534 1401 1575 corpus,
1423 1518 1659 1560 obnoxium
1689 1532 1754 1558 es-

103 1593 185 1624 Nexi
203 1586 309 1628 susus„
323 1581 402 1613 set.
463 1572 531 1614 Ita
562 1573 660 1614 nexi
692 1573 844 1626 soluti3
874 1578 904 1600 ‘⁵³
918 1587 1175 1631 cautumque
1205 1577 1247 1617 in
1278 1587 1510 1632 posterum,
1533 1589 1584 1616 ne
1614 1582 1757 1616 necte·

107 1639 295 1673 cautumque
325 1643 397 1670 ten
405 1639 446 1669 tu
453 1643 484 1669 r,

107 1687 146 1707 ne
162 1681 266 1707 necte-

108 1726 229 1751 rentur.
383 1684 574 1727 XXIX.
607 1685 770 1728 Eodem
802 1701 930 1737 anno,
950 1702 1080 1743 quum
1103 1688 1202 1728 satis
1237 1703 1310 1744 per
1339 1703 1382 1729 se
1413 1688 1552 1743 ipsum
1587 1686 1754 1728 Samni-

325 1741 431 1782 tium
457 1742 610 1782 bellum
629 1751 673 1783 et
693 1742 878 1784 defectio
899 1758 1049 1800 repens
1074 1745 1356 1796 Lucanorum,
1379 1756 1657 1799 auctoresque
1684 1743 1757 1784 de-

322 1797 522 1840 fectionis
544 1798 761 1840 Tarentini
785 1800 987 1842 sollicitos
1010 1802 1215 1842 haberent
1238 1801 1400 1851 Patres,
1421 1800 1616 1850 accessit,
1636 1810 1683 1840 ut
1713 1809 1756 1840 et

323 1854 524 1896 Vestinus
567 1856 747 1910 populus
788 1856 1050 1898 Samnitibus
1089 1872 1178 1899 sese
1217 1857 1512 1913 conjungeret.
1553 1871 1650 1911 quae
1691 1870 1755 1897 res

321 1912 434 1952 sicut
466 1926 517 1953 eo
549 1926 661 1952 anno
683 1913 946 1955 sermonibus
976 1914 1112 1969 magis
1145 1915 1299 1970 passim
1330 1914 1550 1955 hominum
1577 1915 1755 1967 jactata,

321 1982 450 2023 quam
472 1969 514 2009 in
539 1968 709 2022 publico
734 1969 816 2009 ullo
837 1970 1020 2012 concilio
1042 1981 1130 2022 est3
1160 1972 1218 2011 ita
1240 1971 1499 2025 insequentis
1520 1969 1620 2010 anni
1651 1982 1755 2009 con-

111 2034 153 2066 U.
171 2035 207 2066 C.
223 2038 296 2067 430.
322 2025 495 2075 sulibus,
534 2025 582 2065 L.
618 2025 747 2066 Furio
781 2025 963 2068 Camillo
998 2027 1164 2078 iterum,
1196 2027 1372 2069 ⁶⁶Junio
1406 2026 1542 2066 Bruto
1576 2025 1769 2075 Scaevae,-

107 2078 298 2153 ἓξᾲτξὲῖὶ
323 2081 436 2123 nulla
457 2082 573 2137 prior
596 2082 821 2137 potiorque
845 2082 933 2123 visa
952 2094 1030 2134 est,
1053 2084 1105 2125 de
1126 2098 1210 2138 qua
1229 2084 1281 2124 ad
1312 2092 1503 2123 senatum
1534 2080 1754 2122 referrent.

109 2165 149 2194 D.
164 2166 261 2195 Junio
301 2144 378 2189 'et,
400 2152 655 2193 quamquam
678 2139 708 2164 ⁶⁷
725 2153 834 2179 nova
853 2153 917 2180 res
939 2149 1042 2190 erat,
1064 2150 1202 2180 tamen
1235 2150 1353 2180 tanta
1383 2154 1482 2180 cura
1514 2138 1660 2178 Patres
1691 2137 1756 2177 in·-

108 2208 194 2238 Coss.
323 2196 463 2245 cessit,
487 2205 533 2235 ut
555 2195 709 2249 pariter
729 2209 821 2235 eam
845 2206 1084 2251 susceptam
1108 2196 1431 2251 neglectamque
1455 2196 1675 2235 timerent:
1701 2206 1754 2233 ne

322 2261 396 2293 aut
415 2251 631 2306 inpunitas
660 2265 804 2292 eorum
839 2251 1012 2293 lascivia
1043 2253 1339 2308 superbiaque,
1362 2262 1434 2292 aut
1469 2251 1576 2292 bello
1611 2263 1753 2306 poenae

862 2348 875 2368 r
899 2343 999 2381 ligari
1014 2343 1085 2372 nexi
1100 2343 1195 2371 Gron.

364 2416 404 2446 63
428 2415 524 2456 ‚Quod
546 2417 628 2445 necti
654 2415 833 2454 desim-unc]
859 2416 955 2454 Quod
979 2416 1012 2445 in
1058 2416 1203 2447 Audi-vas
1221 2421 1253 2447 ct
1271 2417 1470 2457 Campanus.
1515 2415 1648 2454 Vulgati
1665 2417 1752 2453 pote-

319 2459 513 2489 scrvitutem
529 2457 597 2487 ilari
615 2459 829 2488 creditoribus
851 2459 1013 2488 debitores
1057 2465 1131 2490 rat.-
1155 2460 1280 2490 vitiose.

321 2502 502 2531 desierunt.
521 2501 828 2539 Sigoniusjusserat
845 2501 921 2540 legi,
934 2502 1016 2541 qnod
1103 2503 1142 2533 (35
1171 2504 1372 2542 (initumque
1386 2503 1418 2530 in
1430 2506 1604 2540 posu-rum,
1620 2510 1658 2529 me
1681 2509 1753 2528 ucc-

322 2545 423 2583 lig-ari
453 2545 526 2574 nexi
550 2544 724 2580 desierunt,
748 2545 843 2582 eique
869 2545 1015 2574 obsecuti
1060 2544 1220 2583 ceremur]
1258 2546 1291 2574 ld
1315 2552 1425 2575 tamen
1446 2545 1502 2581 jus
1527 2552 1590 2572 non
1615 2541 1751 2571 omnino

322 2588 454 2617 fffl's'dm
478 2587 624 2626 Plerique
649 2587 804 2621 editores·
833 2597 935 2625 quum
962 2588 1017 2617 ab·
1060 2599 1118 2628 pro
1136 2589 1231 2618 firmo
1256 2589 1362 2618 stetit.
1408 2587 1576 2626 Siquidem
1592 2595 1674 2624 opus
1691 2584 1755 2614 fuit

320 2630 420 2660 surda
436 2634 522 2659 esset
539 2629 608 2659 haec
624 2630 823 2660 emendatio.
846 2630 911 2669 Qui
927 2631 1017 2660 enini
1061 2642 1133 2661 cani
1150 2632 1256 2670 legem
1280 2631 1426 2661 renovari
1450 2629 1668 2668 quadraginta
1683 2627 1750 2658 sere

319 2675 395 2703 nexi
411 2676 501 2709 sunt,
514 2682 568 2702 eos
585 2676 672 2701 certo
691 2673 851 2711 nihiljam
869 2683 951 2712 opus
968 2679 1018 2703 est
1063 2680 1135 2714 post
1152 2675 1259 2710 annis,
1275 2677 1347 2703 tum
1363 2682 1465 2713 quum
1483 2672 1593 2713 plebes
1608 2672 1642 2700 in
1657 2670 1752 2700 dani·

320 2717 432 2754 ligari.
477 2715 697 2745 Restituimus
723 2721 868 2745 veterem
902 2716 1015 2745 lectio·
1062 2717 1175 2748 culum
1192 2717 1336 2746 secessit.

321 2767 410 2794 neni,
427 2767 525 2796 quam
551 2763 692 2788 tuentur
714 2765 857 2797 quatuor
883 2768 900 2788 e
923 2758 1017 2790 MSS.
1105 2761 1147 2790 66
1170 2759 1284 2800 Junio]
1311 2759 1397 2797 Lege
1415 2757 1460 2788 D.
1477 2758 1591 2788 dimio.

319 2801 441 2831 flustris
457 2800 506 2829 vel
523 2800 653 2839 Optimi·
1106 2802 1176 2836 67*
1188 2801 1298 2842 AVomr]
1317 2802 1461 2832 Recens:
1477 2811 1517 2830 ex
1533 2810 1598 2839 qua.
1614 2797 1746 2839 proinde

361 2844 402 2875 64
440 2844 523 2884 ‚Qnoe
552 2847 630 2873 oetas
661 2864 690 2874 ..
704 2863 734 2876 ..
768 2844 932 2887 poterant]
965 2845 1019 2876 Sic
1065 2845 1230 2878 nihildum
1246 2850 1419 2886 acceptum
1435 2844 1543 2876 fuerat
1558 2842 1679 2875 damni.

1891 401 1914 613 [Νι-θεῖτ’
