1969 3239
539 196 541 200 .
589 139 714 178 Lm.
743 139 810 178 iv.
843 138 978 176 CAP.
1006 137 1149 175 xxm.
1214 110 1218 113 ’
1504 142 1578 181 275

152 234 338 280 Romam
372 245 436 280 est
477 237 679 279 adlatum.
737 236 976 291 AEquorum
1009 235 1102 290 jam
1135 235 1251 276 velut
1284 236 1579 279 anniversariis

150 296 278 335 annis
301 295 496 335 adsuerat
516 295 681 335 civitas.
732 293 912 334 Lavicos
935 292 1064 347 legati
1085 293 1201 333 missi
1223 307 1354 347 quum
1381 308 1579 349 respousa

150 350 250 392 inde
270 352 509 392 retulissent
538 351 681 400 dubia,
703 351 872 404 quibus,
897 363 973 390 nec
1008 359 1095 389 tum
1132 350 1286 390 bellum
1318 351 1468 404 parari,
1499 366 1578 392 nec

149 407 392 448 diuturnam
420 423 565 463 pacem
587 407 689 456 fore,
711 407 955 461 adpareret:
987 405 1237 446 Tusculanis
1263 407 1482 461 negotium
1505 410 1578 448 da-

152 474 258 514 tum,
268 464 518 506 adverterent
532 465 703 512 (mimos,
716 478 763 504 ne
781 462 882 517 qnid
897 462 989 503 nori
1004 463 1200 503 tumultus
1214 462 1379 504 Lavit-is
1390 464 1577 505 oriretur.

149 519 218 561 Ad
232 521 602 576 insequentisanni
625 521 816 561 tribunos
832 519 1010 559 militurn
1032 519 1239 559 consulari
1261 529 1484 575 potestate,
1500 522 1577 562 ini-

153 587 197 618 to
217 579 480 634 magistratu,
499 578 625 632 legati
651 578 703 617 ab
724 575 911 616 Tusculo
932 587 1152 626 venerunt,
1175 577 1222 617 L.
1237 576 1430 632 Sergium
1457 577 1578 619 Fide·
1593 583 1632 614 U.
1653 585 1689 614 C.
1708 587 1780 618 337.

150 644 309 684 natent,
343 633 409 674 M.
436 634 649 688 Papirium
686 633 988 687 Mugillanum,
1014 632 1062 673 C.
1091 633 1337 682 Servilium,
1362 633 1495 675 Prisci
1530 629 1775 699 fi-ss'g‘.⁴2¹⁵'

149 689 269 741 lium,
289 705 375 744 quo
396 690 603 731 dictatore
630 690 798 730 Fidenae
822 700 958 745 captae
981 689 1161 729 fuerant.
1223 690 1499 732 Nunc-iaham
1522 682 1790 744 le·11'1fest{i‘3rr.

152 748 258 801 gan,
294 747 527 787 Lavicanos
559 761 675 787 arma
702 747 877 801 cepisse,
911 758 953 787 et
985 760 1082 787 cum
1118 746 1353 800 sEquorum
1386 749 1575 789 exercitu
1593 757 1661 786 Mu.

149 803 429 858 depopulatos
451 818 598 858 agrum
622 803 907 844 Tusculanum
936 812 1074 844 castra
1107 803 1149 843 in
1178 803 1337 858 Algido
1373 807 1575 858 posuisse.
1590 800 1791 859 Beuum-»um

149 858 257 900 Tum
286 860 507 901 Lavicanis
531 860 684 901 bellum
709 861 942 901 indictum:
976 859 1175 914 factoque
1198 862 1577 912 senatusconsulto,
1592 845 1791 925 &affimat

148 926 194 957 ut
214 917 299 956 duo
319 931 373 957 ex
404 918 585 958 tribunis
608 918 659 957 ad
686 917 838 968 bellum
871 916 1254 972 proficiscerentur,
1276 932 1381 958 unus
1404 932 1466 958 res
1491 918 1580 959 Ro-

150 987 232 1014 mae
269 983 450 1023 curaret,
482 984 695 1014 certamen
736 975 878 1014 subito
916 974 1026 1013 inter
1062 973 1256 1013 tribunos
1293 984 1505 1015 exortum.
1537 989 1581 1016 se

148 1030 328 1085 quisque
352 1030 446 1071 belli
469 1031 618 1071 ducem
645 1031 854 1085 potiorem
887 1030 1009 1080 ferre,
1034 1044 1178 1070 curam
1208 1030 1339 1081 urbis,
1358 1040 1406 1071 ut
1439 1032 1581 1087 ingra-

149 1095 235 1128 tam
257 1086 591 1142 ignobilemque,
614 1089 871 1142 adspernari.
906 1088 1050 1133 Quum
1077 1101 1224 1141 parum
1247 1087 1446 1128 decorum
1471 1089 1581 1129 inter

145 1143 335 1198 collegas
358 1156 570 1185 certamen
595 1144 833 1185 mirabundi
859 1144 1004 1184 Patres
1026 1144 1338 1199 conspicerent,
1363 1145 1420 1191 Q.
1440 1144 1580 1186 Servi-

148 1199 244 1250 lius,
271 1199 444 1254 Quando
466 1216 532 1241 uec
555 1200 706 1241 ordinis
726 1201 844 1256 liujus
866 1201 963 1250 ulla,
996 1201 1149 1254 inquit,
1171 1214 1236 1240 nec
1268 1200 1496 1255 reipublicae
1526 1209 1579 1243 est
1593 1201 1751 1254 Discordia

148 1258 400 1308 verecundia,
413 1258 556 1312 patria
582 1258 767 1313 majestas
798 1257 1095 1298 altercationem
1124 1257 1239 1297 istam
1268 1257 1441 1298 dirimet.
1459 1259 1580 1312 filius
1592 1246 1645 1275 Tr.
1658 1246 1726 1274 Mnl.

147 1327 255 1354 meus
274 1321 386 1354 extra
406 1322 547 1367 sortem
567 1315 660 1354 urbi
675 1315 850 1369 prccerit.
903 1313 1066 1354 Bellum
1087 1313 1258 1363 utinam,
1280 1315 1351 1369 qui
1371 1315 1578 1370 adpetunt,

149 1370 434 1411 consideratius
454 1370 775 1426 concordiusque,
797 1386 916 1426 quam
939 1370 1117 1425 cupiunt,
1136 1377 1299 1425 gerant.

208 1426 377 1468 XLVI.
409 1427 634 1468 Deiectum
666 1428 810 1468 haberi
832 1442 914 1467 non
940 1442 993 1467 ex
1016 1437 1107 1467 toto
1131 1428 1287 1481 passim
1313 1427 1471 1482 populo
1490 1429 1580 1484 pla-

147 1483 254 1524 cuit.
276 1484 424 1525 decem
446 1485 581 1524 tribus
603 1495 716 1524 sorte
746 1485 886 1524 (luctae
911 1492 1034 1533 sunt3
1065 1498 1117 1523 ex
1152 1483 1215 1523 his
1240 1485 1416 1538 scriptos
1433 1486 1580 1539 junio-

148 1554 212 1581 res
234 1540 320 1581 duo
343 1541 501 1581 tribuni
526 1541 576 1581 ad
604 1540 754 1582 bellum
776 1542 948 1581 duxere.
1010 1540 1170 1594 Coepta
1187 1540 1296 1580 inter
1316 1554 1387 1580 eos
1411 1542 1454 1581 in
1478 1543 1580 1583 urbe

145 1597 643 1653 certamina,cupiditate
659 1598 804 1638 eadem
829 1597 1160 1652 irnpe1·ii,1nulto
1184 1597 1401 1651 inpensius
1422 1598 1465 1638 in
1489 1613 1582 1639 cas-

149 1655 224 1694 tris
257 1654 458 1695 accendi:
503 1654 609 1694 nihil
645 1656 800 1694 sentire
843 1654 969 1703 idem,
1005 1668 1080 1708 pro
1119 1655 1329 1694 sententia
1363 1668 1578 1709 pugnare:

148 1725 226 1751 sua
245 1710 424 1751 consilia
445 1710 565 1760 velle,
589 1725 664 1751 sua
685 1711 864 1765 imperia
899 1710 988 1750 sola
1023 1718 1113 1750 rata
1144 1724 1259 1752 esse:
1308 1721 1582 1754 contemnere

148 1767 193 1808 in
218 1767 370 1818 vicem,
391 1776 434 1808 et
454 1769 687 1808 contemni.
707 1768 859 1817 donec,
881 1767 1189 1822 castigantibus
1221 1767 1386 1823 legatis,
1409 1769 1582 1810 tandem

147 1823 208 1865 ita
229 1837 521 1879 comparatum
544 1834 623 1875 est,
646 1833 693 1865 ut
713 1825 882 1865 alteruis
905 1824 1054 1864 diebus
1085 1838 1292 1864 summam
1318 1825 1484 1880 imperii
1505 1826 1582 1866 ha-

148 1881 311 1922 berent.
372 1881 482 1928 Quae
506 1896 635 1936 quum
660 1881 799 1922 adlata
831 1881 1013 1921 Romam
1049 1889 1204 1930 essent,
1226 1881 1380 1921 dicitur
1404 1882 1461 1928 Q.
1484 1882 1582 1923 Ser-

150 1938 286 1988 vilius,
307 1946 432 1980 aetate
453 1949 496 1978 et
529 1953 605 1979 usu
635 1938 802 1989 doctus,
826 1948 1020 1993 precatus
1053 1938 1107 1977 ab
1143 1936 1237 1977 Diis
1268 1938 1580 1991 inmortalibus,

143 2008 201 2038 ne
221 1995 431 2036 discordia
453 1995 715 2035 tribunorum
750 1995 993 2036 damnosior
1025 1993 1272 2050 reipublicae
1304 2005 1430 2045 esset,
1451 2010 1581 2050 quam

146 2051 201 2092 ad
224 2051 353 2092 Veios
375 2051 547 2093 fuisset:
578 2063 636 2101 et,
661 2052 776 2092 velut
795 2051 907 2092 haud
931 2052 1060 2092 dubia
1094 2050 1214 2091 clade
1243 2051 1494 2103 inminente,
1516 2053 1579 2093 in-

148 2107 307 2148 stitisse
329 2108 431 2158 filio,
454 2119 500 2150 ut
522 2108 676 2149 milites
699 2109 916 2157 scriberet,
935 2119 978 2149 et
999 2122 1116 2148 arma
1137 2117 1315 2161 pararet.
1375 2108 1469 2149 Nec
1500 2109 1580 2150 fal-

148 2178 219 2204 sus
241 2175 359 2205 vates
381 2164 477 2206 fuit.
499 2180 595 2206 nam
618 2165 750 2206 ductu
775 2165 824 2205 L.
848 2165 1000 2220 Sergii,
1022 2165 1144 2219 cujus
1166 2164 1254 2205 dies
1286 2165 1452 2220 imperii
1475 2176 1580 2216 erat,

146 2219 245 2262 loco
267 2221 414 2276 iniquo
436 2222 514 2262 sub
539 2221 724 2263 hostsum
749 2222 910 2271 castris,
933 2236 1080 2276 quum,
1104 2222 1204 2275 quia
1234 2222 1432 2263 simulato
1463 2233 1580 2263 metu

145 2288 366 2334 receperat
386 2292 430 2318 se
451 2278 584 2319 hostis
604 2279 656 2320 ad
688 2280 857 2328 vallum,
880 2293 973 2333 spes
998 2293 1104 2318 vana
1133 2279 1411 2334 expugnandi
1442 2289 1582 2320 castra

144 2348 198 2375 eo
222 2335 433 2385 traxisset,
454 2335 676 2391 repentino
698 2336 844 2391 inpetu
869 2336 1107 2390 AEquorum
1130 2338 1163 2361 ⁹⁹
1178 2349 1251 2390 per
1271 2336 1466 2391 supinam
1491 2335 1579 2376 val-

147 2389 231 2432 lem
255 2391 336 2432 fusi
363 2401 480 2442 sunt,
503 2391 712 2446 multique
741 2393 811 2433 ¹iu
846 2393 968 2433 ruina
1003 2392 1164 2446 majore
1199 2407 1325 2446 quam
1362 2392 1466 2448 fuga
1502 2393 1781 2450 0b‘Proe1i0vin-

147 2449 278 2503 pressi
309 2449 662 2503 obtruncatique:
694 2459 929 2503 castraque,
951 2463 1001 2490 eo
1032 2449 1101 2491 die
1136 2463 1251 2504 segre
1281 2458 1460 2499 retenta,
1481 2463 1716 2504 pos—cuntur.

147 2513 238 2545 tero
277 2505 359 2556 die,
397 2505 665 2546 circumfusis
696 2505 789 2559 jain
822 2520 979 2560 magna
1010 2520 1063 2546 ex
1102 2517 1221 2562 parte
1259 2505 1469 2556 hostibus,
1507 2521 1580 2561 per
1665 2517 1670 2522 “
1714 2519 1716 2522 ’

147 2575 337 2602 aversam
363 2572 524 2618 portam
561 2561 664 2617 fuga
696 2563 807 2617 turpi
839 2563 1100 2603 deseruntur.
1122 2565 1250 2605 duces
1286 2563 1513 2618 legatique,
1535 2573 1580 2604 et.

146 2618 260 2672 quod
281 2619 394 2660 circa
415 2620 538 2675 signa
561 2618 722 2660 roboris
744 2619 796 2659 de
818 2620 1008 2660 exercitu
1031 2619 1128 2672 fuit,
1147 2619 1378 2661 Tusculum
1403 2620 1575 2675 petiere.

188 2730 230 2760 99
253 2726 324 2757 Per
358 2728 507 2766 supinam
537 2728 673 2765 vallem]
711 2725 839 2765 Supina
884 2727 1002 2765 supino
1021 2736 1168 2766 cru-pore.

145 2770 242 2798 vullis
255 2777 306 2799 est
327 2770 447 2809 quibus
463 2775 515 2801 est
537 2781 556 2800 a
578 2774 685 2809 tergo,
713 2772 768 2808 qui
798 2780 838 2799 ex
932 2770 1024 2799 l*ln
1063 2772 1164 2800 ruina
1193 2768 1317 2808 majore
1345 2780 1444 2810 quam
1464 2770 1572 2810 fuga]

145 2811 232 2841 colle
259 2813 293 2842 in
319 2813 438 2843 vallem
463 2813 690 2850 retrocedunt,
703 2813 786 2842 facie
804 2813 836 2843 in
880 2812 992 2852 Quum
1011 2814 1120 2851 potius
1138 2813 1192 2843 alii
1210 2809 1308 2853 super
1331 2815 1411 2844 alios
1428 2822 1576 2851 ruerent,

147 2854 320 2886 adversum
338 2856 456 2886 collem
482 2857 620 2895 directa,
638 2866 674 2886 ac·
698 2855 836 2895 proinde
881 2865 979 2894 qnam
998 2856 1163 2895 fug-erent.

926 2904 1001 2940 Τί]
