1991 3250
387 139 465 174 396
646 133 782 171 ΤΙΤΙ
820 133 997 172 L-lVII
1050 129 1173 170 LIB.
1202 132 1267 170 Vl.
1302 133 1436 171 CAP.
1461 132 1588 170 XLII.

175 242 216 273 U.
234 242 273 274 C.
289 243 363 272 388.
387 234 598 275 decretus.
659 232 848 275 Vixdum
892 233 1161 289 perfunctum
1194 248 1290 274 eum
1333 235 1444 276 bello
1485 235 1669 277 atrocior
1707 237 1824 279 domi

170 286 211 317 Α·
229 285 266 316 C·
282 284 356 316 364.
389 290 541 331 seditio
562 290 755 345 excepit:
785 300 831 332 et
851 305 926 346 per
949 291 1142 345 ingentia
1161 291 1395 332 certamina
1414 292 1600 333 dictator
1633 303 1825 334 senatus·

173 370 362 406 Rogationes
387 361 472 402 que
486 347 699 398 victus,ut
719 347 962 403 rogationes
985 347 1226 388 tribuniciae
1248 348 1568 403 acciperentur3
1589 356 1632 389 et
1651 350 1827 391 comitia

172 404 371 444 trissunorum
387 403 610 445 consulum
642 403 818 445 adversa
855 403 1080 446 nobilitate
1113 404 1274 453 habita,
1304 405 1460 459 quibus
1497 405 1545 446 L.
1569 405 1742 446 Sextius
1775 407 1828 448 de

172 461 318 497 acceptae.
386 460 512 516 plebe
532 461 695 515 primus
716 460 866 501 consul
886 460 1042 502 factus,
1103 459 1159 501 Et
1179 475 1233 501 ue
1255 462 1288 502 is
1310 461 1482 516 quidem
1507 461 1602 502 finis
1633 463 1830 504 certami-

385 531 490 558 num
531 517 629 558 fuit.
669 517 771 573 quia
812 517 982 573 patricii
1022 521 1051 542 ⁸¹
1069 531 1114 558 se
1154 527 1349 559 auctores
1390 517 1558 559 futuros
1597 519 1833 574 negabant,

387 587 521 630 prope
542 575 823 615 secessionem
845 573 980 628 plebis
1003 586 1067 614 res
1099 574 1392 630 terribilesque
1424 574 1526 616 alias
1559 575 1695 616 minas
1725 575 1832 617 civi-

386 631 490 671 lium
513 631 794 672 certaminum
818 630 958 672 venit:
989 644 1121 685 quum
1145 640 1285 671 tamen
1312 646 1382 687 per
1402 631 1657 673 dictatorem
1685 632 1832 674 condi-

388 688 579 728 tionibus
601 687 759 728 sedatae
781 687 1006 728 discordiae
1027 696 1142 736 sunt,
1163 701 1498 744 concessumque
1519 689 1573 730 ab
1606 689 1831 730 nobilitate

388 744 500 800 plebi
525 745 576 784 de
600 743 774 784 consule
798 743 989 799 plebeio;
1018 757 1044 783 a
1066 742 1189 798 p'lebc
1211 744 1425 786 nobilitati
1448 745 1500 786 de
1524 754 1707 800 praetore
1731 759 1835 796 uno,

380 803 460 856 qui
476 801 550 856 jus
572 800 613 841 in
637 801 740 841 urbe
761 800 937 851 diceret,
957 814 1011 840 ex
1035 799 1234 841 Patribus
1255 802 1451 843 creando.
1501 801 1568 842 Ita
1590 802 1644 842 ab
1666 802 1832 843 diutina

386 859 451 899 ira
473 857 643 898 tandem
666 858 710 898 in
743 857 1018 898 concordiam
1054 857 1236 898 redactis
1271 858 1506 909 ordinibus,
1527 863 1703 913 8’ὶῳιιιιῐι
1735 859 1830 914 dig-

384 928 487 955 nam
509 928 602 955 eam
624 928 714 955 rem
736 924 907 955 senatus
927 922 1119 954 censeret
1140 927 1246 964 esse,
1264 916 1500 970 meritoque
1523 915 1581 965 id,
1603 915 1635 956 si
1659 917 1830 970 quando

388 986 593 1028 umquam
615 972 732 1022 alias,
757 969 897 1012 Deum
930 969 1219 1011 inmortalium
1254 986 1402 1013 caussa
1433 973 1613 1012 libenter
1645 971 1830 1013 facturos

387 1028 494 1078 -fore,
527 1038 578 1069 «ut
611 1032 642 1053 ss
656 1028 745 1069 ludi
781 1027 959 1069 maximi
995 1027 1161 1078 fierent,
1182 1038 1225 1068 et
1259 1028 1349 1069 dies
1387 1043 1494 1069 unus
1527 1028 1580 1070 ad
1600 1035 1632 1056 ⁸⁴
1647 1029 1832 1070 triduum

380 1085 672 1141 adjiceretur]
701 1090 733 1111 ⁸⁵
748 1084 1042 1126 recusantibus
1064 1083 1105 1124 id
1140 1098 1294 1125 munus
1327 1085 1523 1126 aedilibus
1556 1084 1708 1141 plebis,
1731 1100 1833 1126 con-

389 1143 621 1183 clamatum
652 1156 677 1182 a
714 1142 902 1197 patriciis
936 1149 1000 1182 est
1036 1140 1286 1195 juvenibus,
1320 1156 1364 1182 se
1399 1142 1443 1183 id
1479 1142 1652 1183 honoris
1689 1142 1831 1184 Deam

389 1199 679 1240 inmortalium
722 1213 871 1240 caussa
912 1198 1092 1253 libenter
1133 1206 1318 1249 actium,
1350 1199 1383 1222 ⁸⁶
1400 1209 1444 1240 ut
1485 1198 1629 1240 aediles
1670 1198 1832 1240 fierent.

392 1257 564 1302 Quibus
605 1269 738 1311 quum
781 1256 836 1296 ab
877 1255 1084 1296 universis
1122 1255 1272 1310 gratia:
1315 1263 1423 1298 actae
1473 1265 1628 1306 essent,
1669 1255 1832 1298 factum

391 1311 825 1364 senatusconsultum,
848 1322 894 1353 ut
913 1313 1000 1352 duo
1023 1311 1134 1352 viros
1156 1311 1300 1353 aediles
1329 1326 1384 1353 ex
1420 1312 1620 1354 Patribus
1652 1312 1836 1354 dictator

391 1370 599 1426 populum
622 1377 814 1426 rogaret:
849 1368 997 1410 Patres
1019 1376 1214 1410 auctores
1236 1370 1436 1411 omnibus
1457 1369 1550 1425 ejus
1571 1370 1672 1410 anni
1702 1370 1836 1411 comi-

395 1427 464 1468 tiis
483 1428 654 1468 tierent.
1489 1438 1493 1440 ’

436 1542 555 1573 81*Se
577 1545 722 1573 auctores
731 1540 889 1580 futuros]
925 1539 998 1571 vid.
1023 1544 1095 1572 not.

395 1587 446 1617 16.
467 1586 507 1615 ad
525 1587 549 1616 1.
571 1588 620 1619 17.

437 1631 477 1661 8⁶2
501 1629 617 1670 ‚Quum
642 1625 795 1667 dignam]
820 1627 934 1667 Quum
961 1626 1096 1666 dignam

396 1682 470 1703 eam
499 1682 568 1703 rem
599 1675 734 1703 senatus
765 1678 916 1701 censeret
948 1681 1032 1707 csse,
1055 1670 1097 1700 ob

394 1726 494 1755 quam
532 1715 603 1746 ludi
633 1715 771 1746 maximi
801 1716 933 1751 fierent,
962 1714 1097 1752 diesque

394 1768 482 1790 unus
499 1759 540 1790 ad
555 1759 705 1790 triduum
725 1757 918 1788 Latinarum
940 1757 1097 1796 adjicere-

394 1809 476 1842 tur;
501 1803 686 1842 meritoque
703 1801 736 1832 id
753 1804 782 1832 2.
797 1825 805 1832 .
831 1801 892 1831 sibi
920 1810 991 1831 esse
1015 1800 1096 1830 faei-

394 1847 533 1877 endum.

439 1893 479 1921 83
504 1889 594 1920 Ludi
609 1887 762 1929 maximi]
786 1888 872 1919 Ludi
889 1897 988 1927 quam
1007 1896 1095 1926 mag-

395 1933 654 1964 nificentissimi.
696 1933 749 1963 De
767 1932 815 1962 his
833 1931 918 1962 ludis
935 1931 1099 1970 accipien-

395 1977 438 2007 da
452 1976 609 2006 videntur
624 1985 697 2015 quae
713 1975 856 2016 legimus
873 1975 895 2005 l.
912 1975 984 2004 VII.
1002 1984 1030 2003 c.
1050 1977 1098 2005 15.

396 2020 486 2052 Ludi
509 2021 617 2057 votivi,
642 2029 717 2059 quos
740 2019 789 2050 M.
817 2019 940 2050 ‘Furius
963 2018 1101 2048 dictator

394 2067 537 2099 voverat,
555 2062 658 2103 facti.
702 2063 818 2101 Itaque
841 2060 1018 2092 verisimile
1048 2065 1100 2090 est

394 2107 455 2138 hos
472 2107 565 2137 ludos
582 2110 661 2147 ante
677 2106 888 2137 concordiam
907 2105 1099 2134 restitutam

398 2149 576 2181 Camillum
595 2150 744 2188 vovisse;
782 2151 860 2190 (quo
889 2150 989 2178 ctiam
1016 2153 1103 2178 tein-

397 2194 490 2234 po're,
520 2194 547 2223 si
579 2193 755 2223 Plutarcho
788 2192 966 2229 credimus,
996 2190 1101 2221 aedem

397 2236 591 2267 Concordiae
605 2236 710 2274 vovit)
728 2236 798 2274 ejus
815 2241 942 2272 votum,
961 2234 1101 2264 redactis

398 2282 433 2310 'm
463 2279 672 2310 concordiam
700 2277 882 2317 ordinibus,
912 2279 1024 2308 Patres
1050 2287 1101 2308 ra-

397 2328 472 2353 tum
490 2323 654 2354 habuisse.
700 2322 807 2353 Aliter
822 2326 936 2352 censet
957 2321 1101 2351 Gronov.

398 2377 497 2406 quem
517 2367 578 2396 vid.
598 2366 617 2397 1.
635 2367 689 2397 lv.
705 2367 840 2397 Observ.
859 2377 887 2395 c.
904 2369 954 2395 425.

442 2413 481 2441 84
523 2409 705 2448 Triduum]
750 2410 947 2440 Latinarum
966 2420 972 2437 ι
1026 2415 1100 2446 quae

397 2462 459 2482 vox
479 2453 616 2484 fortasse
634 2453 763 2484 incuria
785 2453 992 2482 librariorum
1017 2451 1104 2480 exci-

398 2496 459 2526 dit.
507 2498 664 2527 ceterum
695 2497 845 2528 triduum
878 2495 916 2525 de
949 2503 1013 2533 quo
1046 2493 1101 2524 hic

1141 1541 1213 1580 agit
1227 1540 1355 1579 Livius,
1371 1549 1438 1571 non
1454 1540 1544 1570 aliud
1568 1549 1638 1570 esse
1661 1549 1760 1579 quam
1784 1541 1844 1571 tri·

1141 1584 1244 1613 duum
1273 1583 1485 1621 Latinarum,
1508 1594 1545 1614 ex
1573 1583 1749 1614 Plutarcho
1773 1593 1846 1624 pro-

1141 1627 1252 1665 batur,
1278 1628 1334 1666 qui
1364 1628 1399 1657 in
1428 1628 1498 1658 vita
1527 1627 1620 1657 Cam.
1650 1631 1767 1657 auctor
1795 1632 1845 1657 est

1144 1679 1248 1700 unum
1265 1670 1353 1701 diem
1370 1670 1434 1700 hoc
1448 1676 1598 1710 tempore
1614 1670 1755 1708 Latinis,
1769 1680 1841 1709 quae

1141 1713 1252 1744 triduo
1268 1721 1368 1744 antea
1381 1713 1656 1751 conficiebantur,
1672 1713 1840 1752 adiectum

1141 1766 1224 1787 esse.
1245 1757 1298 1787 De
1314 1757 1444 1788 Latinis
1460 1757 1550 1787 feriis
1566 1756 1630 1787 vid.
1647 1762 1719 1787 not.
1736 1757 1788 1788 62.
1801 1757 1842 1787 ad

1142 1810 1171 1830 c.
1194 1804 1242 1834 17.
1257 1800 1280 1830 l.
1294 1800 1335 1831 V.

1186 1847 1225 1875 85
1262 1843 1510 1884 Recumntibus]
1558 1843 1681 1873 Fet-ias»
1703 1843 1841 1874 Latinas

1142 1887 1211 1917 ludi
1228 1888 1378 1918 comitari
1402 1887 1564 1923 solebant,
1581 1897 1723 1926 quorum
1746 1897 1842 1917 cura-

1141 1931 1191 1960 tio
1220 1940 1320 1970 penes
1349 1931 1459 1961 aediles
1490 1929 1595 1970 plebis
1625 1931 1733 1970 primo
1761 1929 1840 1967 fuit,

1143 1978 1228 2004 teste
1259 1974 1360 2004 Dion.
1391 1974 1412 2004 l.
1443 1974 1498 2004 VI.
1529 1978 1688 2004 extremo.
1733 1973 1844 2004 Ludos

1145 2027 1276 2056 quoque
1291 2027 1311 2047 a
1326 2016 1466 2048 Camillo
1481 2022 1573 2047 votos
1591 2017 1631 2047 ab
1657 2016 1772 2047 iisdem
1799 2026 1844 2048 εε-

1143 2060 1264 2091 dilibus
1280 2061 1351 2091 fieri
1378 2064 1512 2092 senatus
1531 2060 1684 2098 jubebat.
1728 2060 1843 2100 Quum

1142 2105 1247 2144 igitur
1261 2108 1296 2134 et
1324 2104 1411 2135 ludis
1437 2104 1567 2140 votivis,
1584 2108 1618 2133 et
1644 2103 1772 2143 adjecto
1789 2103 1845 2134 ilio

1144 2148 1179 2178 in
1197 2147 1345 2187 singulos
1361 2157 1465 2178 annos
1482 2146 1523 2177 ad
1547 2145 1683 2178 Latinas
1699 2146 1766 2185 die,
1787 2157 1845 2177 no-

1143 2200 1259 2221 vorum
1305 2191 1365 2221 sibi
1419 2190 1727 2230 successoribusque
1779 2191 1847 2221 suis

1144 2240 1341 2274 sumptuum
1359 2235 1590 2265 necessitatem
1605 2233 1737 2273 iniungi
1751 2234 1848 2264 intel-

1144 2277 1286 2316 ligerent
1313 2278 1439 2314 aediIes,
1466 2283 1660 2308 recusarunt
1690 2286 1850 2317 aggrava-

1144 2326 1217 2351 tum
1237 2331 1370 2352 munus.
1398 2322 1449 2352 De
1465 2320 1563 2357 ludis,
1581 2320 1636 2359 qui
1655 2321 1849 2352 Latinarum

1145 2363 1260 2394 diebus
1284 2366 1356 2395 fieri
1382 2364 1546 2401 solebant,
1562 2364 1626 2394 vid.
1650 2370 1719 2395 not.
1735 2365 1788 2398 72.
1806 2363 1849 2394 ad

1145 2407 1184 2437 V.
1208 2410 1256 2441 19.

1191 2451 1232 2483 86
1261 2450 1303 2483 Ue
1319 2450 1436 2491 oedilcs]
1464 2450 1512 2481 Ea
1527 2450 1613 2490 lege,
1632 2454 1679 2481 ut.

1961 2946 1991 3250 z-——w--Q
1961 2846 1991 2924 ·—.
1971 2266 1987 2827 “um-Q-
1985 2234 1988 2252 ἢ
1986 2200 1988 2204 <
