1969 3239
702 89 822 130 LIB.
849 90 923 129 ΙΙΙ,
959 91 1088 129 CAP.
1115 92 1162 129 V.
1227 109 1231 112 ·
1573 99 1648 139 157

214 189 370 233 bellum
395 188 573 247 gereret.
633 190 786 246 Itaque
815 190 948 246 AEqui
981 191 1035 232 ab
1068 186 1289 233 Ecetranis
1310 191 1474 235 Volscis
1500 195 1643 250 praesi-
1658 205 1696 234 U.
1713 205 1840 241 0990.

213 248 334 289 dium
357 250 532 305 petiere.
549 263 636 304 qno
664 248 820 303 cupide
849 247 1010 299 obiam,
1031 249 1157 300 (adeo
1188 249 1384 290 civitates
1416 250 1482 291 hae
1508 255 1537 275 ¹⁹
1552 267 1644 308 per-
1656 248 1693 278 A.
1711 250 1746 281 C·
1761 253 1836 283 ⁴¹5²·

213 314 345 359 petuo
379 306 420 346 in
458 304 676 347 Romanos
710 305 810 345 odio
832 308 1067 355 certavere)
1093 304 1247 346 bellum
1271 321 1436 347 summa
1461 308 1499 348 vi
1524 323 1644 364 para-

213 362 352 403 batur.
415 362 615 403 Sentiunt
646 360 841 412 Hernici,
872 371 915 402 et
948 362 1188 417 praedicunt
1224 362 1445 413 Romanis,
1470 363 1645 407 Ecetra-

212 432 315 459 num
350 419 401 459 ad
433 418 598 474 AEquos
628 419 826 471 descisse.
858 431 1056 473 suspecta
1077 429 1119 459 et
1151 419 1322 461 colonia
1342 420 1524 462 Antium
1548 422 1643 474 fuit,
1657 431 1788 462 Antium

212 476 327 531 quod
352 490 507 531 magna
529 476 590 516 vis
615 475 836 516 hominurn
863 476 974 526 inde,
997 491 1128 530 quum
1154 477 1362 532 oppidum
1385 488 1559 533 captum
1580 494 1643 520 es-
1656 476 1775 535 ⁰⁰¹f³¹¹³f³⁸

214 543 292 584 set,
314 532 580 588 confugisset
610 532 663 574 ad
694 532 874 587 AEquos.
910 533 1030 588 isque
1062 533 1181 574 miles
1215 548 1289 589 per
1310 534 1467 575 bellum
1492 523 1810 591 Buni-Su‘pe‘m‘

212 605 311 630 cum
343 590 409 630 vel
438 590 666 630 acerrimus
699 589 795 630 fuit.
858 589 1103 646 Compulsis
1135 591 1289 632 deinde
1312 593 1355 632 in
1378 592 1538 648 oppida
1570 594 1646 634 AE-

211 648 323 702 quis,
344 661 395 687 ea
416 646 644 687 multitudo
666 645 831 702 dilapsa
851 661 983 701 quum
1005 647 1187 688 Antium
1208 648 1401 699 redisset,
1424 664 1497 690 sua
1520 665 1649 708 spon-

214 714 256 745 te
268 703 360 759 jam
384 702 538 744 infidos
561 703 737 744 colonos
763 704 972 744 Romanis
1005 705 1277 746 abalienavit.
1340 706 1536 747 Necdum
1561 722 1651 748 ma-

215 772 310 801 tura
331 775 388 811 re,
409 775 541 814 quum
561 760 848 801 defectionem
870 762 1005 816 parari
1028 762 1216 803 delatum
1240 762 1293 804 ad,
1311 773 1504 804 senatum
1526 774 1651 816 esset,

213 818 362 859 datum
383 818 606 873 negotium
626 827 690 858 est
707 818 968 869 consulibus,
989 828 1050 870 ut,
1074 819 1342 875 principibus
1361 820 1542 862 coloniae
1561 822 1650 863 Ro-

212 888 326 916 mam
360 875 531 925 excitis,
552 885 793 929 quaererent
823 875 1027 930 quidnam
1051 877 1109 916 rei
1131 886 1256 917 esset.
1275 878 1347 931 qui
1380 892 1512 933 quum
1537 879 1651 920 haud

211 933 406 987 gravati²
436 933 668 983 venissent,
690 932 924 973 introducti
956 948 981 972 a
1011 933 1258 974 consulibus
1290 935 1342 975 ad
1366 946 1559 976 senatum
1591 936 1651 978 ita

209 989 525 1044 responderunt
545 989 599 1030 ad
622 989 899 1044 interrogata,
923 998 971 1030 ut
993 990 1130 1045 magis
1154 991 1355 1046 suspecti,
1375 1006 1502 1046 quam
1525 1006 1651 1033 vene-

207 1056 319 1096 rant,
357 1046 689 1087 dimitterentur.
760 1046 927 1087 Bellum
970 1047 1068 1087 inde
1112 1047 1224 1088 haud
1264 1048 1443 1089 dubium
1485 1049 1649 1091 haberi.

211 1103 287 1158 Sp.
314 1102 482 1153 Furius,
504 1103 726 1144 consulum
759 1103 877 1153 alter,
900 1104 969 1144 cui
992 1119 1040 1144 ea
1073 1105 1294 1159 provincia
1316 1116 1528 1157 evenerat,
1550 1121 1650 1162 pro·
1662 1111 1776 1160 {furius

209 1159 348 1201 fectus
373 1161 413 1201 in
438 1160 619 1216 AEquos,
644 1159 932 1202 Hernicorum
965 1161 1008 1202 in
1039 1176 1143 1217 agro
1175 1162 1528 1218 populabundum
1552 1166 1648 1206 hos-
1661 1155 1733 1228 §effi
1752 1155 1835 1228 ¹2¹1ss

210 1226 297 1258 tem
331 1218 521 1269 invenit3
552 1218 810 1273 ignarusque
843 1217 1146 1269 multitudinis,
1178 1220 1279 1274 quia
1310 1234 1520 1275 nusquam
1555 1223 1649 1264 uni-
1738 1208 1758 1238 g
1824 1223 1831 1230 '

210 1289 331 1315 versa
363 1285 597 1330 conspecta
629 1274 781 1325 fuerat,
816 1275 1006 1331 inparem
1041 1276 1178 1332 copiis
1218 1277 1455 1319 exercitum
1491 1287 1650 1320 temere

215 1345 374 1387 pugnae
395 1332 622 1373 commisit.
645 1333 783 1386 primo
802 1347 1009 1374 concursu
1029 1333 1172 1389 pulsus
1196 1348 1238 1373 se
1258 1335 1301 1374 in
1319 1344 1456 1376 castra
1475 1337 1650 1392 recepit.

211 1403 349 1444 neque
373 1390 405 1429 is
427 1389 522 1429 finis
545 1389 719 1444 periculi
742 1389 837 1430 fuit.
858 1404 1040 1445 namque
1059 1399 1101 1430 et
1122 1391 1318 1446 proxima
1336 1403 1463 1433 nocte
1482 1404 1525 1433 et
1546 1408 1646 1449 pos-

215 1455 306 1487 tero
331 1446 400 1486 die
422 1455 540 1486 tanta
562 1447 603 1486 vi
635 1458 772 1487 castra
795 1459 893 1488 sunt
924 1448 1199 1488 circumsessa
1221 1457 1348 1504 atque
1380 1451 1645 1507 obpugnata,

212 1515 260 1543 ut
281 1517 334 1543 ne
356 1504 535 1543 nuncius
558 1503 730 1558 quidem
751 1504 850 1544 inde
874 1505 985 1544 mitti
1011 1504 1193 1545 Romam
1227 1517 1384 1560 posset.
1447 1507 1644 1560 Hernici,
1659 1514 1829 1566 obsidetur

214 1570 257 1600 et
279 1560 388 1600 male
410 1570 658 1615 pugnatum,
678 1570 720 1601 et
740 1562 957 1602 consulem
980 1563 1301 1617 exercitumque
1317 1564 1518 1616 obsideri,
1537 1580 1646 1607 nun·
1660 1568 1691 1588 ¹¹¹
1706 1563 1828 1590 castus.

211 1617 448 1657 eiaverunt.
472 1628 723 1672 tantumque
746 1629 947 1659 terrorem
980 1619 1191 1660 incussere
1226 1620 1438 1672 Patribus,
1461 1632 1509 1662 ut
1528 1626 1646 1678 (quae

211 1673 352 1714 forma
373 1675 728 1715 senatusconsulti
752 1675 912 1716 ultimae
933 1691 1098 1731 semper
1117 1678 1380 1718 necessitatis
1400 1678 1547 1720 habita
1564 1682 1647 1732 est)

212 1729 438 1771 Postumio
471 1732 587 1772 alteri
621 1732 845 1772 consulum
878 1734 1102 1789 negotium
1137 1735 1321 1786 daretur,
1358 1737 1384 1758 ¹³
1405 1734 1574 1777 Videres
1600 1752 1648 1779 ne

210 1787 312 1843 quid
331 1788 553 1842 respublica
583 1788 808 1830 detrimenti
838 1797 1008 1844 caperet.
1069 1791 1218 1847 Ipsum
1248 1792 1467 1833 consulem
1492 1792 1645 1836 Romae

207 1859 381 1886 manere
413 1846 466 1886 ad
500 1847 832 1887 conscribendos
865 1862 1027 1898 omnes,
1060 1850 1133 1904 qui
1169 1863 1285 1890 arma
1317 1849 1426 1890 ferre
1456 1861 1646 1905 possent,

209 1902 422 1957 optimum
455 1903 589 1943 visum
622 1912 711 1954 est;
746 1905 774 1926 ‘⁴
790 1919 866 1959 pro
897 1905 1070 1946 consule
1102 1905 1151 1948 T.
1176 1906 1430 1952 Quinctium
1454 1908 1646 1949 subsidio

209 1959 357 2001 castris
379 1974 476 2000 cum
510 1960 652 2001 sociali
676 1962 868 2002 exercitu
901 1962 1029 2002 mitti.
1051 1963 1102 2003 ad
1122 1977 1220 2003 eum
1242 1964 1500 2019 explendum
1525 1964 1647 2006 Lati-

210 2016 272 2065 ni,
296 2015 576 2071 Hernicique,
599 2028 642 2058 et
663 2018 834 2059 colonia
856 2018 1037 2060 Antium
1061 2020 1160 2061 dare
1185 2021 1392 2067 Quinctio
1416 2022 1646 2063 subitarios

212 2072 372 2113 milites
394 2074 474 2125 (ita
495 2085 584 2116 tum
608 2076 831 2131 repentina
854 2077 1013 2117 auxilia
1035 2077 1325 2132 adpellabant)
1341 2078 1466 2133 jussi.

272 2128 324 2169 V.
356 2128 489 2171 Multi
512 2146 586 2186 per
608 2146 680 2172 eos
703 2134 792 2173 dies
815 2142 959 2173 motus
980 2134 1188 2190 multique
1208 2135 1378 2191 inpetus
1396 2135 1497 2177 hinc
1518 2145 1646 2192 atque

214 2184 332 2226 illinc
354 2185 471 2235 facti,
488 2189 601 2242 quia,
624 2201 851 2245 superante
871 2190 1160 2242 multitudine,
1181 2192 1324 2233 hostes
1345 2207 1518 2248 carpere
1536 2194 1645 2234 mul·

211 2242 398 2283 tifariam
423 2245 530 2285 vires
563 2244 794 2297 Romanas,
819 2258 862 2288 ut
893 2261 980 2288 non
1011 2248 1278 2290 subfecturas
1310 2250 1360 2290 ad
1394 2251 1552 2300 omnia,
1573 2251 1646 2292 ad-

213 2300 345 2355 gressi
370 2309 483 2341 sunt.
506 2302 631 2342 simul
652 2314 790 2345 castra
811 2305 1191 2360 obpugnabantur,
1213 2307 1339 2348 simul
1361 2322 1456 2362 pars
1479 2309 1645 2349 exerci-

211 2367 280 2397 tus
303 2357 353 2397 ad
379 2357 667 2413 populandum
692 2375 845 2414 agrum
870 2361 1113 2404 Romanum
1147 2364 1291 2413 missa,
1314 2365 1549 2420 urbemque
1580 2365 1647 2420 ip-

211 2427 319 2464 sam,
342 2414 374 2454 si
398 2430 482 2469 qua
503 2415 677 2458 fortuna
698 2417 831 2468 daret,
854 2419 1118 2461 tentandam.
1181 2421 1229 2461 L.
1250 2421 1443 2467 Valerius
1467 2421 1518 2462 ad
1538 2436 1648 2477 prae·

209 2470 366 2512 sidium
386 2472 502 2512 urbis
522 2472 716 2525 relictus3
740 2475 888 2515 consul
911 2476 1159 2518 Postumius
1175 2478 1226 2519 ad
1249 2479 1450 2519 arcendas
1469 2478 1648 2534 popula-

563 2581 575 2594 0
589 2580 725 2616 gravate
738 2577 835 2607 Gron.
854 2576 944 2609 Crev.
1075 2578 1211 2610 svideret
1226 2581 1310 2611 Eaed.

258 2661 323 2691 19*
335 2661 543 2701 Perpetuam
555 2662 729 2703 Romanos]
760 2665 911 2695 AEmula-
956 2666 1146 2696 consulibus
1171 2669 1438 2707 permittebatur.
1478 2670 1552 2701 vid.
1580 2669 1650 2700 Sal-

199 2704 343 2745 „tionem
361 2706 449 2735 inter
460 2716 493 2735 se
510 2708 689 2744 quamdam
705 2709 857 2747 perpetui
876 2710 910 2738 in
956 2708 1033 2738 lust.
1053 2711 1126 2739 Cat.
1145 2721 1171 2740 e.
1189 2713 1239 2745 ²29.
1256 2718 1289 2741 et
1305 2712 1373 2743 cic.
1390 2714 1424 2742 in
1445 2714 1516 2744 Cat.
1535 2715 1559 2743 1.
1574 2723 1605 2743 n.
1618 2717 1650 2744 4,

211 2746 378 2778 Romanos·
395 2749 460 2779 odii
478 2758 664 2788 gesserunt.
999 2755 1063 2783 1-2*
1081 2753 1286 2795 Proconsule]
1303 2755 1383 2786 Haec
1397 2758 1503 2795 prima
1512 2767 1652 2797 procon-

259 2793 294 2821 13
319 2791 447 2822 Videre!
464 2802 502 2822 ne
517 2793 610 2832 qnid]
625 2794 672 2824 Eo
688 2799 905 2825 senatuscon-
950 2795 1031 2826 sulis
1048 2798 1175 2828 mentio
1192 2799 1338 2830 occurrit
1356 2801 1445 2841 apud
1461 2799 1605 2831 Livium.

212 2832 300 2864 snitu
314 2844 447 2866 summa
462 2846 573 2868 rerum
590 2838 740 2868 omnium
759 2844 904 2880 potestas
