1969 3239
600 84 722 127 LIB.
750 88 823 127 111.
863 87 991 126 cAP.
1018 83 1166 126 XXIV.
1208 110 1211 114 ·
1528 87 1602 130 177

163 188 268 231 tudo
316 189 405 246 ipsa
445 189 638 246 periculi.
661 203 881 247 reposcere
921 189 1068 231 datum
1106 184 1314 228 auxilium
1357 186 1595 228 videbatur.
1609 197 1651 229 U.
1669 196 1707 227 c.
1723 198 1799 230 995.

163 245 338 295 Fabius,
360 247 527 289 omissis
548 249 761 298 omnibus,
786 246 971 302 praedam
999 260 1053 286 ex
1072 244 1222 286 castris
1244 242 1398 298 raptim
1419 243 1595 284 Antium
1609 241 1647 272 Λ·
1666 241 1702 272 C·
1716 242 1791 273 457-

165 303 384 344 convehit.
422 303 490 344 Ibi
519 304 688 346 modico
710 303 910 359 praesidio
932 302 1096 352 relicto,
1117 301 1292 342 citatum
1316 313 1469 354 agmen
1491 298 1596 340 Tus-

163 358 305 399 culum
339 363 463 416 rapit.
505 360 610 401 nihil
641 371 795 415 praeter
824 373 955 410 arma,
976 368 1019 399 et
1048 357 1163 413 quod
1193 357 1305 397 cocti
1338 356 1390 396 ad
1422 369 1596 397 manum

163 414 248 455 fuit
269 416 372 467 cibi,
394 416 502 457 ferre
523 417 648 458 militi
679 416 814 457 licuit.
875 415 1169 456 Commeatum
1202 414 1256 454 ab
1282 412 1422 453 Roma
1448 413 1596 453 consul

163 470 387 513 Cornelius
408 473 620 514 subvehit.
654 472 817 527 aliquot
838 486 1002 513 menses
1023 470 1193 512 Tusculi
1218 468 1436 511 bellatum.
1474 478 1594 522 parte

161 529 374 570 exercitus
414 529 561 570 consul
611 539 748 570 castra
790 528 1025 584 AEquorum
1070 527 1377 582 obpugnabat:
1428 535 1590 579 partem

161 581 411 626 Tusculanis
445 585 617 626 dederat
647 586 697 626 ad
721 600 858 626 arcem
884 585 1228 640 recuperandam.
1285 582 1337 623 Vi
1360 596 1588 636 numquam
1604 598 1732 628 Auxilio

160 654 213 681 eo
228 642 356 682 subiri
371 643 526 696 potuit.
548 643 680 683 tames
695 651 907 697 postremo
923 642 1021 682 inde
1034 639 1414 682 detraxithostem.
1443 642 1473 665 ⁹7
1492 639 1589 686 Quo
1602 642 1757 670 Romano-

160 707 386 752 postquam
408 710 578 740 ventum
601 699 651 739 ad
675 709 911 743 extremum
935 707 1012 749 est,
1035 698 1216 738 inermes
1238 697 1422 751 nudique
1443 710 1589 737 omnes
1603 694 1731 756 {ssnge'

160 755 240 794 sub
270 755 422 809 jugum
462 756 516 796 ab
554 755 801 796 Tusculanis
843 756 975 796 missi.
1028 754 1121 805 hos,
1162 754 1448 809 ignominiosa
1486 752 1592 808 fuga
1641 737 1658 765 p
1696 748 1704 757 ’

160 810 333 852 domum
359 826 402 852 se
423 812 690 867 recipientes,
714 812 934 853 Romanus
965 811 1112 853 consul
1137 811 1178 851 in
1206 810 1365 865 Algido
1387 824 1591 850 consecu-

160 876 243 917 tuS,
265 868 316 908 ad
350 883 473 910 unum
496 884 643 909 omnes
674 869 847 909 occidit.
906 870 1056 910 Victor
1085 868 1135 908 ad
1161 867 1369 908 Coluuien
1401 866 1461 919 (id
1494 866 1590 907 loco

159 937 314 964 nomen
336 926 419 974 est)
447 930 478 952 9⁸
494 927 685 967 exercitu
711 926 857 967 relicto
879 934 1020 966 castra
1039 924 1167 965 locat.
1225 922 1280 963 Et
1301 923 1405 963 alter
1427 924 1590 974 consul,

157 989 383 1035 postquam
409 984 627 1024 moenibus
651 983 744 1037 jain
776 981 980 1023 Romanis
999 986 1024 1032 ³,
1054 981 1173 1035 pulso
1197 980 1334 1029 hoste,
1357 980 1592 1034 periculum

155 1050 247 1076 esse
267 1037 462 1090 desierat,
485 1051 527 1080 et
549 1041 638 1095 ipse
660 1040 714 1079 ab
739 1039 877 1079 Roma
899 1039 1128 1093 profectus.
1176 1036 1245 1077 Ita
1265 1037 1461 1076 bifariam
1487 1051 1592 1077 con-

155 1093 263 1134 sules
295 1094 472 1150 ingressi
497 1097 681 1137 hostium
713 1096 833 1147 fines,
863 1100 894 1122 ⁹9
914 1095 1079 1150 ingenti
1101 1093 1333 1135 certamine
1358 1093 1459 1134 hinc
1490 1093 1591 1134 Vol-

154 1163 264 1201 scos,
286 1151 387 1192 hinc
410 1152 573 1208 AEquos
594 1151 865 1208 populantur.
914 1151 1077 1192 Eodem
1100 1165 1213 1192 anno
1235 1150 1419 1190 descisse
1435 1149 1590 1190 Antia-

154 1215 234 1256 teS‚
255 1209 367 1263 apud
401 1209 623 1265 plerosque
652 1219 851 1250 auctores
884 1209 1069 1249 invenio.
1125 1208 1171 1248 L.
1204 1206 1452 1247 Cornelium
1484 1221 1588 1247 con-

156 1263 288 1305 sulem
319 1265 362 1305 id
388 1266 544 1307 bellum
577 1267 769 1322 gessisse,
793 1266 1085 1322 oppidumque
1115 1264 1294 1320 cepisse,
1318 1272 1481 1304 certum
1513 1263 1588 1303 ad-

155 1319 337 1371 firmare,
351 1323 452 1377 quia
466 1323 582 1364 nulla
596 1323 708 1380 apud
726 1324 976 1364 vetustiores
990 1323 1215 1378 scriptores
1233 1320 1325 1375 ejus
1346 1320 1403 1360 rei
1425 1319 1587 1360 mentio

154 1386 234 1428 est,
254 1392 336 1418 non
361 1381 512 1421 ausim.

162 1486 165 1487 ⁷
213 1433 391 1476 XXIV.
434 1436 534 1477 Hoc
571 1436 683 1477 bello
720 1435 923 1492 perfecto,
957 1434 1233 1476 tribunicium
1272 1431 1388 1474 domi
1427 1432 1786 1483 bellumTribuniciae

155 1489 304 1531 Patres
336 1493 513 1534 territat.
569 1493 790 1544 Clamant,
806 1491 963 1548 fraude
978 1492 1094 1547 fieri,
1125 1490 1233 1547 quod
1256 1489 1369 1547 jbrz's
1403 1497 1722 1543 teneatur-eputen-

154 1548 368 1589 exercitus:
401 1549 730 1606 'frustrationem
758 1564 843 1590 eam
867 1549 962 1604 legis
991 1548 1171 1589 tollendae
1191 1562 1280 1587 esse.
1318 1560 1356 1586 se
1380 1542 1707 1588 nillilomi-tmnes·

154 1617 228 1644 uus
247 1619 327 1644 rem
347 1613 563 1661 susceptam
587 1613 833 1661 peracturos.
894 1606 1096 1646 Obtinuit
1121 1614 1260 1644 tamen
1286 1603 1335 1643 P.
1362 1603 1584 1646 Lucretius

151 1660 381 1714 praefectus
405 1664 535 1714 urbis,
559 1674 605 1704 ut
626 1664 816 1703 actiones
839 1663 1082 1703 tribuniciae
1106 1662 1146 1701 in
1170 1661 1399 1701 adventum
1428 1675 1585 1702 consu·

150 1717 238 1758 lum
268 1718 553 1761 differrentur.
615 1718 717 1760 Erat
747 1728 790 1759 et
821 1734 931 1760 nova
963 1727 1114 1759 exorta
1144 1731 1292 1758 caussa
1321 1725 1478 1758 motus.
1528 1717 1583 1760 A.

140 1772 376 1816 ‘Cornelius
398 1786 440 1816 et
463 1777 520 1823 Q.
544 1776 746 1817 Servilius
777 1778 791 1798 ‘²
808 1784 1041 1830 quaestores
1068 1774 1135 1815 M.
1157 1773 1344 1825 Volscio,
1366 1774 1482 1828 quod
1503 1773 1583 1816 fal—

150 1844 219 1870 sus
238 1830 352 1873 haud
367 1833 497 1874 dubie
519 1833 638 1874 testis
654 1833 696 1874 in
721 1832 950 1874 Kaesonem
968 1832 1217 1881 exstitisset,
1233 1831 1343 1871 diem
1365 1830 1580 1872 dixerant.

148 1886 294 1929 multis
325 1890 438 1930 enim
472 1890 700 1931 emanabat
731 1889 917 1940 indiciis,
942 1903 1080 1943 neque
1111 1887 1284 1928 fratrem
1316 1886 1494 1938 Volscii,
1525 1902 1581 1929 ex

150 1958 236 1998 quo
267 1946 396 1998 semel
426 1946 555 1988 fuerit
579 1960 707 2002 aeger,
730 1961 931 2000 umquam
963 1960 1049 1986 non
1077 1944 1205 1985 modo
1238 1944 1374 1984 visum
1397 1943 1441 1984 in
1472 1945 1581 1999 pub—

150 2000 250 2051 lico,
275 2002 346 2043 sed
378 2017 430 2043 ne
460 2003 748 2045 adsurrexisse
777 2003 948 2058 quidem
981 2017 1035 2043 ex
1066 2002 1233 2051 morbo,
1262 2000 1581 2056 multorumque

149 2057 248 2097 tabe
269 2059 477 2101 mensium
500 2071 744 2111 m01·tuum;
775 2074 853 2101 nec
876 2060 941 2100 his
966 2058 1243 2114 temporibus,
1266 2057 1308 2097 in
1339 2072 1435 2111 quae
1460 2059 1579 2098 testis

149 2113 310 2155 crimen
332 2116 600 2170 conjecisset,
620 2117 848 2159 Kaesonem
870 2116 1023 2156 Romae
1046 2116 1179 2155 visum
1199 2131 1207 2155 ε
1240 2113 1580 2164 adfirmantibus,

151 2170 223 2225 qui
248 2185 331 2212 una
360 2184 613 2226 meruerant,
636 2188 779 2231 secum
801 2187 898 2213 eum
930 2182 1022 2214 tum
1055 2178 1068 2198 ³
1087 2171 1352 2226 frequentem
1374 2171 1427 2211 ad
1457 2171 1580 2226 signa

614 2284 625 2301 ⁵
648 2279 877 2320 Romanisjam
891 2280 987 2309 Gron.
1005 2280 1097 2310 Crev.

191 2375 230 2406 97
255 2368 330 2412 ‚Quo
338 2374 512 2411 postquam
527 2375 658 2402 ventum
672 2370 718 2401 ad
734 2375 838 2401 extre-
883 2368 960 2408 esse]
994 2370 1065 2400 Hac
1089 2370 1209 2408 specie,
1229 2367 1292 2398 hoc
1310 2367 1422 2406 colore
1444 2367 1580 2398 fraudu-

147 2423 238 2445 mum
261 2418 322 2454 est]
353 2415 529 2454 Postquam
553 2424 592 2446 eo
608 2414 745 2444 tandem
761 2423 839 2443 ven·
883 2412 994 2443 lenter
1029 2413 1079 2442 nti
1117 2413 1273 2452 patricios
1303 2410 1459 2441 tollendae
1497 2411 1578 2451 legis

148 2464 221 2488 tum
248 2465 310 2495 est,
340 2463 378 2488 ut
407 2455 512 2488 fames
542 2457 673 2487 hostem
700 2468 739 2486 ex
766 2466 841 2486 arce
885 2466 995 2486 causa.

144 2498 336 2532 Tusculana
351 2499 552 2532 detraheret.
653 2532 657 2535 ,
925 2501 944 2540 2
969 2497 1161 2540 ‚Quoestorch
1180 2497 1253 2528 vid.
1270 2503 1337 2527 not.
1355 2500 1407 2528 40.
1424 2498 1464 2527 ad
1478 2507 1507 2527 c.
1523 2500 1576 2528 41.

189 2547 230 2578 98
255 2544 418 2575 Exercieu
432 2543 554 2583 relicto]
582 2542 776 2582 Legendum
794 2540 839 2572 vi-
884 2542 905 2571 l.
923 2541 967 2572 11.

147 2586 245 2617 detur
257 2588 398 2618 reductu.
441 2588 511 2618 Vox
526 2588 636 2618 relicto
651 2585 765 2626 procul
780 2585 840 2615 du·
927 2589 944 2615 3
958 2588 976 2606 *
988 2581 1198 2624 Frequentem
1227 2583 1271 2613 ad
1298 2585 1392 2623 signa
1421 2585 1488 2614 sine
1511 2586 1577 2614 ullo

147 2630 200 2660 bio
215 2631 332 2660 vitiosa
349 2635 409 2660 est.
884 2633 1061 2658 commeatu
1073 2627 1198 2667 fiiis-se]
1224 2627 1402 2656 Assiduum
1418 2627 1518 2657 fuisse
1536 2627 1576 2657 ad

191 2670 604 2713 99*Ingentieertamine]
619 2673 844 2703 Acriterinter
886 2672 993 2709 signa,
1020 2670 1108 2709 apud
1134 2671 1341 2706 exercituni3
1378 2679 1438 2700 nec
1470 2671 1574 2700 ullum

148 2725 183 2746 se
206 2723 383 2755 certantes,
406 2723 484 2748 uter
504 2717 579 2758 plus
605 2717 717 2746 damni
741 2716 844 2745 hosti·
886 2714 1064 2753 sumpsisse
1077 2715 1326 2752 abimperatorc
1340 2720 1577 2747 commeatum,

146 2758 367 2791 businferret.
886 2759 954 2787 sive
984 2757 1178 2788 facultatem
1205 2756 1393 2786 disc-edentii
1422 2757 1460 2786 ab
1487 2766 1578 2786 exer--

195 2802 505 2835 1⁹¹*Frustrntiouem
521 2813 590 2834 eam
609 2802 689 2842 legis
701 2802 843 2833 tollendae
887 2802 968 2830 citu.
1251 2810 1254 2813 ·

206 2856 312 2885 VOL.
334 2859 364 2886 1.
934 2856 963 2883 N
