1969 3239
666 97 790 138 LIB.
817 99 890 138 III.
928 101 1057 140 CAP.
1085 102 1152 141 YI.
1561 109 1634 146 159

197 195 314 240 ultus
343 207 408 240 est
438 198 618 241 caedem.
649 214 821 258 magnae
854 200 995 242 clades
1027 199 1140 241 ultro
1161 199 1357 255 citroque
1380 200 1460 242 illis
1482 203 1632 245 diebus
1648 221 1689 253 U.
1707 222 1834 254 0290,

196 266 244 297 et
267 255 410 298 inlatae
434 267 476 297 et
498 268 706 313 acceptae.
751 257 945 299 Difficile
967 258 1018 298 ad
1043 258 1170 298 fidem
1192 266 1258 298 est
1279 258 1320 298 in
1345 267 1436 299 tam
1459 262 1635 316 antiqua
1649 267 1686 296 A·
1702 268 1828 296 0462-

200 327 260 365 re,
282 324 388 369 quot
411 316 695 370 pugnaverint
715 314 1019 365 ceciderintve,
1043 325 1198 355 exacto
1230 314 1456 356 adfirmare
1488 331 1636 359 nume-

198 383 260 411 ro.
284 371 412 412 audet
435 383 575 412 tamen
615 374 642 398 ¹⁷
657 370 810 412 Antias
836 372 1023 413 Valerius
1046 372 1273 426 concipere
1295 387 1497 414 summus.
1547 375 1638 416 Ro-

200 441 350 469 manos
374 429 577 469 cecidisse
600 427 642 468 in
667 427 862 471 Hernico
891 444 994 485 agro
1017 429 1206 484 quinque
1238 429 1370 469 millia
1400 445 1449 471 uc.
1473 441 1638 472 trecen-

199 495 291 526 tos:
333 499 387 526 ex
409 486 722 540 praedatoribus
745 485 1001 541 AEquorum,
1022 486 1094 541 qui
1130 485 1427 541 populabundi
1464 489 1506 528 in
1543 489 1638 528 fini-

199 542 280 582 bus
306 542 510 583 Romanis
534 544 812 598 vagabantur,
835 543 888 584 ab
911 543 964 584 A.
992 543 1216 583 Postumio
1239 544 1413 584 consule
1434 545 1519 586 duo
1542 546 1639 586 mil-

199 597 258 639 lia
288 598 354 640 eti
392 601 727 654 quadringentos
761 614 921 642 caesos:
954 611 1138 641 ceteram
1174 600 1507 653 multitudinem,
1529 617 1638 658 prae-

195 655 296 697 dam
321 666 534 712 agentem,
556 672 652 712 quae
677 658 874 698 inciderit
898 658 939 698 in
975 658 1244 707 Quinctium,
1270 673 1538 714 nequaquam
1563 674 1639 714 pa-

199 713 235 754 ri
268 713 512 754 defunctam
548 728 638 754 esse
668 715 802 756 caede.
837 714 1059 755 interfecta
1082 715 1180 755 inde
1212 724 1390 770 quatuor
1411 716 1558 767 millia,
1579 728 1637 768 et,

199 771 470 846 exsequendo
506 772 716 812 subtiliter
748 786 987 821 numerum,
1010 773 1231 822 ducentos,
1265 773 1339 822 ait,
1370 781 1414 813 et
1447 774 1636 829 triginta.

202 829 231 850 ¹⁸
248 827 305 868 Ut
364 826 549 868 Romam
582 829 760 869 reditum
794 827 856 869 et¹
882 830 1099 884 justitium
1133 830 1351 870 remissum
1377 839 1454 880 est,
1477 831 1638 871 coslum

199 883 335 925 visum
359 895 424 924 est
445 885 590 926 ardere
621 886 803 940 plurimo
835 886 951 942 igni3
983 895 1263 941 portentaque
1283 886 1363 927 alia
1383 897 1455 926 aut
1485 889 1638 929 obver—

199 949 291 981 sata
322 942 475 994 oculis,
507 952 579 983 aut
612 958 737 984 vanas
771 944 982 984 exterritis
1013 954 1280 983 ostentavere
1314 945 1491 999 species.
1554 945 1635 985 His

193 999 433 1039 avertendis
451 1000 680 1041 terroribus
699 1002 741 1041 in
762 1001 948 1041 triduum
972 999 1088 1041 feriae
1114 1000 1302 1050 indictae,
1321 1015 1396 1055 per
1417 1017 1520 1057 quas
1545 1017 1638 1042 om-

198 1055 269 1096 nia
296 1055 469 1097 delubra
503 1061 694 1113 ¹9pacem
734 1057 870 1098 Deum
902 1058 1228 1112 exposcentium
1263 1059 1451 1098 virorum
1487 1059 1636 1100 mulie-

199 1126 377 1168 rumque
398 1114 521 1155 turba
545 1115 828 1170 inplebantur.
869 1114 1080 1155 Cohortes
1099 1115 1196 1154 inde
1221 1114 1383 1156 Latinae
1409 1116 1635 1157 Hernicae-

198 1183 281 1224 que
314 1171 369 1211 ab
403 1180 564 1222 senatu,
585 1173 734 1227 gratiis
766 1174 824 1213 ob
847 1172 1057 1228 inpigram
1081 1172 1275 1213 militiam
1306 1172 1425 1223 actis,
1448 1175 1636 1214 remissae

197 1228 364 1268 domos.
423 1228 634 1281 Antiates,
658 1229 770 1270 mille
792 1229 962 1281 milites,
985 1234 1017 1254 ‘²0
1033 1230 1129 1284 quia
1152 1243 1289 1270 serum
1312 1230 1519 1271 auxilium
1538 1238 1636 1285 post

198 1285 402 1339 proelium
425 1293 677 1337 venerantm,
696 1301 828 1342 prope
850 1302 946 1327 cum
970 1287 1209 1340 ignominia
1229 1287 1409 1328 dimissi.

255 1341 334 1383 VI.
369 1342 558 1383 Comitia
581 1344 679 1384 inde
703 1345 862 1384 habita.
886 1345 1016 1384 creati
1041 1344 1234 1384 consules
1269 1344 1317 1384 L.
1340 1344 1556 1395 AEbutius,
1581 1344 1630 1385 P.
1646 1361 1686 1391 U.
1704 1360 1739 1391 c,
1757 1366 1830 1393 291,

199 1397 406 1439 Servilius
440 1399 643 1441 Kalendis
684 1400 932 1452 Sextilibus,
962 1410 1008 1440 ut
1045 1412 1144 1442 tunc
1183 1401 1443 1456 principium
1480 1403 1826 1456 manum-046¹„

198 1456 421 1511 agebatur,
442 1457 704 1498 consulatum
725 1458 885 1499 ineunt.
947 1458 1089 1499 Grave
1116 1466 1284 1514 tempus
1306 1469 1348 1499 et
1370 1458 1480 1500 forte
1501 1474 1631 1500 annus
1645 1447 1681 1520 ἐξ·
1695 1449 1849 1523 ζξτῗῇξῗ

198 1512 400 1566 pestilens
419 1523 505 1554 erat
523 1515 617 1555 urbi
640 1516 852 1571 agrisque,
872 1530 949 1556 nec
972 1515 1218 1556 hominibus
1238 1517 1387 1572 magis,
1407 1531 1534 1571 quam
1559 1532 1630 1572 pe·
1646 1515 1733 1566 C'oss.

200 1570 316 1621 cori;
351 1578 395 1610 et
413 1585 571 1611 auxere
594 1571 679 1612 vim
699 1573 852 1624 morbi,
873 1575 906 1595 ²²
919 1581 1077 1613 terrore
1099 1573 1386 1627 populationis
1405 1575 1632 1628 pecoribus

197 1628 519 1683 agrestibusque
550 1629 593 1668 in
624 1629 769 1669 urbem
803 1631 1008 1684 acceptis.
1069 1629 1131 1670 Ea
1164 1630 1364 1671 conluvio
1399 1632 1631 1672 mixtorum
1647 1644 1747 1674 Pestis

198 1684 339 1724 omnis
378 1685 546 1741 generis
583 1686 862 1727 animantium
899 1696 941 1727 et
977 1687 1109 1727 odore
1147 1687 1319 1728 insolito
1357 1689 1557 1739 urbanos,
1593 1700 1635 1729 et
1646 1689 1763 1717 Romae.

197 1750 410 1795 agrestem
441 1742 681 1783 confertum
715 1744 758 1784 in
781 1754 870 1785 arta
892 1752 1018 1798 tecta,
1039 1752 1144 1785 aestu
1166 1759 1216 1785 ac
1251 1745 1411 1801 vigiliis
1437 1747 1635 1802 angebat,
1767 1743 1771 1748 ’

195 1797 514 1854 ministeriaque
545 1800 588 1840 in
622 1801 758 1842 vicem
788 1816 838 1842 ac
867 1807 898 1828 ‘2⁸
914 1802 1115 1856 contagio
1147 1803 1240 1857 ipsa
1269 1802 1501 1858 vulgabant
1522 1818 1637 1844 mor-

195 1853 292 1896 bos.
351 1855 438 1897 Vix
463 1856 666 1898 instantes
689 1860 991 1912 sustinentibus
1011 1859 1152 1900 clades
1176 1870 1349 1914 repente
1371 1861 1497 1915 legati
1524 1860 1637 1901 Her-

241 1938 252 1961 i
268 1946 297 1971 et
311 1941 370 1972 del.
383 1942 468 1973 Eaed.
640 1941 656 1963 k
676 1944 714 1973 Ut
726 1944 746 1973 l.
761 1944 838 1973 Inde
854 1943 937 1974 Eaed.

198 1984 315 2014 Coelum
327 1990 382 2015 etc.
396 1986 481 2016 Eaed.
626 1991 649 2006 ¹¹¹
665 1992 789 2017 venerat
803 1988 900 2016 Gron.

1115 1940 1162 1972 ¹et
1177 1943 1197 1972 l.
1209 1949 1252 1973 est
1262 1955 1272 1972 .·
1286 1943 1453 1985 justitium
1465 1946 1631 1974 remissum.

243 2062 279 2094 17
304 2061 422 2092 Antias
459 2061 627 2102 Valerius]
663 2064 889 2095 Historiarum

194 2103 349 2143 scriptor,
365 2105 514 2136 Sisennae
537 2106 686 2146 aequalis,
703 2114 790 2137 teste
814 2107 891 2137 Vel-

194 2146 274 2182 leio,
295 2146 316 2176 l.
341 2147 384 2178 ΙΙ.
408 2158 436 2178 c.
460 2155 491 2184 9.
536 2149 625 2180 Vixit
648 2161 726 2191 ergo
750 2151 891 2191 Syllanis

194 2191 412 2230 temporibus.
458 2193 537 2231 Ejus
559 2203 797 2234 opus-magnae
822 2205 892 2225 mo-

196 2233 237 2264 lis
258 2234 336 2271 fuit,
353 2236 447 2273 cujus
474 2237 595 2267 librum
619 2237 752 2268 LXXV.
770 2249 896 2268 memo-

196 2282 250 2307 rat
262 2277 401 2316 Gellius,
413 2279 490 2310 vn.
506 2284 537 2314 9.
555 2281 718 2320 Suspecta
728 2282 798 2319 eius
815 2282 894 2312 fides

194 2325 249 2351 est
264 2321 370 2359 Livio,
388 2323 444 2361 qui
461 2333 538 2353 eum
563 2325 674 2363 arguit
697 2326 730 2355 in
747 2326 894 2355 numeris

195 2365 357 2403 augendis
375 2366 756 2406 intemperantissimum
775 2369 890 2408 fuisse,

194 2406 218 2438 l.
234 2407 391 2439 XXXVI.
408 2420 435 2445 c.
453 2413 505 2441 38.
523 2415 621 2449 atque
638 2412 741 2441 etiam
756 2413 892 2443 menda.

196 2451 240 2481 cii
256 2451 354 2491 plane
371 2455 521 2491 arcessit,
538 2454 661 2484 XXVI.
675 2458 728 2489 49.

242 2497 279 2525 18
305 2496 385 2526 lude
401 2497 541 2528 Romam
557 2498 698 2528 reditum
715 2503 760 2529 est
771 2497 890 2540 :justi-

197 2538 282 2568 tium
306 2540 494 2580 remes-sum]
523 2541 649 2581 Magna
673 2543 888 2582 scriptorum,

195 2581 265 2611 sive
280 2581 581 2622 Gronovianorum,
597 2586 664 2615 sive
688 2591 889 2624 nostrorum,

195 2633 334 2656 manus:
361 2627 552 2658 lecmer-um
575 2629 634 2659 CC.
651 2631 712 2667 ait,
728 2634 760 2659 et
776 2629 889 2660 XXX.

199 2667 247 2699 Ut
260 2668 402 2700 Romam
418 2672 562 2702 reditum
578 2677 636 2711 est,
645 2675 816 2713 justitium
840 2684 891 2703 re-

192 2712 330 2746 missum
345 2718 401 2745 est.
447 2715 545 2745 Unde
556 2717 747 2756 suspicatur
762 2716 891 2746 Grono-

195 2754 268 2784 vius
281 2768 288 2786 :
304 2761 336 2786 ee
346 2761 527 2797 exequendo
534 2759 697 2791 subtiliter
705 2770 894 2798 numerum,

199 2796 262 2845 CC}
276 2800 337 2838 ait,
353 2805 385 2832 et
399 2800 565 2834 XXXVI.
582 2803 720 2835 Romam
737 2805 894 2843 reditum,

193 2845 404 2882 eeJustitium
418 2848 589 2879 remissum
605 2852 661 2879 esc.

983 2062 1046 2097 19*
1057 2063 1181 2093 Pacem
1197 2062 1307 2103 desim]
1325 2062 1401 2094 Vid.
1420 2066 1489 2094 not.
1506 2066 1536 2096 8.
1553 2063 1595 2094 ad
1610 2063 1637 2095 Ι.

938 2107 987 2137 16.
1004 2117 1117 2146 supra.

979 2153 1020 2182 20
1044 2151 1135 2191 „Quia
1150 2161 1259 2181 serum
1275 2153 1438 2182 auxilium
1457 2173 1466 2182 .
1478 2174 1486 2181 .
1501 2174 1509 2182 .
1522 2174 1529 2181 .
1543 2162 1636 2182 verne-

936 2194 1031 2234 rmzt]
1059 2196 1112 2224 Sic
1136 2194 1323 2235 complures
1347 2196 1489 2236 scriptos
1515 2197 1635 2226 habere

940 2239 1084 2268 affirmat
1109 2237 1309 2268 Gronovius:
1343 2243 1376 2268 et
1399 2245 1531 2269 servant
1556 2249 1636 2279 qua-

938 2286 1016 2312 tuor
1041 2282 1141 2321 regii:
1179 2281 1299 2312 melius
1327 2292 1440 2322 quam,
1467 2288 1507 2313 ut
1534 2283 1636 2323 vulgo

939 2325 1063 2363 editur,
1079 2330 1224 2356 venerat.

979 2371 1017 2400 91
1043 2369 1146 2409 Auni]
1174 2369 1384 2408 Consularis3
1417 2379 1484 2400 non
1515 2369 1634 2407 civilis,

936 2414 1031 2450 cujus
1069 2413 1205 2443 initium
1235 2423 1368 2453 semper
1406 2424 1425 2443 a
1461 2413 1635 2444 Januario.

935 2456 1212 2496 Tempusautem
1229 2457 1367 2487 solenne
1394 2458 1546 2487 ineundis
1563 2467 1632 2488 ma·

934 2501 1127 2539 gistratibus
1147 2501 1294 2530 multum
1312 2501 1448 2530 variavit
1471 2511 1574 2539 usque
1592 2500 1634 2530 ad

934 2553 1060 2573 annum
1073 2544 1164 2573 urbis
1183 2547 1256 2577 599.
1277 2544 1364 2584 (vid.
1382 2544 1482 2581 infra,
1495 2544 1631 2574 XLVII.

935 2587 1002 2626 36.)
1029 2597 1095 2625 quo
1118 2591 1299 2625 statutum,
1316 2593 1356 2617 ut
1372 2587 1448 2618 Kal,
1462 2587 1632 2618 Januariis

935 2630 1087 2660 consules
1105 2631 1241 2661 inirent.

977 2675 1020 2704 2⁹2
1047 2673 1181 2704 Terrore
1205 2675 1437 2715 populationis]
1470 2674 1632 2711 Andreas,

934 2717 1102 2755 Sigonius,
1129 2724 1164 2747 et
1193 2721 1262 2748 tres
1287 2728 1327 2748 ex
1354 2719 1448 2749 MSS.
1480 2718 1631 2755 Hearnii,

939 2765 1088 2791 terrores.

984 2806 1024 2836 2³3
1053 2805 1207 2844 (bn-ragio
1220 2805 1307 2845 fpsa]
1329 2805 1521 2836 Contactus.
