1991 3250
564 99 684 137 LIB.
711 99 742 137 Γ.
780 99 907 137 CAP.
934 80 1122 136 xxxiv.
1174 113 1179 116 -
1540 105 1590 140 49

145 207 189 241 et
219 202 249 223 “·
263 214 360 254 quae
396 199 517 242 haud
550 199 676 242 facile
713 199 780 250 iis,
815 198 857 239 in
891 196 1048 253 quibus
1085 204 1187 238 nata
1220 206 1324 249 erat,
1362 197 1592 242 humiliora

146 258 305 297 sineret
322 272 371 298 ea
394 272 489 312 quae
515 256 788 313 innupsisset.
832 255 1144 311 Spernentibus
1164 254 1355 296 Etruscis
1375 256 1590 297 Lucumo-

147 328 243 354 nem
277 315 424 355 exsule
451 315 615 356 ·1dvena
644 324 802 364 ortum,
825 313 935 353 ferre
966 312 1268 368 indignitatem
1301 327 1386 353 non
1422 315 1590 367 potuit3

149 371 369 426 oblitaque
402 371 606 428 ingenitae
632 384 736 426 erga
757 371 941 425 patriam
963 370 1170 420 caritatis,
1192 370 1428 410 dummodo
1454 385 1588 411 virum

148 428 297 468 honor
290 440 407 469 itum
435 430 610 478 videret,
626 427 855 468 consilium
875 427 1088 482 migrandi
1113 428 1167 467 ab
1191 426 1435 481 Tarquiniis
1458 428 1590 482 cepit.

148 485 291 525 Roma
312 496 376 526 est
397 485 448 526 ad
470 485 509 525 id
536 485 808 540 potissimum
833 484 936 525 visa.
998 484 1042 524 in
1065 498 1179 524 novo
1204 483 1474 539 popu10,ubi
1499 499 1592 524 om-

147 544 211 582 nis
237 543 457 606 repentina
477 554 604 597 atque
626 556 680 582 ex
705 542 863 582 viitute
894 541 1098 582 nobilitas
1131 541 1200 590 sit,
1224 541 1414 581 futurum
1448 541 1591 582 locum

145 600 248 640 lorti
271 615 320 640 ac
343 611 516 639 strenuo
549 599 666 640 viro:
700 613 899 654 regnasse
932 598 1106 639 Tatium
1142 598 1379 639 Sabinum:
1413 599 1591 638 arcessi-

148 668 240 697 tum
272 657 314 697 in
348 670 526 711 regnum
561 656 751 697 Numam
782 671 807 696 a
838 655 1052 697 Curibus.
1099 665 1143 696 et
1172 654 1345 696 Ancum
1378 654 1588 695 6Sabina

149 724 345 755 matreor
351 723 455 762 tum,
475 718 502 739 ⁵⁷
520 713 796 767 nobilemque
813 727 883 754 un
875 729 899 754 (Γ
917 713 1105 769 imagine
1125 712 1283 753 Numae
1299 726 1405 752 esse.
1450 712 1591 753 Facile

149 770 388 827 persuadet,
423 783 467 810 ut
498 771 658 825 cupido
689 770 918 821 honor‚um
950 781 994 810 et
1006 746 1091 811 Ocni
1133 769 1356 825 Tarquinii
1398 779 1592 810 materna

148 837 313 868 tantum
339 828 477 882 patria
498 837 622 868 esset.
656 827 772 868 Sub]
765 827 845 868 atis
869 828 1014 882 itaque
1037 828 1163 868 rebus
1186 826 1476 882 commigrant
1500 826 1589 867 Ro-

149 899 280 925 mam.
340 885 408 925 Ad
440 884 688 926 Janiculuin
720 884 832 925 forte
863 894 1039 925 ventum
1069 893 1175 924 er.at
1203 884 1264 924 ibi
1296 885 1350 934 ei,
1380 894 1588 938 carpento

148 941 311 982 sedenti
345 957 442 983 cum
476 956 626 992 uxore,
657 942 814 997 aquila,
846 942 1061 997 suspensis
1093 940 1280 982 demissa
1309 940 1463 981 leniter
1497 941 1588 992 alis,

145 998 305 1055 pileum
337 999 501 1040 aufweit
536 1013 746 1063 superque
776 1009 1029 1055 carpentum
1059 1013 1159 1039 cum
1191 1012 1354 1053 maono
1385 998 1592 1054 clangore

145 1057 344 1107 volitans,
368 1071 524 1107 rursuS,
549 1056 663 1098 velut
680 1056 918 1097 ministerio
940 1056 1149 1098 divinitus
1170 1056 1314 1105 missa,
1334 1056 1466 1110 capiti
1489 1066 1592 1111 apte

148 1114 334 1169 reponit.
359 1113 456 1154 inde
479 1114 673 1154 sublimis
704 1113 829 1154 abiit.
887 1113 1120 1168 Accepisse
1152 1112 1194 1153 id
1228 1112 1457 1168 augurium
1490 1113 1593 1154 laeta

148 1171 307 1211 dicitur
327 1170 552 1226 Tanaquil,
578 1171 729 1226 perita,
745 1180 793 1211 ut
815 1170 945 1226 vulgo
969 1170 1155 1221 Etrusci,
1175 1169 1421 1211 coelestium
1445 1170 1592 1225 prodi-

148 1228 317 1279 giorum
334 1229 499 1269 mulier.
544 1227 727 1269 Excelsa
747 1236 790 1268 et
810 1206 915 1268 altaO
918 1242 1086 1283 sperare
1104 1227 1334 1282 complexa
1358 1227 1495 1267 virum
1519 1227 1594 1283 ju-

149 1286 236 1326 bet.
269 1288 404 1327 58eam
431 1285 575 1326 alitem
600 1300 649 1326 ea
672 1285 847 1340 regione
869 1286 970 1326 coeli
994 1294 1037 1326 et
1059 1285 1150 1340 ejus
1176 1284 1259 1325 Dei
1292 1285 1496 1325 nunciam
1522 1300 1591 1326 ve-

147 1343 275 1383 nisse.
300 1343 415 1384 circa
437 1357 651 1384 summum
674 1342 844 1384 culmen
867 1342 1089 1383 hominis
1078 1342 1319 1397 auspicium
1344 1340 1511 1382 fecisse.
1535 1342 1593 1382 lc-

148 1413 269 1441 vasse
301 1400 493 1440 humano
524 1400 843 1455 superpositum
875 1400 1009 1463 capiti
1040 1400 1184 1449 decus,
1216 1408 1264 1439 ut
1294 1398 1502 1440 divinitus
1533 1400 1596 1440 ei-

149 1452 247 1496 dem
272 1457 482 1498 ΓΓΓἈΓΓΓΓΕΓΕΓ
557 1457 650 1497 Has
674 1471 768 1512 spes
791 1457 1166 1511 cooitationesque
1188 1470 1333 1496 seeum
1357 1465 1593 1510 portantes,

149 1514 298 1554 urbem
332 1514 512 1569 inoressi
542 1522 668 1565 sunt;
699 1513 1007 1568 domicilioque
1039 1514 1097 1554 ibi
1130 1522 1397 1568 comparato,
1419 1513 1466 1554 L.
1489 1512 1595 1554 Tar-

148 1571 346 1625 quinium
377 1574 408 1598 ⁵⁹
423 1570 619 1612 Priscum
651 1570 821 1612 edidere
853 1582 1051 1612 nomen³.
1101 1571 1133 1594 ⁶⁰
1150 1570 1392 1611 Romanisb
1421 1572 1597 1626 conspi-

342 1660 357 1674 ⁸
368 1665 474 1685 nomen
486 1656 603 1685 edidere
619 1657 710 1685 Crev.
851 1654 866 1676 ¹³
883 1657 960 1686 Jam
976 1661 1004 1687 ee
1019 1657 1174 1687 Romanis
1188 1657 1287 1686 Gron.
1306 1656 1398 1686 Crev.

193 1717 233 1745 55
257 1713 342 1755 „choe
372 1716 463 1745 haud
486 1714 608 1755 facile]
643 1716 726 1756 Quae
757 1715 848 1746 haud
892 1717 1008 1747 nobiles
1023 1716 1316 1756 nuncupabantur.
1363 1715 1452 1745 Hinc
1477 1715 1596 1755 imagi-

147 1766 243 1796 aequo
267 1759 380 1788 animo
404 1763 573 1798 pateretur
598 1769 671 1789 eam
697 1759 848 1794 domum,
893 1770 951 1790 nes
975 1770 1036 1800 pro
1058 1760 1243 1790 nobilitate.
1288 1759 1378 1798 Quid
1406 1760 1450 1789 sit
1478 1766 1595 1789 autem

149 1802 184 1832 in
202 1811 300 1840 quam
326 1803 482 1832 nubendo
504 1804 696 1841 transierat,
712 1803 849 1833 humili·
893 1804 1016 1834 curulis
1033 1804 1262 1844 magistratus,
1278 1803 1343 1834 vid.
1359 1803 1395 1833 in
1415 1807 1485 1833 not.
1499 1803 1542 1833 ad
1564 1813 1594 1832 c.

150 1855 242 1874 orem
259 1854 329 1875 esse
345 1856 385 1875 ea
402 1846 488 1876 unde
505 1852 579 1877 orta
601 1852 684 1877 erat.
721 1846 849 1877 Grono—
917 1870 923 1878 .
941 1848 962 1878 1.
981 1847 1039 1879 IV.

151 1889 221 1918 zius
249 1899 289 1918 ex
317 1890 501 1920 certissima
528 1891 723 1927 coniectura
747 1892 849 1933 jussit
938 1894 978 1922 53
1002 1891 1095 1922 Eam
1114 1913 1120 1920 .
1140 1914 1148 1922 .
1165 1901 1204 1921 ea
1221 1913 1228 1921 .
1247 1913 1255 1921 .
1272 1888 1356 1932 ejus]
1376 1890 1440 1920 Per
1455 1889 1596 1930 epipho-

149 1931 217 1970 legi
239 1942 310 1972 quoe
325 1935 530 1974 innupsisset
548 1944 652 1974 quum
676 1934 766 1974 prius
791 1934 849 1964 ha-
894 1945 1004 1965 nema.
1072 1934 1199 1974 Magna
1227 1934 1275 1965 illi
1321 1934 1488 1974 portendi,
1525 1933 1594 1964 sive

152 1975 289 2006 beretur
302 1987 403 2016 quum
420 1979 623 2017 innupsisset.
895 1982 1104 2018 spectaretur
1115 1988 1154 2008 ea
1165 1979 1232 2008 ales
1248 1987 1323 2017 quae
1339 1977 1525 2017 auspicium
1547 1977 1597 2006 fe·

197 2020 238 2049 56
257 2020 382 2050 Sabina
398 2021 521 2060 matre]
535 2021 728 2052 Perizonius
739 2020 852 2052 Anim.
896 2024 1009 2059 cisset‚
1025 2023 1093 2052 sive
1116 2032 1156 2053 ea
1177 2022 1269 2061 regio
1286 2021 1358 2051 coeli
1384 2021 1471 2051 unde
1487 2021 1597 2050 venis-

152 2061 242 2092 Hist.
267 2073 295 2093 e.
324 2068 354 2094 3.
382 2064 447 2104 legi
467 2065 567 2102 jubet
593 2066 712 2095 ,Sabino
731 2070 852 2104 patre.-

896 2072 961 2104 set,
977 2067 1044 2096 sive
1068 2065 1095 2095 is
1119 2066 1213 2104 deus,
1231 2075 1352 2106 nempe
1367 2064 1515 2105 Jupiter,
1538 2074 1596 2094 cu-

152 2115 257 2144 quum
281 2106 401 2138 Sabina
425 2113 531 2138 mater
552 2109 650 2148 objici
666 2111 759 2139 Anco
781 2118 850 2139 non
889 2109 946 2149 jus
964 2109 1088 2139 nuncia
1102 2114 1202 2139 esset.

151 2149 268 2189 possit,
291 2155 330 2180 ut
352 2161 424 2189 quae
448 2154 534 2191 regis
562 2152 684 2182 Numae
709 2152 776 2182 filia
800 2154 850 2182 in-

152 2198 289 2231 gentem
308 2193 540 2226 claritudinem
555 2195 624 2226 filio
637 2196 848 2232 concili-aren

152 2237 434 2274 quemadmodum
464 2239 524 2268 hoc
550 2240 620 2278 ipso
646 2236 718 2270 1600
740 2239 849 2270 Tana-

152 2279 224 2318 quil
254 2283 407 2320 agnoscit
437 2282 487 2312 his
511 2284 631 2321 verbis,
656 2285 854 2323 nobilemque

102 2360 103 2363 Ἰ
153 2332 224 2354 una
238 2325 386 2363 imagine
401 2326 442 2356 JV
442 2335 527 2355 umoe
542 2337 615 2357 esse.
655 2327 780 2357 Contra
796 2328 854 2357 Sa·

157 2367 257 2397 binus
274 2373 370 2407 pater
393 2374 483 2399 recte
507 2370 605 2408 obiici
622 2370 714 2400 Anco
729 2378 853 2411 potest,

156 2409 257 2441 homo
282 2413 490 2451 peregrinus,
508 2423 569 2443 nec
594 2413 664 2443 ulla
687 2424 720 2444 re
741 2421 856 2452 notus,

153 2459 377 2494 praeterquam
394 2466 454 2486 suo
470 2466 545 2487 cum
561 2457 725 2497 pompilia
735 2458 850 2488 matri-

155 2498 281 2528 monio.
324 2499 421 2529 Unde
437 2501 563 2530 Seneca
585 2501 647 2540 Ep.
667 2503 736 2532 108.
766 2502 850 2531 Anez

147 2545 247 2582 pater
268 2544 400 2573 nullus:
424 2544 548 2574 IVumae
564 2553 657 2583 nepos
672 2545 804 2574 dicitur.

198 2587 238 2618 57
263 2585 413 2616 lVobt'lem
431 2609 438 2617 .
456 2611 462 2617 .
477 2597 547 2618 una
595 2588 757 2626 imagine]
801 2587 852 2617 Ex

153 2628 224 2658 solo
239 2638 299 2658 avo
314 2629 428 2660 Numa
443 2630 678 2661 claritudinem
696 2641 734 2661 ac
758 2631 852 2660 nobi-

152 2670 286 2702 litatem
305 2673 450 2704 trahere.
495 2674 664 2715 Imagines
687 2675 852 2714 maiorum

153 2724 288 2745 suorum
327 2717 362 2746 in
392 2717 571 2748 celebriore
609 2718 726 2748 domus
758 2721 852 2758 parte

155 2759 371 2790 asserxahant
399 2760 560 2792 Romani:
599 2771 667 2791 non
699 2762 851 2792 omnium

153 2805 283 2850 tamen,
306 2802 364 2833 sed
386 2813 502 2836 eorum
526 2806 582 2844 qui
608 2805 760 2835 curulem
783 2814 853 2834 ma-

154 2844 332 2884 gistratum
358 2849 550 2887 gessissent,
567 2858 708 2888 quorum
732 2850 853 2889 posteri

212 2900 320 2930 VOL.
354 2902 387 2931 1.

938 2157 979 2188 59
1003 2152 1174 2192 Priscum]
1224 2153 1378 2191 Sigonius
1424 2152 1598 2182 existimat

895 2197 1071 2227 delendam
1097 2206 1167 2226 esse
1193 2196 1280 2226 hanc
1309 2205 1435 2225 vocem.
1478 2195 1596 2234 Longe

894 2242 985 2271 enim
1007 2240 1219 2270 verisimilius
1242 2249 1313 2269 esse
1335 2243 1434 2279 putat.
1455 2238 1597 2277 Tarqui·

897 2285 992 2315 nium
1009 2293 1075 2314 non
1091 2284 1367 2322 cognominatum
1390 2282 1492 2312 fuisse
1510 2283 1597 2312 Pris-

898 2338 989 2366 cum,
1007 2329 1070 2357 nisi
1087 2327 1203 2357 multis
1220 2330 1295 2367 post
1310 2327 1420 2363 aunis,
1436 2330 1477 2356 ut
1499 2335 1519 2355 a
1535 2326 1596 2355 Su-

898 2372 1011 2412 perbo,
1029 2372 1085 2410 qui
1109 2371 1226 2400 eodem
1244 2371 1382 2408 nomine
1405 2379 1443 2399 ac
1466 2378 1594 2408 praeno-

899 2416 991 2445 mine
1006 2420 1090 2451 erat,
1108 2414 1384 2453 distingueretur.
1421 2413 1530 2451 Atque
1547 2413 1597 2443 ita

893 2463 1008 2489 censet
1031 2458 1133 2498 Dion.
1155 2458 1177 2488 1.
1202 2457 1258 2487 lv.
1303 2457 1387 2487 Eam
1411 2465 1526 2485 vocem
1555 2456 1611 2486 ab.

893 2512 961 2532 uno
974 2512 992 2531 e
1004 2502 1099 2532 MSS.
1116 2501 1185 2532 suis
1197 2501 1311 2532 abesse
1325 2504 1473 2530 testatur
1488 2499 1597 2530 Hear-

895 2547 983 2576 nius.

938 2590 980 2620 60
1003 2588 1083 2618 Jam
1101 2593 1131 2618 et
1147 2587 1305 2618 Romanis
1321 2608 1330 2617 .
1341 2607 1350 2616 .
1374 2609 1382 2617 .
1396 2587 1506 2626 etipse
1519 2597 1595 2626 quo-

895 2632 968 2672 que]
986 2631 1127 2662 Voculas
1144 2631 1221 2674 jam
1244 2635 1287 2668 et,
1305 2641 1343 2660 ac
1358 2640 1480 2671 quoque
1500 2631 1595 2669 igno·

896 2681 948 2705 rat
964 2675 1122 2705 Andreas,
1168 2675 1232 2705 Eas
1249 2674 1366 2704 itidem
1383 2674 1522 2704 abessea
1537 2683 1594 2702 sex

897 2719 1101 2749 membranis
1116 2724 1151 2748 et
1165 2718 1281 2758 primis
1293 2717 1495 2747 editionibus
1508 2717 1593 2746 affir-

899 2768 970 2791 mat
992 2762 1189 2792 Gronovius.
1233 2762 1305 2793 Nec
1321 2767 1503 2800 agnoscunt
1526 2766 1593 2789 tres

899 2815 916 2835 e
940 2806 1062 2838 nostris
1083 2805 1214 2848 optimi.
1261 2805 1303 2837 Et
1327 2805 1405 2844 quid
1429 2805 1468 2834 iis
1484 2812 1564 2843 opus
1579 2803 1592 2832 ἓ

961 2905 988 2932 Ε
