1991 3250
110 234 152 264 U.
169 233 207 264 C.
224 234 296 261 260.

109 277 151 306 A.
165 277 200 305 C.
217 279 291 305 49⁶2.

110 319 199 349 Plebs
215 327 263 348 re-

110 363 213 392 ducta.

110 469 245 499 Tribuni

112 515 158 544 Pl.
173 511 280 543 creati.

116 923 219 952 Volsci

118 968 203 996 victi.

119 1102 155 1129 C.
172 1097 285 1127 Marcii

119 1151 215 1178 onera
237 1142 297 1170 Co-

121 1186 190 1217 rioli
203 1186 297 1225 capti.

323 125 396 161 us
874 122 1013 162 T1T1
1049 110 1223 160 L1V1'1

382 221 626 264 XXXIII.
668 221 755 278 Agi
787 223 941 265 deinde
961 224 1014 265 de
1044 223 1279 266 concordia
1307 225 1582 279 coeptum-⁷⁹
1596 225 1772 266 conces-

325 293 505 334 sumque
535 280 591 320 ἰή·
610 280 896 332 conditiones,
917 291 967 322 ut
995 280 1110 338 plebi
1134 281 1198 321 sui
1231 280 1512 337 magistratus
1537 291 1677 322 esseut.
1707 294 1774 322 sa-

325 336 731 394 crosancti,·quibus
754 337 903 379 auxilii
925 337 1029 380 latio
1059 339 1260 380 adversus
1283 336 1479 379 consules
1498 346 1635 389 esset3
1664 352 1773 379 neve

325 393 396 434 cui
422 393 600 435 Patrum
621 408 774 456 capere
795 395 1224 450 eum‘magistratum·
1242 395 1401 436 liceret.
1462 394 1530 435 Ita
1558 396 1591 418 ⁸⁰
1608 394 1772 436 tribuni

326 451 467 507 plebei
499 451 630 492 creati
653 450 754 502 duo,
777 450 828 493 C.
864 451 1055 493 Licinius
1084 461 1128 493 ct
1159 451 1429 493 L.‘Albinus.
1460 452 1504 492 hi
1528 459 1612 491 tres
1642 451 1772 493 colle-

326 520 403 563 gas
424 507 505 548 sibi
525 509 791 549 creaverunt.
822 509 865 551 in
887 509 954 549 his
978 509 1186 550 Siciniun'i
1212 508 1355 562 fuisse,
1379 509 1602 551 seditionis
1624 515 1785 549 aucto-·

325 578 441 616 1·em;
479 564 531 606 de
561 565 744 616 duobus,
773 565 846 620 qui
880 565 1051 616 fuerint,
1082 566 1223 607 minus
1253 566 1472 608 convenit.
1504 568 1533 589 ⁸¹
1552 565 1677 617 Sunt,
1699 565 1784 620 qui'

326 622 434 662 duos
467 623 632 663 tantum
663 622 707 662 in
741 622 873 663 Sacro
903 623 1054 663 monte
1079 622 1245 664 cre'atos
1268 624 1462 664 tribunos
1493 636 1583 664 esse
1612 622 1775 674 dicant,

327 678 475 734 ibique
497 688 705 719 sacratam
732 678 872 735 legem
901 680 1047 720 latam.
1109 679 1193 721 Pe²r
1223 682 1504 722 secessionem
1535 678 1670 735 plebis
1699 678 1775 736 Sp.

329 735 503 777 Cassius
539 745 583 776 et
619 735 852 777 Postumus
893 735 1119 778 Cominius
1161 737 1431 778 consulatum
1464 737 1666 778 inierunt.
1706 736 1774 777 his

329 791 576 833 consulibus
607 806 706 833 cum
741 793 905 834 Latinis
928 793 1098 850 populis
1121 794 1254 835 ictum
1287 794 1446 836 foedus.
1480 794 1595 834 adid
1620 793 1776 834 ferien-

329 850 430 890 dum
454 848 602 890 consul
629 849 736 891 alter
758 849 913 892 Romae
947 851 1131 902 mansit3
1165 850 1282 902 alter,
1305 852 1357 892 ad
1389 851 1590 892 Volscum
1620 850 1785 892 bellum'

330 906 497 956 missus,
512 906 710 948 Antiates
728 907 906 949 Volscos
925 907 1068 948 fundit
1081 907 1310 963 fugatque:
1333 908 1576 964 compulsos
1593 907 1634 948 in
1651 906 1776 963 oppi-

330 963 431 1004 dum
455 963 692 1028 Longulam
715 975 975 1020 persecutUS,
994 965 1212 1006 moenibus
1233 966 1410 1021 potitur.
1447 965 1552 1006 Inde
1575 969 1608 990 ³²
1623 965 1774 1006 Polus-

331 1035 441 1071 cam,
465 1021 565 1061 item
592 1020 859 1073 Volscorum,
881 1023 1021 1077 cepit:
1055 1032 1146 1063 tum
1169 1037 1327 1079 magna
1350 1022 1387 1062 vi
1413 1022 1584 1063 adortus
1603 1032 1667 1062 est
1687 1020 1775 1062 Co-

332 1077 476 1118 riolos.
524 1077 622 1118 Erat
645 1088 735 1119 tum
758 1079 802 1120 in
825 1081 976 1121 castris
1000 1080 1112 1120 inter
1129 1080 1334 1134 primores
1349 1080 1560 1135 juvenum
1582 1078 1633 1119 C.
1656 1076 1778 1118 Mar-

332 1135 438 1185 cius,
459 1135 705 1176 adolescens
727 1146 771 1177 et
791 1136 972 1178 consilio
995 1146 1039 1177 et
1060 1151 1187 1177 mauu
1212 1148 1420 1192 promtuS,
1442 1136 1510 1178 cui
1533 1149 1778 1191 cognomen

331 1202 483 1249 postea
505 1191 737 1234 Coriolano
763 1192 860 1235 fuit.
913 1192 1062 1241 Quum
1085 1195 1230 1236 subito
1254 1195 1491 1235 exercitum
1516 1192 1782 1243 Romanum,

376 1297 418 1328 79
438 1293 685 1334 (buces-sumque
699 1296 733 1325 in
748 1295 952 1336 conditiones]
979 1297 1031 1327 De

333 1338 440 1374 nexis,
454 1347 593 1376 quorum
610 1348 710 1368 eausa
722 1339 796 1369 fons
814 1339 880 1370 fuit
891 1347 925 1370 et
941 1341 1032 1380 origo

332 1380 433 1418 hujus
444 1381 630 1422 seditionis,
644 1381 720 1412 silet
734 1382 860 1413 Livius.
886 1383 929 1413 At
945 1385 1034 1424 apud

333 1425 437 1456 Dion.
454 1425 644 1455 invenimus
659 1425 717 1456 has
733 1426 820 1466 plebi
839 1436 858 1457 a
874 1427 1034 1458 Menenio

334 1469 520 1508 propositas
545 1468 648 1499 fuisse
672 1470 892 1508 conditiones,
918 1475 956 1501 ut
979 1472 1036 1511 qui

335 1511 493 1542 solvendo
519 1522 584 1542 non
610 1518 734 1551 essent,
750 1514 790 1544 iis
813 1515 968 1546 omnibus
992 1525 1036 1545 aes

335 1555 485 1586 alienum
512 1556 758 1587 remitteretur:
776 1577 779 1579 —
794 1558 850 1597 qui
881 1562 940 1588 aut
963 1559 1037 1597 jam

336 1598 555 1629 creditoribus
572 1599 709 1638 addicti,
726 1607 798 1639 aut,
815 1601 927 1642 elapso
950 1602 1038 1632 solu-

337 1643 440 1672 tionis
468 1642 534 1680 die,
558 1652 599 1672 ex
627 1644 708 1683 legis
734 1645 766 1674 vi
791 1645 966 1675 addicendi
989 1645 1038 1675 fo-

336 1689 427 1723 rent,
443 1686 464 1715 ii
483 1690 595 1716 essent
616 1686 729 1718 liberi:
756 1689 790 1718 in
813 1688 980 1727 futurum,
997 1689 1038 1720 de

339 1730 509 1760 communi
536 1730 640 1770 plebis
656 1734 691 1761 et
714 1731 853 1762 Patrum
869 1733 1040 1763 sententia

338 1776 547 1803 statueretur
571 1774 650 1813 quid
680 1775 800 1805 sanciri
830 1785 912 1816 opus
939 1782 1039 1807 esset.

336 1816 434 1848 Nihil
449 1820 564 1846 tamen
582 1827 706 1848 novum
722 1818 854 1849 videtur
868 1820 1036 1850 sancitum

336 1860 454 1899 fuisse,
467 1860 594 1890 scilicet
606 1862 685 1901 quia
697 1863 879 1894 tribunicia
890 1867 1036 1903 potestas

337 1904 427 1944 plebi
456 1914 613 1936 concessa
642 1906 721 1936 satis
752 1905 899 1937 validum
928 1908 1037 1938 muni-

337 1953 496 1978 mentum
525 1949 594 1978 visa
631 1954 683 1980 est
714 1949 868 1981 adversus
899 1951 1037 1992 injurias

339 1991 590 2022 scene-ratetum.

385 2038 426 2066 80
452 2034 592 2066 Tribuni
601 2036 706 2075 plebei
721 2040 822 2068 creati
837 2038 916 2077 duo]
932 2038 1039 2079 Quin-

339 2088 404 2116 que
422 2088 441 2108 a
456 2078 577 2119 populo
593 2081 728 2111 curiatis
746 2083 890 2112 comitiis
909 2087 1038 2113 creatos

338 2122 441 2152 fuisse
479 2123 631 2153 tribunos
664 2124 768 2163 plebis
799 2125 903 2156 tradit
936 2126 1038 2156 Dion.

339 2165 453 2195 Primo
466 2165 538 2196 loco
551 2167 644 2206 ponit
659 2169 738 2206 (qua
750 2168 885 2207 quidem
898 2169 932 2199 in
945 2174 1039 2209 parte

340 2209 444 2239 ceteri
471 2219 600 2247 omues,
625 2216 746 2249 praeter
771 2216 935 2251 nostrum,
960 2223 1039 2243 cum

340 2262 382 2281 eo
394 2251 625 2292 consentiunt)
642 2254 678 2284 L.
691 2254 832 2285 drinium
846 2256 1038 2295 quemdam,

341 2296 397 2334 qui
422 2298 650 2335 cognominari
675 2298 806 2329 volebat
830 2300 966 2338 Brutus,
982 2310 1040 2330 cu-

334 2340 459 2378 jusque
476 2341 619 2370 maxime
635 2341 772 2382 consiliu
788 2342 879 2383 plebs
898 2344 931 2373 in
949 2351 1039 2374 com-

340 2383 497 2421 ponenda
513 2393 588 2414 cum
608 2384 759 2416 Patribus
776 2396 856 2426 pace
880 2396 940 2418 usa
954 2391 1038 2426 erat,

341 2430 377 2455 et
400 2425 436 2456 C.
453 2427 613 2458 Sicinium
637 2429 832 2469 secessionis
856 2437 1039 2462 auctorem.

341 2469 404 2499 His
422 2470 574 2510 adjungit
591 2471 628 2502 C.
646 2479 680 2502 et
703 2473 738 2503 P.
758 2473 915 2512 Licinius,
931 2479 965 2505 et
982 2476 1039 2515 Sp.

341 2512 473 2543 Icilium
491 2514 631 2554 Rugum.
678 2514 820 2548 Tribuni
836 2523 948 2548 autem
969 2519 1038 2559 ple-

340 2555 394 2585 bei
412 2556 488 2586 inde
504 2567 626 2589 nomen
641 2563 831 2598 traxerunt,
846 2567 933 2592 teste
944 2562 1040 2592 Varr-

341 2598 365 2628 1.
383 2598 437 2629 IV.
463 2600 502 2629 de
526 2600 607 2640 ling.
630 2601 705 2634 Lat.
722 2604 872 2643 quodssx
895 2605 1039 2636 tribunis

341 2642 489 2673 militum
507 2644 585 2674 sac-ti
597 2651 718 2678 esseut.
741 2647 908 2679 *Tribuni
924 2657 1037 2680 autem

340 2685 489 2717 militum
518 2688 557 2717 ab
587 2691 732 2729 antiquis
757 2691 910 2723 tribubus
938 2693 1038 2723 Ram-

341 2730 509 2767 nensium‚
525 2731 740 2770 Titiensium,
764 2734 946 2774 Lucerum,
966 2737 1040 2776 qui-

342 2773 402 2802 bus
439 2775 537 2803 terni·
565 2776 834 2815 praeficiebantur
872 2779 905 2810 in
939 2780 1038 2819 bello,

340 2815 420 2846 dicti
438 2817 582 2848 fuerant.

383 2863 419 2890 el
458 2860 541 2892 Sunt
558 2864 624 2903 qui.
637 2883 644 2895 .
659 2887 665 2895 .
683 2865 793 2897 decane
814 2866 867 2899 ibi.
879 2887 887 2898 .
903 2889 909 2898 .
926 2876 1038 2899 sacra·

1077 1303 1144 1328 eam
1163 1299 1267 1336 legem
1285 1296 1403 1335 latam]
1431 1295 1580 1327 Sacratce
1594 1297 1679 1334 leges
1688 1299 1778 1331 sunt,

1079 1342 1189 1380 inquit
1209 1341 1335 1379 F‹.st11s,
1348 1341 1462 1381 quibus
1477 1341 1639 1370 sancitum
1652 1343 1710 1377 est,
1721 1339 1779 1378 qui.
1802 1370 1804 1373 ,

1076 1385 1156 1425 quid
1173 1385 1328 1415 aduersus
1350 1394 1404 1414 eas
1413 1384 1547 1423 sec-erit,
1562 1392 1655 1413 sacer
1677 1383 1779 1413 alicui

1078 1429 1212 1458 deorum
1238 1430 1279 1458 sit
1305 1438 1378 1458 ctam
1396 1426 1541 1466 familia
1565 1427 1788 1467 pecuniaque.

1081 1473 1200 1511 Itaque
1217 1482 1285 1502 nou
1299 1472 1369 1502 sula
1386 1472 1437 1501 lex
1451 1470 1490 1501 de
1514 1470 1658 1501 tribunis
1674 1469 1780 1510 plebis

1081 1522 1212 1546 sacrata
1227 1516 1303 1546 fuit.
1349 1515 1499 1546 Aliarum
1517 1523 1647 1554 quoque
1670 1522 1787 1554 sacra.-¹

1081 1564 1191 1590 tarum
1209 1559 1321 1598 legum
1339 1559 1467 1588 mentio
1482 1557 1666 1588 identidem
1691 1555 1782 1596 apud

1082 1603 1214 1633 Livium
1239 1603 1398 1639 occurrit,
1422 1607 1461 1631 ut
1484 1601 1546 1631 ΙΙΙ.
1569 1602 1622 1632 3⁶2.
1647 1603 1681 1630 et
1703 1598 1780 1631 VH.

1081 1649 1134 1677 41.
1179 1647 1250 1676 Iino
1267 1651 1301 1676 et
1317 1645 1404 1686 apud
1419 1645 1500 1675 alios
1518 1644 1654 1684 populos
1669 1653 1780 1674 sacra-

1081 1694 1125 1720 tae
1150 1689 1239 1729 leges
1267 1690 1344 1719 latae
1369 1689 1595 1729 reperiuntur,
1617 1693 1702 1728 puta
1721 1686 1781 1717 AE-

1082 1744 1163 1774 quos
1190 1738 1225 1763 et
1246 1733 1395 1771 Volscos,
1419 1737 1506 1763 teste
1534 1730 1627 1761 Livio
1651 1730 1708 1762 1V.
1722 1730 1778 1761 ⁶26.

1085 1777 1152 1808 Lex
1168 1781 1280 1807 tamen
1299 1776 1339 1806 «le
1362 1776 1519 1813 tribunis,
1535 1775 1612 1814 quia
1634 1778 1781 1804 saerata-

1080 1831 1154 1851 rum
1178 1821 1329 1851 onmium
1354 1819 1466 1859 legum
1491 1818 1719 1855 celeberrima,
1743 1820 1780 1848 et

1081 1864 1204 1905 populo
1216 1865 1386 1895 carissima
1398 1864 1476 1901 fuit,
1487 1864 1539 1893 lea:
1547 1866 1679 1893 sacrata
1691 1870 1781 1901 saepe

1081 1908 1151 1938 και-τ’
1180 1907 1282 1948 ἐξοχὴν
1312 1907 1447 1938 dicitur.
1503 1906 1602 1937 Porro
1633 1905 1780 1936 dubitari

1082 1962 1148 1982 non
1166 1956 1289 1992 potest,
1306 1952 1385 1991 quin
1410 1950 1481 1982 haec
1500 1954 1631 1980 sacrata
1646 1943 1698 1979 l‘ex
1716 1948 1781 1978 hoc

1082 2000 1235 2035 tempore
1266 1994 1335 2025 lata
1369 1995 1425 2025 sit.
1484 1993 1549 2024 Sed
1580 1992 1663 2023 illud
1692 1992 1783 2022 inter

1082 2039 1260 2079 scriptores
1291 2039 1429 2069 fortasse
1467 2037 1712 2076 ambigebatur,
1743 2045 1782 2065 u-

1082 2088 1174 2113 trum
1191 2083 1226 2113 in
1241 2083 1312 2124 ipso
1328 2083 1428 2113 Sacro
1443 2088 1571 2118 monte,
1588 2090 1630 2110 an
1647 2081 1680 2110 in
1700 2079 1780 2109 urbe

1083 2132 1158 2166 post
1174 2126 1319 2157 reditum
1337 2126 1441 2166 plebis
1455 2125 1523 2155 lata
1535 2124 1666 2154 fuisset.
1695 2123 1780 2153 Eam

1084 2174 1198 2200 autem
1224 2169 1285 2200 hoc
1310 2169 1408 2199 modo
1435 2170 1553 2199 recitat
1578 2166 1779 2208 Dionysius:
1815 2175 1819 2178 ’

1086 2213 1269 2244 Tribunum
1293 2223 1384 2243 ⁴nemo
1410 2214 1443 2242 in
1465 2213 1608 2242 ordinem
1632 2210 1781 2250 redigite),

1082 2267 1185 2298 neque
1199 2258 1337 2287 invitum
1353 2255 1653 2297 quidqnamsacere
1668 2254 1781 2301 cogi-to,

1084 2311 1142 2331 nec
1155 2301 1332 2338 verberato,
1349 2310 1406 2331 nec
1420 2302 1525 2331 (dium
1542 2299 1714 2329 verberare
1720 2306 1783 2338 Ju-

1085 2345 1168 2377 beto,-
1193 2354 1250 2374 uec
1260 2344 1402 2382 occidim,
1414 2354 1470 2374 nec
1485 2343 1582 2374 occidi
1588 2340 1712 2382 jubeto.
1744 2339 1783 2370 Si

1084 2390 1154 2428 quis
1176 2388 1436 2428 contrafecerit,
1451 2396 1542 2418 sacer
1563 2389 1638 2423 esto,
1653 2388 1684 2415 ee
1703 2384 1784 2414 bona

1082 2430 1153 2472 ejus
1181 2433 1288 2462 vereri
1311 2442 1407 2462 sacra
1429 2434 1542 2462 smila.-
1569 2433 1600 2459 et
1625 2429 1681 2470 qui
1705 2435 1782 2458 eum

1083 2475 1243 2514 occiderit,
1265 2485 1375 2516 parics
1403 2485 1424 2505 a
1454 2473 1537 2504 caede
1565 2476 1638 2503 esto.
1684 2470 1782 2501 Hanc

1082 2519 1190 2559 legem
1207 2520 1533 2559 ouuwsjuraverunt
1548 2525 1649 2555 seque
1661 2519 1695 2545 et
1708 2524 1783 2555 pos-

1082 2568 1169 2593 toi-03
1199 2565 1232 2594 in
1261 2563 1505 2604 sempiternum
1535 2560 1780 2590 observaturos.

1083 2607 1209 2637 Praetcr
1236 2607 1402 2643 tribunos,
1432 2605 1514 2635 duos
1544 2612 1675 2643 quoque
1704 2605 1780 2632 tum

1083 2650 1194 2680 aediles
1210 2650 1327 2690 plebis,
1339 2648 1600 2679 concedentibus
1614 2645 1780 2683 Patribus,

1083 2697 1290 2730 creaverunt,
1300 2693 1357 2733 qui
1367 2692 1578 2723 tribunorum
1589 2689 1781 2721 administri

1084 2742 1118 2768 et
1134 2737 1301 2776 adjutores
1317 2740 1439 2767 essent.
1470 2735 1571 2766 Dion.
1587 2733 1609 2764 1.
1627 2730 1683 2764 Vl.

1127 2783 1168 2812 82>
1201 2780 1376 2811 Poluscam
1404 2777 1496 2817 ilem]
1529 2778 1583 2808 Sic
1611 2781 1701 2807 reete
1729 2775 1782 2806 Si-

1082 2825 1213 2863 gonius.
1259 2825 1369 2854 Antea
1387 2824 1538 2863 protinus
1554 2821 1781 2852 Mucamitem.

1083 2867 1221 2899 Polusca
1237 2875 1350 2899 rursus
1368 2866 1558 2910 appellatur
1578 2864 1666 2897 infra
1680 2872 1709 2895 c.
1725 2862 1779 2897 39.
