1925 3239
577 94 697 133 LIB.
726 95 810 134 VH.
848 96 975 133 CAP.
1001 95 1193 135 XXXIX.
1523 105 1593 137 441

175 196 290 237 haud
314 197 450 237 minus
483 196 643 237 tribuni
675 196 840 237 celebre
872 209 1043 245 nomen,
1067 210 1195 250 quam
1228 197 1464 248 consulum,
1486 209 1609 242 esset.
1624 213 1665 244 U.
1685 214 1721 244 C.
1737 217 1812 246 4120.

175 253 492 308 Campanorum
517 253 668 294 deinde
695 256 727 279 ⁷⁸
743 253 1134 306 Suessanorumque
1166 254 1320 294 auditae
1352 255 1585 310 legationes
1601 275 1609 299 :
1626 259 1663 289 A.
1679 258 1717 289 C.
1733 262 1815 289 34⁰-·

176 311 536 364 precantibusque
557 310 718 359 datum,
741 319 788 350 ut
812 310 1054 364 praesidium
1079 324 1130 350 eo
1153 310 1196 349 in
1218 309 1394 351 hiberna
1426 314 1613 354 mittere-

176 375 259 415 tur,
282 381 366 421 quo
389 366 644 407 Samnitium
669 368 944 406 excursiones
966 376 1223 407 arcerentur.
1254 370 1285 395 ⁷⁹
1300 367 1397 408 Jam
1421 379 1511 410 turn
1533 371 1612 413 mi-

177 423 291 463 nime
327 423 505 464 salubris
540 422 711 462 militari
744 422 981 477 disciplinae
1017 423 1168 478 Capua
1206 424 1488 466 instrumento
1521 441 1611 468 orn—
1626 449 1808 478 Remmiu-

175 480 292 520 nium
318 479 598 534 voluptatium
631 478 838 530 delenitos
871 480 1058 520 militum
1091 480 1257 520 animos
1286 483 1438 521 avertit
1469 497 1492 522 a
1525 498 1610 524 me-
1624 495 1690 519 tum
1706 493 1741 520 dt·
1756 502 1807 521 oc-

173 537 310 576 moria
332 537 476 591 patriae
496 553 504 577 :
536 536 835 591 inibanturque
857 537 1034 576 consilia
1055 536 1098 576 iu
1123 536 1310 577 hibernis
1340 539 1489 579 eodem
1521 554 1609 580 sce·
1623 536 1761 594 ⁰}fl’*²¹¹‘³²f

172 592 257 633 lere
278 592 515 633 adimendae
541 593 772 647 Campanis
797 593 976 647 Capuae,
998 598 1030 618 so
1045 606 1119 648 per
1140 593 1254 647 quod
1277 593 1336 634 illi
1369 609 1462 636 eam
1495 599 1606 637 anti-
1620 579 1729 650 Stis-,Eua
1744 586 1815 608 ‘⁰¹²‘

170 649 266 703 quis
288 649 523 690 cultoribus
546 649 825 690 ademissent:
857 664 982 704 neque
1002 648 1190 690 inmerito
1211 665 1325 691 suum
1347 651 1607 705 ipsummet·-

171 705 344 759 emplum
364 707 407 746 in
429 720 490 746 eos
511 720 734 747 versurum.
798 706 880 746 Cur
901 713 1035 747 nutem
1060 706 1196 761 potius
1231 706 1432 762 Campani
1464 724 1610 765 agrum

171 761 311 802 Italiac
330 762 593 813 uberrimum,
615 763 782 818 dignam
804 777 904 819 agro
929 763 1080 814 urbem,
1102 764 1174 818 qui
1195 778 1262 804 nec
1284 779 1322 805 se
1344 779 1409 805 nec
1439 781 1511 806 sua
1543 775 1608 807 tu-

170 819 256 859 tari
272 819 440 873 possint,
463 834 584 875 quam
606 821 736 860 victor
757 820 952 860 exerc-itus
983 819 1159 869 haberet,
1183 821 1254 875 qui
1286 836 1358 861 suo
1388 823 1532 864 sudore
1563 839 1609 864 ac

170 876 368 931 sanguine
387 876 480 917 inde
507 876 705 917 Samnites
725 876 938 931 depulisset
954 875 975 916 5?
1008 877 1076 916 An
1110 891 1266 932 aequum
1288 893 1378 927 esse,
1400 879 1610 921 dediticios

170 946 259 972 suos
279 931 354 973 illa
361 931 587 988 fertilitate
607 940 728 988 atque
750 935 979 974 amoenitate
992 932 1182 989 perfrui3
1211 949 1265 984 se,
1285 934 1498 976 militando
1517 935 1611 991 jes-

169 1002 244 1039 ses,
266 989 308 1029 in
324 989 539 1043 pestilente
559 997 680 1044 atque
701 990 819 1031 arido
851 991 961 1031 circa
992 992 1129 1031 urbem
1160 991 1243 1031 solo
1276 991 1441 1042 luctari,
1463 1001 1535 1033 ant
1565 995 1611 1034 in

170 1045 268 1086 urbe
300 1046 532 1087 insidentem
563 1048 695 1088 tabem
727 1047 932 1087 crescentis
960 1047 1003 1087 in
1035 1046 1118 1087 dies
1136 1047 1316 1103 foenoris
1337 1047 1467 1103 pati?
1498 1049 1610 1091 Haec

169 1103 332 1158 agitata
350 1103 532 1145 occultis
555 1104 941 1159 conjurationibus,
962 1104 1146 1144 necdum
1177 1104 1353 1160 vulgata
1385 1107 1428 1146 in
1461 1121 1608 1147 omnes

169 1159 363 1209 consilia,
386 1160 550 1201 invenit
571 1175 706 1201 novus
727 1160 875 1201 consul
898 1160 948 1201 C.
970 1161 1161 1201 Marcius
1184 1161 1370 1212 Rutilus,
1387 1163 1455 1203 cui
1479 1163 1607 1204 Cam-
1621 1187 1661 1217 U.
1680 1187 1716 1216 C.
1734 1189 1807 1216 413.

170 1216 296 1271 pania
318 1227 430 1257 sorte
451 1218 671 1271 provincia
692 1227 903 1267 evenerat,
927 1218 982 1263 Q.
1002 1217 1181 1258 Servilio
1198 1218 1362 1274 collega
1383 1219 1433 1259 ad
1459 1222 1603 1261 urbem
1620 1231 1656 1259 Α.
1675 1230 1710 1258 (ζ,
1727 1233 1801 1278 3:59.

169 1272 331 1313 relicto.
394 1273 545 1328 Itaque
567 1289 697 1328 quum
721 1274 864 1315 omnia
891 1288 953 1324 ea,
976 1275 1087 1315 sicut
1121 1284 1240 1329 gesta
1270 1286 1403 1326 erant,
1427 1291 1500 1331 per
1533 1279 1605 1317 tri-
1619 1274 1787 1334 033121‘030

170 1329 308 1371 bunos
329 1341 552 1385 comperta
576 1332 763 1381 liaberet,
787 1342 829 1371 et
852 1341 977 1372 aetate
999 1342 1041 1371 et
1065 1346 1139 1371 usu
1163 1332 1312 1372 doctus
1333 1334 1511 1388 (quippe
1532 1335 1602 1388 qui
1618 1317 1813 1389 ξξιῇυςέυξξῖ”

163 1385 257 1440 jam
279 1397 474 1441 quartum
498 1388 646 1428 consul
667 1398 791 1438 esset,
813 1388 1083 1442 dictatorque
1104 1398 1146 1428 et
1166 1403 1316 1429 censor
1343 1390 1509 1440 fuisset)
1531 1406 1607 1446 op-

169 1443 323 1483 timum
352 1454 481 1495 ratuS,
503 1443 737 1485 differendo
771 1459 903 1500 spem,
926 1445 1281 1499 quandocumque
1316 1446 1483 1497 vellent,
1505 1462 1608 1488 con-

169 1499 250 1540 silii
275 1501 550 1555 exsequendi,
572 1502 795 1541 militarem
823 1502 1016 1556 inpetum
1038 1501 1256 1552 frustrari;
1288 1517 1496 1544 rumorem
1522 1505 1608 1545 dis-

169 1556 294 1612 sipat,
317 1557 358 1597 in
384 1558 531 1598 iisdem
555 1558 724 1612 oppidis
747 1568 790 1598 et
812 1572 924 1598 anno
960 1567 1055 1614 post
1087 1559 1286 1613 praesidia
1318 1560 1607 1602 hibernatura.

166 1613 304 1654 divisa
335 1614 449 1654 euim
482 1624 602 1654 erant
637 1629 710 1670 per
742 1615 991 1670 Campaniae
1026 1616 1163 1664 urbes,
1195 1629 1552 1672 manaverantque
1583 1633 1607 1659 a

166 1669 321 1725 Capua
341 1671 519 1711 consilia
540 1672 584 1712 in
607 1672 842 1712 exercitum
865 1686 1052 1712 omnem.
1113 1671 1177 1712 Eo
1212 1672 1455 1714 laxamento
1487 1675 1606 1730 cogi-

168 1727 404 1767 tationibus
425 1728 542 1776 dato,
563 1729 788 1782 quievisin
812 1728 1039 1783 praesentia
1060 1729 1226 1770 seditio.

225 1783 466 1825 XXXIX.
501 1784 678 1835 Consul,
699 1785 854 1826 educto
878 1786 920 1826 in
951 1785 1099 1825 aestiva
1133 1787 1282 1836 milite,
1304 1787 1405 1828 dum
1421 1788 1604 1842 -quietos
1617 1803 1693 1831 Arte
1708 1801 1774 1830 eiu-

169 1839 382 1881 Samnites
403 1841 604 1892 habebat,
627 1842 862 1882 exercitum
885 1856 1068 1897 purgare
1101 1846 1130 1866 8¹
1146 1843 1421 1884 missionibus
1457 1846 1604 1885 turbu·
1616 1847 1742 1875 duntur.

166 1896 375 1941 lentorum
401 1897 623 1941 hominum
646 1899 849 1949 instituit,
873 1899 965 1939 aliis
984 1898 1161 1939 emerita
1181 1899 1362 1957 diceudo
1395 1901 1606 1955 stipendia

166 1967 270 2005 esse,
290 1953 394 1995 alios
418 1969 566 2010 graves
582 1956 674 2010 jam
699 1964 839 2006 aetate,
862 1965 936 1996 aut
958 1955 1117 1996 viribus
1143 1956 1287 2010 parum
1314 1957 1488 1998 validos.
1509 1959 1604 2013 qui-

165 2009 260 2050 dam
291 2011 379 2052 8‘³in
412 2023 674 2053 commeatus
710 2012 1005 2062 mittebantur,
1028 2012 1183 2068 singuli
1216 2013 1369 2067 primo,
1391 2014 1542 2055 deinde
1563 2024 1606 2055 et

166 2067 365 2108 cohortes
384 2069 718 2123 quaedamsquia
740 2068 888 2123 procul
909 2069 963 2109 ab
985 2069 1114 2109 domo
1137 2085 1186 2110 ac
1209 2071 1331 2110 rebus
1355 2071 1440 2111 suis
1462 2071 1604 2112 hiber-

166 2133 351 2164 nassent.
412 2124 494 2165 Per
515 2128 700 2181 speciem
723 2127 852 2166 etiam
876 2125 1117 2166 militarium
1147 2141 1311 2176 usuum,
1334 2130 1363 2151 ³³³
1379 2142 1508 2182 quum
1531 2129 1600 2169 alii

166 2179 251 2220 alio
275 2180 555 2232 mitterentur,
577 2197 734 2238 magna
764 2197 857 2238 pars
890 2181 1090 2236 ablegati.
1124 2197 1249 2236 quam
1283 2183 1601 2226 multitudinem

165 2236 315 2278 consul
335 2237 441 2277 alter
463 2237 616 2291 Romae
648 2248 904 2294 praetorque,
927 2238 1030 2278 alias
1063 2253 1117 2279 ex
1151 2239 1243 2280 aliis
1278 2240 1478 2296 fingendo
1511 2257 1601 2282 mo-

165 2307 245 2345 ras,
267 2294 491 2347 retinebat,
553 2294 609 2335 Et
637 2297 776 2350 primo
807 2295 994 2351 quidem,
1017 2295 1153 2350 ignari
1183 2295 1501 2349 ludificationis,
1524 2299 1603 2347 mi-

203 2432 245 2464 78
271 2428 581 2471 Suessanorumque]
591 2430 694 2461 Jubet
709 2432 861 2471 Sigonius

161 2472 227 2512 legi
255 2472 602 2514 Suessulanorumque:
636 2484 697 2504 nec
723 2475 861 2505 fortasse

928 2442 973 2462 ra.

904 2441 924 2472 p
949 2475 1243 2514 81²*Jsissiom'bus]
1262 2477 1429 2507 Mittendo
1446 2488 1466 2508 a
1485 2479 1601 2519 signis,

160 2517 232 2546 sine
248 2526 359 2547 causa.
404 2517 558 2547 Suessula
572 2519 662 2547 enim
683 2520 819 2558 propius
843 2529 863 2555 a

161 2558 277 2599 Capua
291 2560 397 2597 abest,
414 2570 513 2599 quam
529 2561 659 2597 Suessa,
675 2566 710 2590 et
724 2561 765 2591 ad
787 2566 861 2591 eam

160 2598 348 2642 pugnatum
360 2604 430 2642 jam
448 2613 524 2634 cum
541 2604 746 2634 Samnitibus
761 2610 822 2634 est.

204 2649 246 2680 79
268 2645 351 2676 Jam
365 2646 453 2686 tum]
472 2646 544 2676 Hoc
560 2647 684 2677 dictum
701 2652 752 2677 est
762 2657 859 2687 prop-

160 2691 212 2718 ter
227 2687 366 2719 hiberna
380 2689 564 2727 Annibalis,
581 2691 674 2730 cujus
697 2691 861 2721 exercitus

159 2730 283 2770 Capuae
299 2738 473 2772 corruptus
489 2739 549 2763 est.
571 2734 744 2763 sinemus.

206 2777 247 2804 80
270 2774 340 2805 Per
352 2776 435 2815 quod
449 2777 496 2806 illi
512 2786 583 2806 eam
599 2778 740 2816 antiquis
760 2778 861 2807 culto·

163 2817 251 2848 ribus
268 2818 473 2859 ademissent]
494 2820 566 2850 vid.
585 2820 606 2850 l.
626 2819 681 2851 lv.
697 2830 726 2851 e.
742 2824 794 2855 37.
806 2830 860 2851 su-

904 2518 1059 2548 solvendo
1076 2520 1195 2549 militia
1210 2529 1264 2549 eos
1281 2521 1336 2559 qui
1352 2521 1545 2554 turbulento
1568 2529 1602 2554 et

906 2561 1043 2592 factioso
1060 2563 1194 2601 ingenio
1211 2569 1316 2593 eraut.

947 2607 988 2635 852·
1016 2606 1053 2635 In
1076 2607 1281 2646 commeatus]
1310 2607 1346 2638 In
1378 2617 1450 2646 quae
1483 2609 1601 2648 cuique

902 2647 1020 2678 liberet
1037 2649 1119 2686 loca,
1131 2649 1214 2679 dato«
1222 2655 1423 2682 commeatu.

949 2693 989 2722 83
1028 2691 1143 2732 Quum
1178 2694 1236 2722 alii
1278 2695 1343 2724 ulio
1379 2693 1597 2733 mitterentur]

903 2735 1056 2774 Quatuor
1078 2734 1139 2765 has
1162 2745 1269 2772 voces,
1286 2747 1358 2776 quae
1382 2748 1460 2767 sane
1484 2748 1599 2777 parum

906 2778 1097 2809 uecessariae
1112 2784 1204 2816 sunt,
1221 2781 1348 2811 omittit
1364 2781 1522 2812 Andreas.
