1925 3239
445 312 782 377 EPITOME
817 316 1028 370 LIBRI
1066 315 1168 374 IX.

99 561 171 628 T,
199 586 523 628 VETURIUS
550 592 590 627 et
622 588 694 640 Sp.
728 587 978 627 Postumius
1002 587 1119 640 apud
1154 588 1369 629 Caudinas
1400 589 1514 632 Fam

91 659 176 694 cas,
208 645 382 685 deducto
420 645 465 684 in
505 645 637 684 locum
677 649 819 684 artum
859 646 1056 694 exercitu,
1097 658 1225 698 quum
1264 646 1384 685 nulla
1423 661 1516 700 spes

90 701 296 741 evadendi
324 706 443 748 esset,
464 699 638 754 foedere
667 714 760 740 cum
794 700 1056 740 Samnitibus
1075 701 1218 754 facto,
1241 708 1281 741 et
1312 706 1517 744 sexcentis

90 756 300 812 equitibus
339 756 546 797 Romanis
584 756 797 796 obsidibus
835 757 961 806 datis,
991 758 1056 797 ita
1095 759 1322 798 exercitum
1352 759 1517 800 abdux-

89 819 228 863 erunt,
250 819 299 854 ut
329 827 470 853 omnes
500 813 577 854 suh
595 811 760 866 jugum
792 813 1071 854 mitterentur.
1102 815 1321 864 iidemoue,
1344 822 1518 857 anctore

92 871 165 922 Sp.
197 870 418 910 Postumio
448 870 628 919 consule,
664 867 760 923 (qui
788 870 832 910 in
861 875 1011 910 senatu
1040 877 1252 921 suaserat,
1282 877 1332 911 ut
1371 886 1516 914 eorum

87 927 309 976 deditione,
340 940 513 980 quorum
553 926 676 977 culpa
716 931 804 965 tam
842 925 1031 978 deforme
1057 926 1208 980 foedus
1247 929 1375 968 ictum
1407 937 1514 981 erat,

82 983 258 1036 publica
282 982 400 1036 fides
441 981 712 1037 liberaretur)
749 995 842 1022 cum
880 982 1042 1022 duobus
1081 983 1263 1024 tribunis
1298 985 1434 1036 plebis
1474 992 1515 1027 et

86 1039 291 1089 omnibus,
312 1040 386 1093 qui
412 1038 566 1092 foedus
596 1040 917 1092 spoponderant,
948 1039 1080 1079 dediti
1117 1041 1394 1091 Samnitibus,
1430 1055 1515 1083 non

86 1101 187 1135 sunt
233 1096 400 1149 recepti.
439 1109 514 1135 nec
561 1096 693 1135 multo
732 1101 844 1147 post,
872 1094 998 1147 fusis
1037 1110 1061 1134 a
1103 1096 1284 1149 Papirio
1335 1098 1515 1139 Cursore

86 1153 351 1192 Samnitibus
390 1157 431 1191 et
478 1151 555 1191 sub
591 1150 757 1205 jugum
809 1153 961 1200 missis,
1001 1152 1259 1207 receptisque
1308 1157 1513 1195 sexcentis

83 1208 295 1262 equitibus
327 1208 545 1256 Romanis,
577 1209 650 1262 qui
686 1208 846 1247 obsides
885 1209 979 1248 dati
1017 1216 1152 1260 erant,
1176 1211 1320 1262 pudor
1353 1213 1512 1263 prioris

70 1265 248 1320 flagitii
277 1265 462 1305 abolitus
489 1270 563 1304 est.
627 1264 783 1304 Tribus
822 1265 912 1304 duae
942 1265 1118 1319 adjectae
1163 1273 1275 1316 sunt,
1313 1265 1512 1320 Ufentina

80 1327 121 1362 et
137 1319 343 1362 Falerina.
376 1321 523 1362 Suessa
537 1327 575 1361 et
591 1319 752 1361 Pontice
768 1319 932 1360 coloniae
947 1320 1118 1361 deduc-tce
1134 1329 1239 1363 sunt.
1276 1323 1361 1376 Ap.
1382 1326 1510 1367 Clam

82 1378 180 1418 dius
218 1391 362 1418 censor
400 1391 557 1431 aquam
588 1379 790 1431 perduxit
806 1394 819 1417 .·
868 1378 982 1417 viam
1021 1381 1189 1427 stravit,
1227 1393 1323 1433 quoe
1362 1382 1510 1435 Appia

80 1439 233 1474 vocata
253 1440 340 1474 est:
371 1435 660 1474 libertinorum
676 1434 800 1486 filios
831 1435 873 1473 in
907 1440 1099 1474 senatum
1132 1437 1249 1489 legit.
1310 1437 1508 1492 Ideoque,

82 1492 282 1544 quoniam
319 1491 356 1531 is
395 1492 497 1530 ordo
535 1489 757 1531 videbatur
786 1491 1034 1544 inquinatus
1063 1493 1266 1545 indignis,
1297 1497 1509 1547 sequentis

81 1547 186 1588 anni
214 1547 403 1588 consules
444 1549 515 1588 ¹in
548 1552 697 1587 senatu
727 1547 901 1600 legendo
932 1547 1274 1597 observaverunt,
1307 1552 1508 1603 quemad-

80 1604 250 1644 modum
290 1609 390 1644 ante
430 1617 512 1657 per
551 1605 767 1657 proximos
806 1616 993 1643 censores
1033 1605 1300 1645 observatum
1333 1604 1506 1661 fuerat.

80 1660 171 1700 Res
192 1666 408 1713 praeterea
447 1665 592 1700 contra
623 1660 799 1713 Apulos,
833 1660 1053 1709 Etruscos,
1094 1661 1284 1712 Umbros,
1317 1663 1505 1714 Marsos,

80 1717 303 1771 Pelignos,
327 1715 486 1771 AEquos
519 1722 560 1757 et
593 1717 818 1765 Samnites,
850 1715 1001 1770 quibus
1024 1716 1182 1770 foedus
1213 1723 1306 1758 erat
1332 1722 1504 1760 restitu—

80 1778 187 1823 tum,
220 1786 422 1826 prospere
458 1780 604 1826 gestas
641 1774 836 1813 continet.
898 1772 1078 1813 Flavius
1117 1774 1268 1825 scriba,
1309 1776 1506 1817 libertino

71 1835 202 1883 patre
240 1835 384 1880 natus,
414 1830 552 1869 aedilis
590 1829 750 1870 curulis
769 1828 871 1883 fuit
902 1843 983 1883 per
1006 1829 1231 1883 forensem
1261 1831 1505 1885 factionem

77 1891 246 1926 creatus
264 1902 278 1926 .·
309 1900 399 1940 quse
419 1899 547 1940 quum
568 1887 737 1926 comitia
773 1891 813 1925 et
845 1899 1037 1939 campum
1071 1886 1276 1937 turbaret,
1300 1894 1340 1928 et
1372 1890 1415 1928 in
1450 1891 1504 1930 iis

68 1947 248 1996 propter
276 1944 431 1983 nimias
466 1944 578 1983 vires
609 1943 911 1992 dominaretur,
940 1956 968 1982 a
1008 1943 1057 1990 Q.
1089 1943 1224 1983 Fabio
1260 1957 1427 1984 censore
1458 1947 1504 1986 in

77 2003 262 2052 quatuor
280 1999 416 2040 tribus
449 2000 623 2039 redacta
653 2004 728 2048 est,
750 2012 856 2052 quas
886 1998 1072 2039 urbanas
1103 2001 1349 2053 adpellarit.
1408 2002 1502 2042 Ea-

75 2068 157 2110 que
175 2067 239 2095 res
261 2055 397 2096 Fabio
417 2056 612 2096 Maximo
632 2069 778 2095 nomen
799 2056 926 2095 dedit.
983 2058 999 2079 2
1013 2056 1067 2095 In
1101 2055 1176 2096 boc
1209 2057 1314 2096 libro
1345 2060 1502 2098 mentio

74 2111 316 2152 Alexandri
347 2112 520 2165 Magni,
553 2113 626 2166 qui
658 2111 912 2164 temporibus
946 2111 1009 2153 his
1033 2112 1134 2165 fuit
1148 2129 1165 2161 ;
1202 2118 1255 2163 et,
1284 2116 1502 2155 ‘estimatis

66 2169 222 2222 populi
241 2167 427 2208 Romani
457 2169 634 2218 viribus,
655 2181 743 2222 quae
773 2173 872 2209 tunc
903 2175 1038 2218 erant,
1059 2169 1289 2222 colligitur,
1311 2172 1348 2211 si
1367 2172 1500 2211 Alex-

73 2225 207 2265 ander
223 2225 268 2265 in
289 2224 466 2264 Italiam
485 2224 734 2279 trajecisset,
753 2238 835 2264 non
856 2231 943 2264 tam
951 2224 1134 2277 facilem
1154 2227 1193 2266 ei
1208 2227 1430 2267 victoriam
1451 2229 1501 2268 de

66 2281 228 2336 populo
246 2281 442 2321 Romano
450 2280 571 2333 fore,
591 2295 718 2336 quam
739 2282 790 2321 de
810 2282 863 2322 iis
893 2280 1105 2335 gentibuS,
1127 2296 1234 2337 quas
1261 2284 1319 2323 ad
1350 2285 1498 2325 Orien—

72 2343 158 2379 tem
174 2337 348 2391 imperio
360 2350 436 2378 suo
452 2336 701 2393 subjecerat.

121 2454 133 2482 Ι
161 2451 204 2482 In
216 2454 331 2483 senatu
354 2450 486 2490 legendo
507 2451 762 2489 observaverunt,

72 2494 343 2536 quemadmodum
370 2499 446 2524 ante
559 2495 762 2524 observatum

68 2537 202 2578 suerat]
227 2538 305 2568 Non
321 2537 391 2568 haec
406 2537 485 2567 satis
499 2537 620 2567 Latina
635 2537 763 2568 videtur

73 2581 191 2611 oratio.
232 2580 300 2611 Aut
326 2580 451 2620 aliquid
475 2580 546 2610 vitii
572 2586 635 2618 est,
653 2586 711 2610 aut
735 2581 761 2611 is

70 2624 128 2662 qui
151 2623 210 2654 has
234 2624 398 2664 epitomas
423 2622 564 2663 redegit,
580 2623 687 2654 malus
712 2627 762 2653 est

71 2665 264 2698 Latinitatis
279 2671 404 2697 auctor.

114 2711 135 2739 ¹2
159 2709 200 2740 In
230 2711 285 2740 hoc
315 2711 393 2740 libro
429 2711 545 2741 mentio
580 2708 761 2740 Alexandri

806 2450 866 2482 dus
879 2451 1007 2488 adjecta
1021 2456 1072 2482 est
1084 2463 1101 2482 a
1118 2453 1250 2491 Sigonio
1269 2462 1307 2482 ex
1322 2452 1414 2483 MSS.
1432 2453 1497 2484 nisi

805 2494 893 2534 quod
907 2495 962 2524 ille
978 2496 1023 2524 sic
1051 2496 1084 2524 in
1111 2496 1149 2524 iis
1177 2496 1240 2533 legi
1264 2500 1428 2526 testatur:
1452 2497 1497 2527 In

805 2540 861 2568 hoc
876 2539 953 2568 libro
970 2540 1157 2569 mentionem
1177 2540 1270 2568 habet
1289 2539 1419 2579 (supple
1439 2539 1497 2570 Li-

805 2580 888 2619 vius)
920 2581 1101 2611 Alexandri
1140 2583 1263 2620 magni.
1307 2582 1403 2622 Quod
1435 2592 1496 2613 cur

805 2628 973 2654 mutatum
990 2626 1046 2660 sit,
1061 2633 1126 2654 non
1143 2625 1303 2655 videmus.
1333 2626 1387 2655 Sic
1403 2626 1494 2655 enim

804 2667 990 2696 accuratior
1005 2674 1056 2697 est
1071 2668 1189 2704 oratio,
1204 2672 1238 2703 ‚et
1260 2668 1406 2708 primum
1431 2669 1498 2702 hoe

803 2711 990 2740 membrum
1019 2711 1127 2751 aptius
1153 2710 1332 2751 respondet
1356 2712 1396 2742 iis
1421 2721 1495 2754 que

70 2750 208 2792 Magni]
237 2752 326 2784 'rota
351 2751 424 2785 haee
453 2759 622 2796 postrema
652 2752 759 2793 perio-
800 2758 998 2791 sequuntur.

131 2862 239 2892 vel..
262 2863 296 2895 1.

825 2849 905 2890 xk
