1925 3239
287 144 364 179 484
875 137 1019 176 TITI
1064 136 1235 175 LIVII

86 249 128 282 U.
146 249 183 281 C.
201 252 274 281 430.
301 251 395 291 tus;
424 238 613 281 exercitu
636 238 845 280 instructo
868 247 1098 294 paratoque
1128 238 1346 294 profectus
1377 238 1430 279 ad
1462 237 1731 290 Imbrinium,

87 294 126 325 Α·
145 294 180 324 C·
199 295 271 325 3²22.
301 298 382 350 (ita
403 306 559 337 vocant
579 296 742 346 locum)
763 296 854 336 acie
876 310 971 336 cum
998 295 1260 336 Samnitibus
1283 295 1495 337 conflixit.
1518 311 1568 337 ea
1596 297 1732 339 fortu-

300 369 356 394 na
378 367 535 409 pugnae
559 353 655 403 fuit,
676 361 723 393 ut
747 352 850 392 nihil
873 353 1064 393 ielictum
1088 353 1155 401 sit,
1177 366 1277 406 quo,
1299 351 1332 391 si
1364 351 1568 393 adfuisset
1597 354 1732 395 dicta-

299 420 381 460 tor,
406 424 468 449 les
493 410 639 450 melius
663 409 749 464 geri
776 409 986 463 potuerit:
1018 423 1103 449 non
1126 409 1213 448 dux
1238 407 1376 458 militi,
1398 423 1481 449 non
1507 409 1626 449 miles
1655 411 1733 450 du·-

301 467 340 508 ci
364 441 514 506 defuit.
576 465 714 520 Eques
744 465 887 514 etiam,
910 473 1082 505 auctore
1116 465 1164 505 L.
1188 439 1388 505 Cominio
1420 465 1592 506 tribuno
1626 466 1736 506 mili-

304 532 412 572 tum,
444 522 516 577 qui
550 522 773 575 aliquoties
807 521 954 576 inpetu
987 530 1115 577 capto
1150 535 1419 585 perrumpere
1450 535 1535 561 non
1569 530 1735 585 poterat

304 579 495 620 hostium
516 592 686 634 agmen,
707 577 892 618 detraxit
912 577 1054 618 frenos
1078 579 1221 632 equis3
1253 587 1379 632 atque
1411 577 1469 617 ita
1498 579 1737 619 concitatos

307 611 569 677 calcaribuso
567 634 769 689 permisit,
793 644 839 674 ut
862 634 1067 674 sustinere
1088 648 1159 674 eos
1181 633 1294 675 nulla
1315 649 1377 674 vis
1400 642 1556 698 posset.
1578 649 1652 689 per
1673 649 1739 675 ar-

307 707 392 741 ma,
414 705 488 746 per
518 691 630 730 viros
652 691 734 731 late
757 700 940 744 stragem
963 690 1128 731 dedere
1192 691 1371 732 Secutus
1394 691 1521 745 pedes
1544 691 1738 746 inpetum

308 749 515 812 equitum,
536 747 716 788 turbatis
739 747 933 787 hostibus
957 747 1099 788 intulit
1117 747 1252 802 signa.
1298 746 1464 802 Viginti
1488 747 1619 787 millia
1640 747 1739 788 hos-

309 805 418 845 tium
439 819 550 845 caesa
571 818 621 844 eo
643 804 711 844 die
733 804 970 844 tr.aduntur
1030 781 1239 844 Auctores
1261 803 1415 854 habeo,
1437 803 1500 844 bis
1522 818 1620 844 curn
1641 803 1741 844 hos-

311 870 354 901 te
375 861 498 916 signa
519 860 702 910 conlata,
724 860 929 901 dictatore
950 861 1139 910 absente,
1164 861 1226 900 bis
1250 874 1336 900 rem
1359 859 1531 915 egregie
1561 869 1740 915 gestam.

309 917 437 973 Apud
469 917 787 971 antiquissimos
818 918 1042 972 scriptores
1076 931 1158 956 una
1190 916 1283 957 haee
1320 931 1465 972 pugna
1462 893 1742 958 &invenituu

310 975 354 1014 in
377 973 630 1029 quibusdam
654 974 875 1014 annalibus
896 983 988 1014 tota
1008 988 1071 1013 ies
1093 973 1377 1027 praetermissa
1396 981 1473 1014 est.
1532 973 1746 1029 Magister

310 1033 517 1094 equitum,
540 1040 586 1070 ut
607 1044 660 1070 ex
686 1040 803 1070 tanta
832 1030 964 1080 caede,
987 1029 1130 1070 multis
1165 1029 1325 1084 potitus
1360 1029 1519 1084 spoliis,
1541 1039 1747 1084 congesta

310 1087 354 1127 in
376 1087 591 1142 ingentem
614 1101 810 1127 acervum
829 1086 1001 1127 hostilia
1020 1101 1136 1127 arma
1167 1086 1337 1126 subdito
1371 1086 1472 1141 igne
1503 1100 1749 1127 concrema-

314 1144 402 1185 vit:
435 1157 506 1184 seu
529 1152 678 1183 votum
702 1143 742 1184 id
770 1143 959 1184 Deorum
983 1143 1170 1198 cuipiam
1193 1142 1302 1193 fuit3
1334 1157 1404 1183 seu
1435 1143 1605 1183 eredere
1640 1142 1746 1183 libet

311 1203 344 1226 ⁷⁰
360 1199 494 1240 Fabio
517 1200 696 1250 auctori7
717 1214 767 1240 eo
790 1199 967 1250 facturn,
991 1213 1043 1240 ne
1065 1214 1151 1240 suae
1175 1199 1322 1255 gloriae
1345 1199 1528 1240 fructum
1565 1199 1749 1240 dictator

314 1265 500 1311 caperet,
523 1270 761 1317 nomenque
784 1257 842 1296 ibi
866 1232 1084 1307 striberet,
1107 1265 1180 1296 aut
1175 1231 1367 1311 t³spolia
1359 1270 1400 1296 in
1424 1256 1642 1311 triumpho
1663 1254 1746 1296 fer-

316 1313 612 1353 iet.Lite1·ae
634 1327 804 1369 quoque
825 1313 877 1353 de
900 1327 942 1353 1e
965 1326 1220 1368 prosperet,
1196 1320 1315 1352 uesta
1345 1312 1395 1353 ad
1431 1322 1639 1376 senatum,
1661 1326 1747 1353 non

315 1370 367 1410 ad
400 1369 667 1420 dictatorem,
702 1370 856 1419 missae,
878 1378 1176 1425 argumentum
1194 1345 1328 1409 fuere
1360 1369 1535 1409 minime
1566 1383 1663 1410 cum
1696 1383 1749 1409 eo

102 1432 263 1463 Dictator
257 1441 303 1461 m
315 1426 670 1467 communicantis
693 1426 876 1467 laudes.
910 1426 978 1467 Ita
999 1436 1113 1466 certe
1141 1425 1325 1466 dictator
1356 1425 1397 1466 id
1430 1425 1593 1466 factum
1626 1439 1748 1466 acce-

104 1477 261 1514 dignatur.
316 1483 394 1538 pit,
410 1492 470 1534 ut,
486 1483 595 1524 laetis
609 1483 701 1523 aliis
723 1483 901 1523 victoria
921 1493 1054 1538 parta,
1072 1497 1157 1538 prae
1177 1496 1220 1522 se
1237 1481 1392 1523 ferret'
1382 1496 1488 1523 lram
1511 1482 1749 1523 tristitiam-

315 1553 412 1595 que.
472 1539 611 1580 Misso
633 1540 775 1595 itaque
808 1549 982 1594 repente
1016 1548 1178 1590 senatu,
1201 1553 1244 1579 se
1275 1553 1329 1580 ex
1363 1540 1481 1580 curia
1512 1538 1746 1594 proripuit:

315 1606 407 1637 tum
431 1610 544 1646 vero,
564 1611 649 1637 non
675 1596 930 1638 Samnitium
954 1597 1089 1650 magis
1108 1595 1312 1652 legiones,
1332 1610 1459 1660 quam
1481 1596 1750 1650 majestatem

315 1653 582 1694 dictatoriam
618 1663 661 1693 et
689 1652 956 1708 disciplinam
989 1653 1230 1717 militarem,
1262 1667 1287 1692 a
1318 1653 1523 1708 magistro
1555 1652 1750 1707 equitum

315 1710 474 1750 victam
498 1720 540 1750 et
561 1724 743 1750 evelsam
767 1709 985 1760 dictitans,
1004 1709 1036 1750 si
1060 1709 1150 1749 illi
1141 1723 1300 1763 inpune
1316 1718 1502 1764 spretum
1524 1709 1750 1772 imperium

317 1766 481 1807 fuisset.
530 1765 679 1820 Itaque
701 1766 847 1821 plenus
870 1766 1080 1806 minarum
1102 1766 1275 1820 iraeque,
1299 1765 1545 1821 profectus
1536 1780 1578 1806 m
1598 1773 1750 1815 castra,

314 1837 446 1878 quum
468 1823 668 1863 maximis
688 1823 910 1863 itineribus
930 1822 1045 1874 isset,
1067 1837 1152 1863 non
1175 1832 1315 1862 tamen
1340 1822 1573 1877 praeveuire
1593 1821 1753 1862 famam

315 1879 521 1920 adventus
541 1879 603 1919 sui
621 1879 774 1935 potuit.
813 1879 1183 1920 Praecucurrerant
1203 1879 1315 1919 enim
1337 1879 1390 1919 ab
1408 1870 1527 1929 ffrbe,
1549 1878 1621 1933 qui
1643 1892 1754 1919 nun-

316 1936 491 1987 ciarent,
515 1936 764 1976 dictatorem
788 1936 959 1976 avidum
981 1950 1127 1990 poenae
1151 1936 1308 1986 venire,
1331 1934 1503 1976 alternis
1525 1949 1633 1990 pene
1659 1949 1752 1976 ver-

321 1992 386 2033 bis
407 1991 458 2032 T.
481 1967 638 2033 Manlii
661 1992 822 2033 factum
846 1993 1101 2033 laudantem.

106 2060 306 2093 Fabiioratio
376 2048 568 2090 XXXI.
601 2049 771 2100 Fabius,
793 2049 1000 2090 concione
1022 2048 1240 2104 extemplo
1271 2047 1491 2098 advocata,
1514 2048 1769 2088 obtestatus

103 2106 142 2135 ad
158 2105 280 2135 milites.
321 2105 475 2146 milites
496 2114 573 2155 est,
594 2113 650 2156 ut,
670 2120 751 2160 qua
773 2106 926 2146 virtute
956 2105 1241 2160 rempublicam
1262 2104 1314 2145 ab
1334 2103 1600 2168 &festissimis
1628 2104 1751 2145 hosti-

321 2162 392 2203 bus
413 2138 691 2217 defendissent,
713 2161 846 2202 eadem
868 2176 921 2212 se,
941 2164 1095 2218 ⁷¹cujzcs
1115 2161 1239 2203 ductu
1269 2161 1525 2225 auspicioque
1552 2161 1753 2212 vicissent,

319 2220 372 2259 ab
392 2218 590 2273 inpotenti
609 2218 847 2259 crudelitate
866 2219 1073 2260 dictatoris
1093 2224 1339 2259 tutarentur.
1393 2216 1538 2259 Venire
1558 2225 1752 2259 amentem

321 2276 496 2326 invidia,
526 2276 678 2315 iratum
718 2275 861 2315 virtuti
891 2275 1032 2316 alienae
1058 2274 1355 2331 felicitatique,
1371 2274 1532 2338 furere,
1563 2274 1683 2330 quod,
1714 2289 1753 2316 se

320 2333 493 2382 absente,
515 2347 576 2372 res
590 2331 758 2386 publica
779 2332 934 2388 egregie
951 2338 1066 2388 gesta
1085 2338 1206 2372 esset.-
1237 2331 1370 2383 malle,
1392 2345 1424 2371 ει
1446 2339 1602 2372 mutare
1607 2329 1753 2387 fortu-

320 2403 416 2429 ozam
452 2395 594 2443 posset,
625 2388 736 2442 apud
765 2367 985 2440 Samnites,
1016 2403 1136 2444 quam
1169 2387 1390 2438 Romanos,
1419 2388 1630 2428 ἰἱεΐονὶαηι
1659 2401 1749 2428 esse.

324 2445 545 2500 Imperium
565 2445 753 2487 dictitare
780 2451 968 2500 spretum,
991 2453 1197 2500 tamquam
1226 2460 1307 2486 non
1336 2444 1472 2486 eadem
1501 2451 1626 2485 mente
1648 2458 1759 2500 pag-¹

848 2553 861 2566 ³
883 2546 1003 2577 laudem
1019 2548 1115 2578 Gron.
1132 2549 1222 2578 Crev-

362 2637 403 2669 70
427 2633 538 2673 Fabio]
559 2632 713 2673 Intellige
740 2633 876 2664 Fabium
904 2634 1013 2664 Picto·
1057 2636 1213 2675 Romani,
1237 2635 1295 2666 sed
1316 2636 1455 2675 auspicio
1477 2634 1658 2665 dictatoris.
1702 2635 1751 2665 Si-

320 2687 403 2714 rem,
420 2678 613 2716 scriptorem
634 2686 741 2707 rerum
760 2677 998 2708 Romanarum.
1058 2680 1191 2718 quidem
1222 2679 1381 2718 magister
1409 2678 1560 2716 equitum
1593 2679 1662 2718 ipse
1686 2687 1751 2708 non

362 2724 399 2753 71
439 2720 536 2760 Cujus
573 2721 672 2750 ductu
702 2722 898 2760 auspicioque
922 2722 1015 2751 vicis·
1058 2722 1199 2752 habebat
1225 2722 1387 2761 auspicia,
1404 2721 1461 2750 sed
1488 2722 1626 2761 imperio
1650 2722 1753 2752 dicta-

317 2763 399 2802 nent]
429 2763 491 2792 Hic
523 2772 588 2792 non
616 2763 752 2793 omnino
784 2770 936 2793 accurate
969 2764 1015 2793 lo·
1058 2767 1139 2795 toris
1166 2771 1200 2795 et
1225 2765 1378 2805 auspiciis
1403 2764 1548 2794 suberat.
1571 2764 1644 2796 Vid.
1668 2765 1754 2796 Peri-

319 2812 475 2844 quentem
495 2805 573 2835 facit
591 2805 725 2836 fabium
746 2806 867 2836 Livius.
900 2806 1014 2837 Ductn
1059 2818 1134 2840 zon.
1158 2807 1331 2840 Animadv.
1348 2808 1473 2838 Hister.
1488 2818 1518 2838 c.
1534 2811 1565 2840 7.

318 2850 448 2888 quidem
487 2850 635 2888 magistri
674 2850 825 2887 equitnm
864 2850 1012 2880 vicerant
