1969 3239
521 146 523 149 ·
568 127 782 166 LIB.V1.
819 128 947 165 CAP.
975 127 1026 164 II.
1475 131 1549 167 351

123 222 245 277 lium,
270 226 317 267 L.
340 225 576 279 AEmilium,
598 228 648 270 L.
672 227 956 269 Postumium.
1000 226 1059 267 Hi
1082 241 1136 266 ex
1160 226 1403 283 interregno
1423 242 1554 282 quum
1574 234 1615 266 U.
1633 233 1759 265 c.366.

126 284 344 339 extemplo
356 286 650 340 magistratum
666 284 854 334 inissent,
868 283 982 324 nulla
995 285 1048 324 de
1063 297 1104 323 re
1118 284 1245 338 prius,
1258 298 1385 338 quam
1400 284 1451 324 de
1465 284 1559 324 reli·-
1575 279 1612 308 A.
1628 278 1666 309 C.
1682 279 1756 310 386.

128 340 346 395 gionibus,
359 352 547 381 senatum
561 341 822 382 consuluere.
846 340 895 381 In
911 341 1056 396 primis
1068 339 1230 380 foedera
1239 355 1288 380 ac
1300 340 1411 395 leges
1422 344 1561 391 (erant

127 407 270 443 autem
302 412 363 438 eae
387 398 609 438 duodecim
645 397 799 438 tabula:
831 410 870 438 et
903 397 1099 451 quaedam
1132 399 1261 452 regite
1294 397 1425 451 leges)
1459 412 1560 437 con-

127 454 255 506 quiri,
278 469 373 509 quae
397 464 704 509 comparerent,
720 454 966 508 jusserunt:
999 454 1107 494 ⁶alia
1130 468 1181 493 ex
1206 453 1264 494 eis
1286 453 1400 493 edita
1431 455 1560 494 etiarn

130 510 173 549 in
200 510 372 565 vulgus:
404 526 500 566 quae
521 520 661 551 autem
685 512 735 551 ad
767 525 885 551 sacra
917 511 1202 564 pertinebant,
1225 526 1250 550 a
1283 510 1559 565 pontificibus

128 568 330 617 maxime,
356 577 400 607 ut
430 568 634 622 religione
655 568 884 608 obstrictos
919 568 1121 607 haberent
1155 566 1438 607 multitudinis
1470 568 1565 606 ani-

126 636 234 673 mos,
256 625 490 678 subpressa.
533 623 642 664 Tum
665 624 745 665 ⁷de
767 625 916 664 diebus
941 623 1146 679 religiosis
1170 623 1319 678 agitari
1345 633 1559 678 coeptum,

125 679 325 734 diemque
346 691 443 720 ante
465 681 575 720 diem
599 695 665 720 xv
692 681 904 721 Kalendas
930 681 1128 730 Sextiles,
1151 680 1311 735 duplici
1342 679 1462 720 clade
1497 682 1559 720 in—

128 737 308 791 signem,
330 741 434 791 (quo
456 737 524 777 die
546 739 597 778 ad
633 737 878 778 Cremeram
914 737 1035 777 Fabii
1068 738 1183 787 caesi,
1205 752 1290 791 quo
1322 736 1475 777 deinde
1505 737 1558 777 ad

125 792 281 834 Alliam
307 807 403 834 cum
426 794 562 834 exitio
584 795 700 835 urbis
722 795 838 835 foede
862 797 1118 849 pugnatum)
1137 810 1161 833 a
1182 794 1417 848 posteriore
1439 793 1559 833 clade

127 849 358 902 Alliensem
381 850 662 905 adpellarunt‚
685 851 980 906 insignemque
1004 851 1061 890 rei
1085 851 1185 890 nulli
1220 850 1387 906 publice
1419 851 1559 906 priva-

126 907 288 961 timque
317 908 495 961 agend-<13
536 908 741 949 fecerunt.
785 917 799 934 ὃ
819 908 1022 957 Quidam,
1060 907 1173 961 quod
1215 907 1419 962 postridie
1457 906 1558 946 [dus

127 963 368 1010 Quinctiles
399 978 483 1004 non
516 964 677 1006 litasset
709 964 920 1019 Sulpicius
943 964 1137 1004 tribunus
1169 963 1368 1013 militum,
1390 972 1559 1018 ⁹neque

128 1019 303 1060 inventa
322 1035 426 1076 pace
452 1020 592 1062 Defim
620 1032 713 1077 post
736 1022 846 1062 diem
872 1021 1043 1061 tertium
1065 1021 1260 1075 objectus
1294 1020 1405 1060 hosti
1436 1034 1559 1060 exer-

128 1076 238 1122 citus
263 1076 484 1118 Romanus
506 1089 630 1129 esset,
649 1079 776 1119 etiam
804 1078 1006 1133 postridie
1030 1076 1131 1117 Idus
1155 1079 1278 1117 rebus
1301 1077 1456 1117 divinis
1489 1092 1558 1116 su-

124 1134 335 1187 persederi
366 1134 561 1188 jussum:
595 1136 707 1184 inde,
742 1145 787 1175 ut
822 1134 1026 1190 postridie
1060 1134 1272 1177 Kalendas
1306 1148 1476 1189 quoque
1507 1148 1558 1173 ac

127 1189 276 1230 Nonas
299 1192 446 1232 eadem
472 1191 620 1247 religio
640 1201 764 1240 esset,
789 1191 1005 1241 traditum,
1029 1201 1197 1246 putant.

183 1245 245 1287 II.
280 1247 372 1288 Nec
394 1247 465 1288 diu
492 1249 613 1289 licuit
634 1249 788 1303 quietis
810 1248 988 1288 consilia
1009 1248 1223 1303 erigendae
1247 1261 1300 1287 ex
1325 1256 1409 1287 tam
1433 1246 1554 1302 gravi

123 1317 224 1347 casu
248 1304 495 1360 reipublicae
518 1320 660 1345 secum
693 1305 869 1359 agitare.
931 1304 1050 1345 Hinc
1086 1304 1242 1354 Volsci,
1266 1314 1425 1344 veteres
1459 1304 1557 1344 hos-

126 1369 206 1410 tes,
237 1361 288 1401 ad
323 1362 684 1417 exstinguendum
720 1375 878 1402 nomeu
909 1361 1158 1408 *Romanum
1191 1375 1308 1401 arma
1338 1371 1554 1416 ceperant,

127 1415 228 1465 hJinc
256 1417 433 1460 Etruriae
454 1419 695 1474 principum
719 1434 770 1458 ex
796 1418 994 1458 omnibus
1016 1418 1184 1474 populis
1210 1418 1554 1472 conjurationem

124 1473 178 1512 de
212 1474 337 1526 bello,
369 1475 422 1516 ad
456 1475 604 1516 fanum
638 1474 883 1515 Voltumnae
906 1474 1080 1524 factam,
1103 1486 1356 1516 mercatores
1390 1473 1554 1514 adfere-

125 1529 243 1570 bant.
266 1546 400 1571 novus
422 1547 592 1586 quoque
617 1542 744 1572 terror
764 1543 998 1572 accesserat
1025 1531 1268 1572 defectione
1303 1531 1554 1571 Latinorum

126 1584 514 1643 Hernicorumque,
535 1590 623 1643 qui,
648 1600 741 1644 post
764 1603 953 1643 pugnam
975 1589 1026 1629 ad
1051 1588 1186 1628 lacum
1214 1587 1430 1642 Regillum
1465 1586 1554 1627 fac-

124 1641 227 1693 tam,
252 1648 282 1669 ¹⁰
300 1659 371 1698 per
392 1660 525 1685 annos
549 1660 680 1700 prope
701 1656 873 1685 centum
897 1659 1126 1699 numquam
1159 1646 1363 1699 ambigua
1395 1643 1477 1684 fide
1511 1644 1554 1684 in

123 1701 384 1742 amicitiamd
407 1702 551 1757 populi
579 1701 763 1742 Romani
789 1702 969 1742 fuerant.
1021 1701 1172 1756 Itaque
1193 1715 1322 1756 quum
1349 1701 1455 1741 tanti
1478 1715 1556 1740 un-

121 1755 250 1811 dique
286 1766 459 1799 terrores
497 1762 835 1809 circumstarent,
874 1760 1175 1813 adpareretque
1216 1758 1430 1807 omnibus,
1471 1771 1557 1798 non

122 1813 223 1854 odio
255 1813 393 1859 solum
428 1815 540 1870 apud
574 1815 845 1866 hostes„sed.
870 1825 1089 1856 contemtu
1122 1815 1250 1855 etiam
1286 1815 1395 1855 inter
1416 1815 1556 1855 socios

124 1883 280 1919 nomen
305 1870 550 1913 Romanum
573 1872 789 1924 laborare3
821 1871 981 1927 placuit
1003 1872 1158 1912 eisdem
1182 1872 1385 1927 auspiciis
1407 1871 1556 1911 defen-

122 1925 165 1965 di
190 1927 512 1981 rempublicam,
535 1929 690 1984 quibus
710 1940 958 1984 recuperata
979 1938 1103 1978 esset,
1125 1928 1467 1982 dictatoremque
1490 1927 1556 1967 di-

118 1981 158 2022 ci
183 1982 250 2024 M.
274 1984 445 2026 Furium
471 1986 715 2027 Camillum.
775 1984 817 2025 Is
839 1985 1022 2026 dictator
1053 1984 1103 2026 C.
1125 1985 1349 2025 Servilium
1373 1983 1554 2025 Ahalam
1570 1998 1721 2029 Camillus

122 2041 375 2094 magistrum
399 2044 591 2097 equitum
615 2042 1028 2097 dixit:justitioque
1051 2042 1228 2091 indicto,
1251 2041 1464 2082 delectum
1480 2041 1766 2095 ju-dictator111‚

123 2096 291 2137 niorum
315 2097 479 2150 habuit,
502 2100 561 2140 ita
582 2110 630 2140 ut
652 2100 836 2140 seniores
858 2113 1043 2153 quoque,
1066 2099 1220 2152 quibus
1243 2098 1402 2153 aliquid
1426 2100 1554 2139 robo-

124 2150 180 2192 ris
204 2165 455 2208 superesset,
478 2156 564 2197 ¹¹in
600 2157 727 2197 verba
747 2170 822 2196 sua
847 2156 1016 2211 juratos
1050 2155 1319 2196 centuri-aret.
1381 2154 1558 2196 Exerci-

641 2250 655 2270 ἀ
670 2250 809 2279 amicicia
824 2250 920 2279 Gron.
935 2251 1024 2279 Crev.

165 2328 186 2358 6
209 2328 286 2358 Alia
314 2337 354 2357 ex
381 2326 438 2366 eis]
468 2326 540 2357 Alia
564 2337 677 2358 earum
704 2328 816 2367 legum
863 2330 1043 2368 impetrata
1057 2334 1168 2358 essent
1182 2328 1277 2367 signa
1292 2328 1443 2369 propitiae
1456 2327 1556 2358 deum

122 2372 234 2411 capita
247 2370 461 2410 publicarunt
474 2383 480 2399 ι
499 2381 572 2409 quae
585 2371 625 2400 ad
637 2380 730 2401 sacra
745 2380 818 2411 per·
863 2371 1057 2401 voluntatis.

125 2415 292 2452 tinebant,
310 2423 496 2454 suppressa.
671 2450 674 2452 v

166 2462 185 2492 7
217 2459 271 2489 De
306 2458 416 2487 diebus
451 2456 620 2496 religiosis]
659 2456 817 2495 Religiosi

123 2500 192 2531 dies
219 2502 390 2537 dicuntur,
414 2505 500 2529 teste
527 2500 564 2529 A.
593 2500 676 2529 Gen.
706 2499 759 2529 IV.
784 2504 814 2535 9.

123 2545 212 2574 tristi
235 2545 347 2574 moine
365 2543 505 2573 infames
535 2543 764 2582 impeditique,
781 2544 814 2572 in

123 2588 243 2625 quibus
266 2593 302 2617 et
325 2597 374 2617 res
399 2587 525 2616 divina<
549 2587 670 2622 facere,
689 2592 722 2614 et
746 2595 815 2615 rem

123 2627 314 2671 quampiam
334 2640 451 2660 novam
469 2630 610 2660 exordiri
626 2636 817 2668 temperan-

124 2673 210 2707 dum⁴
221 2681 284 2704 est.

164 2719 182 2747 8
206 2717 367 2758 Quidam,
394 2717 477 2756 quod
495 2715 662 2755 postridie]
692 2715 743 2745 De
775 2724 814 2745 ea

120 2756 156 2788 re
173 2760 236 2790 vid.
252 2761 289 2790 A.
305 2759 389 2790 Gen.
404 2760 443 2790 V.
465 2763 512 2793 17.

161 2806 181 2836 9
192 2803 212 2820 ⁵*
225 2803 340 2842 Neque
351 2802 687 2843 inventapace‘deum]
704 2801 759 2838 Et,
775 2802 813 2831 li-

120 2851 175 2875 cet
191 2845 312 2886 placati
328 2845 372 2877 dii
390 2856 456 2878 non
473 2852 594 2885 essent,
614 2845 693 2875 licet
720 2845 813 2875 nulla

911 2418 945 2445 10
971 2415 1041 2444 Per
1056 2424 1156 2444 annos
1166 2424 1266 2454 prope
1279 2411 1422 2453 centuni]
1443 2413 1559 2443 Latini
1581 2427 1585 2431 ·

862 2458 1033 2496 semper-in
1047 2458 1110 2487 fide
1125 2465 1315 2488 manserant
1323 2464 1396 2497 post
1408 2466 1556 2496 pugnam

860 2501 898 2530 ad
916 2501 1083 2539 Regillum
1101 2501 1224 2537 lacum,
1241 2511 1260 2530 a
1283 2511 1348 2539 qun.
1372 2501 1423 2529 hie
1448 2510 1554 2530 annus

859 2550 909 2573 est
925 2545 1128 2573 centesimus
1145 2544 1360 2573 duodecimus
1385 2554 1425 2572 ex
1449 2544 1554 2580 Livio,

860 2587 1061 2616 centesimus
1078 2597 1183 2616 nonus
1201 2597 1240 2616 ex
1264 2587 1422 2626 Dionysio
1438 2599 1444 2616 ε
1471 2585 1556 2615 Her-

862 2630 940 2665 nici,
957 2636 1030 2669 post
1046 2630 1151 2659 foedus
1168 2640 1244 2659 cum
1261 2630 1422 2659 Romanis
1449 2630 1552 2658 ictum

857 2673 910 2711 Sp.
928 2673 1040 2702 Cassio
1056 2679 1090 2702 et
1109 2672 1244 2702 Proculo
1261 2673 1411 2711 Virginio
1435 2683 1554 2702 consu-

857 2715 955 2752 libus,
974 2722 1053 2745 ante
1069 2725 1173 2745 annos
1191 2725 1291 2755 prope
1316 2723 1466 2755 centum,
1485 2717 1551 2745 sive

858 2766 934 2788 octo
951 2768 1051 2797 supra
1067 2756 1264 2797 nonaginta.

906 2802 970 2830 ll*
985 2801 1021 2831 In
1045 2803 1141 2832 verba
1162 2812 1223 2832 sna
1236 2801 1370 2843 juratos
1392 2803 1554 2831 cenam-im

859 2844 922 2884 ret]
954 2846 990 2874 In
1018 2846 1185 2876 centurias
1210 2846 1436 2882 distribueret,
1466 2853 1555 2884 post-
