1991 3250
642 77 764 116 LIB.
790 76 822 115 1.
859 75 990 114 CAP.
1017 76 1100 114 Lv.
1193 112 1198 115 ,
1551 80 1603 120 73

163 179 491 234 absentiumque
513 177 775 234 bonajuxta
795 185 924 231 atque
947 176 1274 217 interemtorum
1300 179 1314 203 ⁶
1329 171 1509 217 divisui¹
1538 176 1606 218 fu-

161 253 246 281 ere.
308 236 571 293 Largitionis
620 234 719 276 inde
761 233 1005 289 praedaeque
1056 242 1100 274 et
1148 232 1374 273 dulcedine
1417 235 1607 288 privatim

162 294 382 338 commodi
417 308 563 335 sensus
595 291 801 332 malorum
839 291 1107 346 publicorum
1144 290 1290 340 adimi,
1323 290 1476 341 donec,
1504 292 1610 332 orba

165 353 346 395 consilio
369 351 631 405 auxilioque,
650 348 824 390 Gabina
845 362 910 388 res
933 349 1023 403 regi
1046 347 1246 388 Romano
1266 348 1357 388 sine
1380 346 1465 388 ulla
1484 347 1611 388 dimi-

107 448 117 459 ,
170 411 343 451 catione
367 410 408 449 in
432 420 604 449 manum
630 405 826 446 traditur.

225 467 315 508 LV.
346 473 359 495 ⁷
376 465 530 507 Gabiis
553 463 750 518 receptis,
769 461 1031 516 Tarquinius
1064 476 1214 517 pacem
1245 475 1344 503 eum
1369 460 1609 516 AEquorum
1624 478 1715 508 Gabii
1731 489 1780 508 re.

167 534 296 581 gente
319 523 447 573 fecit3
478 519 623 562 foedus
641 534 740 561 cum
761 518 914 560 Tuscis
937 520 1173 559 renovavit.
1235 518 1341 559 Inde
1364 518 1415 559 ad
1438 519 1614 572 negotia
1625 524 1719 562 cepti.

169 582 333 622 urbana
353 579 546 620 animum
577 578 808 618 convertit.
830 590 1013 631 quorum
1045 585 1136 616 erat
1167 576 1370 631 primum,
1394 584 1440 615 ut
1461 576 1614 618 ssJovis

168 637 376 694 templum
397 644 412 666 9
430 636 473 675 in
497 644 644 675 monte
665 633 866 688 Tarpeio,
890 643 1216 674 monumentum
1242 633 1363 689 regni
1387 633 1451 673 sui
1474 633 1616 674 nomi-

167 697 333 750 nisque,
356 692 637 747 relinqueret:
669 690 928 747 Tarquinios
951 704 1072 746 reges
1094 691 1260 741 ambos,
1288 700 1451 745 patrem
1477 691 1815 744 vovis-AEdffiffltur

169 767 227 804 se,
253 751 388 792 filium
410 749 654 804 perfecisse.
686 747 757 800 Et,
778 757 824 788 ut
846 747 980 788 libera
998 762 1023 788 a
1043 748 1197 788 ceteris
1222 747 1500 803 religionibus
1523 762 1619 788 area
1632 758 1801 797 Capitolini

170 818 282 850 esset
303 817 395 849 tota
414 807 538 849 Jovis
562 806 797 860 templique
819 804 928 859 ejus,
942 805 1056 860 quod
1080 804 1429 855 inaedificaretur,
1445 808 1474 828 ¹⁰
1490 820 1620 846 exau·
1631 803 1717 831 ⁸¹0*ss
1733 802 1822 831 ‘²⁶⁰⁵-

170 862 323 922 gurare
345 864 445 905 fana
467 863 705 918 sacellaque
728 864 878 903 statuit
897 879 908 914 ;
931 877 1029 918 quae
1048 861 1214 916 aliquot
1236 862 1297 902 ibi
1320 876 1345 902 a
1367 860 1494 902 Tatio
1506 877 1622 919 rege,

170 923 356 978 primum
379 922 422 962 in
443 921 538 976 ipso
563 920 808 961 discrimine
831 919 1030 960 adversus
1056 918 1291 959 Romulum
1325 933 1484 974 pugnae
1506 931 1623 971 vota,

172 988 423 1021 consecrata
453 978 794 1033 inaugurataque
832 986 982 1032 postea
1013 975 1198 1017 fuerant.
1260 975 1378 1017 Inter
1411 977 1624 1032 principia

171 1037 386 1078 condendi
410 1035 537 1090 hujus
561 1035 701 1092 operis
728 1038 755 1058 ¹¹
773 1035 958 1076 movisse
979 1049 1136 1075 numen
1158 1033 1210 1075 ad
1231 1033 1507 1074 indicandam
1532 1044 1625 1074 tan-

175 1095 206 1135 ti
230 1093 399 1149 imperii
423 1093 578 1133 molem
603 1093 785 1134 traditur
810 1091 953 1133 Deos:
977 1106 1092 1142 nam,
1115 1106 1247 1148 quum
1272 1091 1467 1131 omnium
1492 1092 1626 1132 sacel-

171 1151 312 1192 lorum
335 1150 696 1206 exaugurationes
728 1150 1010 1191 admitterent
1031 1163 1144 1200 aves,
1168 1149 1211 1190 in
1253 1153 1283 1173 ¹2
1296 1148 1488 1189 Termini
1524 1148 1626 1190 sano

172 1223 260 1250 non
282 1208 500 1249 addixere.
559 1207 644 1248 Id¹¹
672 1222 798 1249 omen
836 1207 1152 1262 auguriumque
1185 1207 1246 1246 ita
1277 1216 1505 1261 acceptum
1535 1215 1625 1258 est;

172 1280 260 1308 non
305 1275 470 1306 motam
507 1264 698 1306 Termini
740 1265 902 1316 sedem,
934 1278 1153 1319 unumque
1183 1278 1281 1306 eum
1316 1262 1509 1304 Deorum
1540 1278 1630 1305 non

175 1331 401 1365 evocatum
427 1323 604 1363 sacratis
627 1322 706 1363 sibi
733 1322 909 1373 finibus,
932 1322 1055 1362 firma
1077 1321 1332 1376 stabiliaque
1351 1331 1509 1362 cuncta
1529 1335 1631 1375 por-

177 1380 364 1422 tendere.
414 1379 515 1421 Hoc
536 1380 843 1436 perpetuitatis
865 1379 1059 1435 auspicio
1082 1389 1278 1434 acceptO,
1298 1386 1494 1419 secutum
1517 1378 1634 1420 aliud

218 1491 229 1514 ¹
251 1495 350 1525 dit-isa
366 1495 461 1524 Gron.
479 1495 570 1525 Crev.
724 1500 747 1514 ¹¹¹
771 1497 803 1523 et
812 1496 933 1534 privati
948 1494 1106 1524 dulcedine
1122 1493 1206 1523 Eaed.
1358 1498 1375 1514 ¹¹
1397 1491 1495 1535 quue
1508 1494 1593 1524 Eaed.

1981 651 1988 722 -,,Μ
1981 575 1988 644 ³—oe-

223 1599 242 1629 6
275 1598 394 1630 Divisa
404 1598 522 1638 fuere]
557 1597 668 1629 Multo
693 1598 881 1637 elegantius

179 1647 243 1679 est,
262 1648 296 1672 et
320 1644 426 1681 magis
452 1642 586 1672 Livium
611 1642 712 1682 sapit,
729 1643 819 1681 quod
843 1652 883 1672 ex

179 1686 308 1726 optimo
324 1687 397 1716 eod.
413 1685 510 1716 affert
524 1686 597 1716 Jac.
614 1686 815 1723 Gronovius,
832 1687 883 1716 di-

177 1728 386 1769 visuifiaere.
435 1729 477 1760 Et
493 1729 613 1760 alludit
627 1730 883 1768 antiquissimus

180 1783 199 1803 e
222 1774 356 1809 nostris,
373 1774 427 1812 qui
452 1784 472 1803 a
496 1774 605 1813 prima.
631 1782 733 1803 manu
762 1773 882 1803 habuit

180 1817 287 1847 divisi.
348 1817 546 1847 Sorbonicus
590 1816 662 1847 cod.
703 1821 881 1856 utramque

181 1860 363 1891 lectionem
391 1861 527 1891 exhibet
554 1861 589 1890 in
616 1860 707 1890 hunc
729 1861 882 1899 modum,

180 1905 283 1935 divisa
305 1906 342 1934 ui
352 1903 477 1944 ficere:
503 1904 680 1935 dubitante
697 1903 826 1934 scilieet
843 1905 881 1934 li-

182 1949 304 1986 brario,
319 1955 398 1978 utra
419 1949 529 1989 potior
544 1948 643 1985 foret,
661 1951 697 1978 et
717 1947 792 1978 ideo
817 1958 889 1978 am-

182 1991 241 2021 bas
264 1997 424 2022 notante:
460 1993 556 2031 cujus
574 1992 674 2021 moris
692 1992 808 2021 erebra
832 2002 888 2022 ex-

186 2035 298 2075 empla
312 2043 493 2065 occurrunt
508 2036 542 2065 in
567 2035 662 2065 MSS.
687 2035 800 2065 Livius
817 2037 888 2076 ipse

185 2080 303 2108 asserit
318 2079 380 2109 sibi
406 2079 440 2109 τὸ
462 2079 593 2116 divisui,
620 2079 642 2108 l.
670 2079 827 2109 XXXIII.
857 2090 886 2110 c.

184 2122 238 2152 46.
284 2122 466 2161 Vectigalia
489 2124 623 2162 publiea
640 2144 669 2152 ..
701 2123 825 2162 proedoe
850 2133 890 2153 ac

186 2167 302 2196 divisui
329 2167 518 2206 principum
544 2167 736 2206 quibusdam
762 2171 793 2197 et
819 2177 891 2197 ma-

184 2210 382 2249 gisa-atibus
397 2214 504 2239 erant.
655 2229 675 2235 -

231 2256 250 2287 7
281 2253 390 2283 Gabiis
404 2252 552 2292 receptis]
578 2253 891 2294 Recuperatamdi-

187 2296 235 2326 eit
251 2296 338 2327 hanc
354 2297 485 2333 urbem,
502 2296 591 2335 quod
605 2295 622 2326 e
640 2307 780 2328 numero
797 2298 892 2328 Lati-

187 2350 309 2371 narum
326 2345 427 2377 esset,
445 2349 518 2379 quae
541 2339 664 2370 foedere
688 2351 764 2371 cum
791 2341 891 2372 Tullo

187 2384 282 2422 olim,
300 2395 338 2414 ac
354 2384 474 2414 deinde
499 2393 576 2413 cum
598 2383 781 2423 Tarquinio
805 2386 890 2425 ipso,

186 2427 256 2458 icto
279 2429 314 2458 in
336 2427 527 2466 Romanum
559 2432 728 2458 cesserant
756 2429 891 2468 imperi-

186 2480 259 2501 um.
304 2471 382 2501 Ideo
418 2479 452 2501 et
480 2480 582 2511 supra
619 2481 647 2500 e.
682 2474 734 2502 54.
765 2471 890 2503 dicitur

186 2514 308 2545 Sextus
324 2515 468 2545 Gabinos
493 2515 535 2545 ad
558 2515 783 2546 rebellandmn
805 2517 888 2546 inci-

185 2563 287 2589 tasse.

233 2606 252 2634 8
275 2602 382 2640 Jovis]
403 2602 613 2642 Junonisque
630 2612 669 2633 ac
684 2602 859 2633 Minervae.

231 2650 253 2680 9
275 2647 318 2677 In
343 2651 449 2676 monte
476 2645 627 2688 Tarpeio]
665 2646 755 2681 Huic
781 2647 891 2676 monti

188 2697 314 2720 nomen
331 2693 402 2720 erat
420 2690 557 2731 Tarpeio
570 2701 591 2720 a
604 2691 748 2730 'sarpeia
764 2691 891 2729 virgine

191 2732 247 2773 (de
271 2742 338 2772 qua
362 2743 463 2774 supra
492 2744 521 2764 c.
552 2735 616 2771 11.)
649 2734 718 2764 iilic
748 2734 890 2774 sepulta.

192 2775 351 2807 Ceterum
387 2787 452 2817 quo
480 2782 635 2818 tempore
666 2787 744 2808 eum
776 2777 892 2808 locum

190 2817 393 2859 Tarquinius
435 2820 511 2852 ‹Jovi
556 2822 772 2861 consecravit,
819 2831 894 2853 ossa

931 1597 1084 1639 Tarpeiae
1124 1598 1190 1628 alio
1226 1597 1338 1629 delata
1369 1603 1462 1637 sunt,
1495 1607 1635 1630 nomen-

928 1652 991 1681 que
1016 1643 1087 1681 ejus
1116 1642 1273 1680 exolevit,
1291 1643 1354 1673 nisi
1385 1643 1473 1681 quod
1500 1643 1634 1682 Tarpeii

928 1686 998 1716 saxi
1015 1695 1138 1715 nomen
1154 1695 1287 1726 semper
1302 1686 1446 1717 retinuit
1461 1696 1501 1717 ea
1520 1695 1633 1727 rupes,

928 1739 968 1759 ex
1004 1739 1069 1768 qua
1097 1729 1238 1768 dejicere
1266 1729 1442 1760 damnatos
1469 1729 1633 1762 solebant.

925 1773 1001 1803 Vid.
1014 1773 1105 1803 Justi
1117 1773 1246 1813 Rycqui
1260 1772 1384 1804 librum
1401 1773 1441 1803 de
1455 1773 1632 1814 Capitolio‘

977 1820 1013 1847 10
1051 1816 1288 1856 Exaugnrare
1309 1816 1422 1858 J'cma]
1459 1817 1635 1856 Augurato

931 1864 1127 1891 consecrata
1152 1860 1300 1898 fuerant,
1324 1871 1386 1891 nee
1410 1860 1571 1900 religione
1594 1861 1635 1891 li-

929 1905 1051 1943 berari,
1068 1904 1134 1935 nisi
1149 1910 1328 1944 augurato,
1345 1909 1518 1945 poterant.
1564 1904 1634 1935 Has

932 1954 1049 1978 autem
1110 1948 1390 1987 exaugurationes
1449 1947 1635 1988 Tarquinio

932 1992 1045 2022 Prisco
1068 1992 1223 2022 attribuit
1245 1992 1348 2022 Dion.
1363 1991 1384 2021 1.
1401 1992 1460 2022 ΙΙΙ.
1478 1995 1513 2021 et
1535 1992 1636 2022 meri-

932 2039 992 2073 to3
1025 2036 1188 2075 siquidem
1211 2035 1288 2065 inde
1311 2036 1417 2065 totius
1441 2035 1548 2076 operis
1571 2035 1636 2066 ini·

933 2080 1020 2109 tium
1036 2080 1124 2109 sumi
1140 2079 1302 2119 oportuit.

982 2126 1015 2153 11
1041 2123 1178 2153 Movisse
1199 2123 1338 2163 manaen]
1355 2122 1532 2153 ‘Traditur
1557 2122 1636 2153 deos.

934 2167 1101 2197 exeruisse
1126 2167 1313 2206 potentiam
1338 2170 1371 2196 et
1387 2167 1636 2206 providentiam

934 2220 1030 2240 suam
1049 2210 1089 2240 ad
1105 2210 1336 2247 indicandum,
1354 2210 1450 2249 quale
1471 2215 1506 2241 et
1529 2219 1635 2249 quan-

934 2262 1010 2284 tum
1025 2254 1180 2284 futurum
1203 2259 1292 2284 esset
1312 2254 1504 2284 Romanum
1529 2255 1636 2293 impe-

936 2298 1036 2328 rium.
1083 2298 1222 2329 AVumen
1237 2298 1371 2338 proprie
1389 2307 1457 2328 non
1472 2301 1523 2327 est
1539 2298 1634 2328 Deus

934 2342 1019 2381 ipse,
1036 2341 1094 2372 sed
1117 2342 1182 2372 Dei
1204 2346 1321 2379 nutus,
1336 2341 1502 2382 potentia,
1519 2340 1637 2372 volun-

932 2390 999 2416 tas.

982 2431 1020 2460 19.
1053 2428 1216 2469 Termini]
1255 2429 1300 2460 Et
1329 2428 1535 2467 Juventatis,
1565 2427 1638 2468 ipso

931 2475 1016 2504 teste
1028 2473 1136 2511 Livio,
1145 2473 1167 2503 1.
1179 2473 1219 2503 V.
1234 2483 1262 2503 c.
1275 2476 1327 2504 54.
1345 2473 1446 2502 Porro
1457 2471 1638 2502 Terminus

932 2517 1013 2547 deus
1030 2517 1217 2555 dicebatur,
1234 2517 1327 2556 cujus
1350 2517 1386 2546 in
1409 2514 1517 2545 tutela
1540 2518 1639 2545 erant

931 2570 1088 2600 agrorum
1105 2561 1203 2592 fines.-
1236 2561 1314 2591 Non
1333 2559 1535 2601 pingebatur
1552 2558 1639 2588 facie

933 2604 1096 2642 humana,
1133 2604 1191 2635 sed
1236 2603 1344 2643 lapide
1390 2602 1638 2642 designabatur.

933 2647 1022 2677 Eum
1038 2648 1148 2678 edocti
1163 2648 1204 2677 ab
1220 2647 1334 2677 Numa
1345 2647 1488 2678 Rotnani
1505 2649 1539 2676 et
1554 2645 1638 2685 pub-

935 2691 998 2720 lice
1027 2694 1062 2720 et
1094 2692 1250 2731 privatim
1281 2691 1449 2728 colebant,
1475 2699 1541 2720 non
1575 2698 1639 2719 cae-

935 2735 993 2772 sis,
1016 2733 1135 2764 saltem
1161 2745 1218 2775 per
1240 2734 1366 2765 multas
1388 2737 1517 2771 aetates,
1541 2733 1639 2763 victi-

936 2779 1014 2815 mis,
1042 2778 1099 2808 sed
1129 2778 1210 2809 cibis
1240 2781 1274 2815 et
1301 2779 1458 2818 primitiis
1489 2776 1639 2815 frugum.

936 2821 1012 2853 Vid.
1026 2821 1128 2855 Dion.
1147 2821 1169 2856 1,
1185 2822 1228 2856 11.
1245 2827 1280 2853 et
1297 2821 1386 2855 Plut.
1403 2822 1438 2854 in
1453 2820 1579 2853 Numa.
