1969 3239
610 125 726 163 L1B.
753 124 799 162 V.
832 124 964 161 CAP.
1001 124 1108 162 Lm.
1506 129 1581 164 345

156 224 274 274 bibus
308 224 482 267 Romam
503 225 558 267 ad
587 241 655 266 nos
676 224 890 282 transferri
911 239 1028 266 sacra
1050 230 1081 255 9⁸
1096 222 1432 279 religiosumfuit
1447 240 1461 265 .-
1494 224 1582 266 liinc
1596 236 1639 268 U.
1656 235 1693 266 C.
1709 235 1782 269 365.

155 284 239 328 sine
257 283 420 337 piaculo
443 283 482 323 in
505 283 676 324 bostium
710 283 846 323 urbem
881 279 996 322 Veios
1027 280 1345 336 transferemus?
1376 279 1584 323 Recorda-
1598 279 1636 311 Α·
1654 279 1692 310 C·
1709 281 1783 312 337.

152 339 269 389 mim,
287 339 506 395 agitedum,
529 339 682 394 quoties
702 353 817 379 sacra
841 339 1132 386 instaurentur,
1148 337 1246 391 quia
1270 335 1432 391 aliquid
1447 352 1492 379 ex
1507 353 1586 393 pa·

157 396 238 444 trio
259 396 340 437 ritu
364 396 613 452 neglegentia.
636 407 777 436 casuve
789 395 1099 450 prsetermissum
1121 400 1193 434 est.
1253 392 1382 434 Modo
1404 409 1490 449 quce
1512 409 1586 446 res,

152 459 245 507 post
253 452 489 509 prodigium
505 452 662 493 Albani
676 451 801 502 lacus,
815 451 896 492 nisi
911 450 1157 491 instauratio
1170 464 1376 490 sacrorum
1388 452 1587 505 auspicio-

158 524 328 564 rumque
368 509 591 559 renovatio,
628 506 793 563 affecta:
835 507 991 550 Veienti-
1025 506 1125 548 bello
1161 506 1388 561 reipublicae
1424 507 1589 549 remedio

144 564 243 621 fuit
261 566 283 606 ἔ)
315 566 375 607 At
391 566 527 615 etiam,
548 572 754 619 tamquam
775 572 950 606 ‘ceterum
972 564 1213 619 religionum
1234 577 1435 613 memores,
1455 571 1492 604 et
1518 578 1589 618 pe-

163 623 343 678 regrinos
365 621 474 663 Deos
495 621 775 662 transtulimus
798 620 986 670 Romam,
1008 628 1044 661 et
1068 620 1316 661 instituimus
1337 634 1474 660 novos.
1516 622 1593 660 Ju-

165 694 214 720 no
240 678 415 734 Regina,
435 685 660 718 transvecta
679 693 702 726 a
730 676 852 728 Veiis,
873 693 1000 733 iiiipcr
1020 677 1061 717 in
1081 676 1288 720 Aventino
1303 691 1426 732 quam
1444 677 1594 732 insigni

160 735 210 776 ob
244 734 431 778 excellens
462 741 738 776 matronarum
768 734 943 776 sincliunz
965 733 1184 788 celebrique
1205 733 1389 774 dedicata
1408 740 1462 774 est
1493 733 1557 774 die
1573 733 1596 774 ἕ)

169 791 257 832 Aio
276 791 448 835 Locutio
477 791 682 845 templum,
708 798 877 846 propter
907 791 1096 832 caelestem
1126 804 1257 830 vocem
1285 789 1519 831 exauditam
1551 791 1594 831 in

173 847 292 890 Nova
315 849 400 900 via,
407 848 750 904 jussiniusfieri:
786 847 1040 903 Capitolinos
1072 846 1186 887 ludos
1215 846 1472 889 sollemnibus
1502 846 1596 888 aliis

166 904 424 954 addidimus3
464 904 753 961 collegiumque
773 904 827 945 ad
857 904 901 945 id
919 918 1079 954 novum,
1101 910 1262 944 auctore
1282 909 1438 954 senatu,
1460 903 1596 945 condi-

160 961 306 1006 dimus.
370 960 484 1005 Quid
502 961 642 1002 horum
664 976 760 1016 opus
766 960 864 1017 fuit
883 961 1046 1016 suscipi,
1068 960 1102 1000 si
1130 974 1211 1001 una
1231 975 1320 1000 cum
1355 959 1494 1001 Gallis
1526 975 1596 1001 ur-

164 1017 251 1066 bem
284 1016 516 1059 Romanam
549 1018 732 1060 relicturi
749 1017 949 1074 fuimus?
978 1018 1013 1058 si
1046 1031 1123 1057 non
1147 1015 1356 1057 voluntate
1376 1017 1596 1058 mansimus

163 1074 210 1117 ‘in
233 1075 433 1129 Capitolio
451 1090 528 1130 per
549 1082 606 1116 tot
626 1089 771 1116 menses
792 1071 1044 1116 obsidionis?
1071 1074 1106 1114 si
1125 1073 1176 1113 ab
1197 1072 1379 1115 hostibus
1401 1080 1507 1115 *metu
1536 1088 1606 1115 reae

164 1131 266 1179 tenti
286 1132 448 1173 sumus?
479 1131 547 1173 De
564 1132 688 1172 sacris
722 1131 926 1186 loquimur
947 1137 984 1172 et
1017 1129 1064 1170 de
1094 1129 1274 1184 templis.-
1305 1130 1405 1186 quid
1437 1130 1596 1172 tandem

164 1188 214 1231 de
231 1188 502 1231 sacerdotibus
517 1187 538 1229 (ἒ
561 1187 705 1230 Nonne
719 1188 761 1228 in
780 1196 946 1230 mentem
964 1187 1088 1237 venit,
1105 1193 1300 1244 qnantum
1314 1187 1474 1242 piaculi
1493 1202 1598 1228 com-

167 1244 358 1286 mittatur
371 1245 391 1286 ’.Ᾱ
415 1245 647 1293 Vestalibus
668 1260 802 1299 nempe
822 1260 903 1287 una
925 1244 997 1290 illa
1021 1243 1127 1285 sedes
1148 1250 1217 1294 est,
1238 1258 1284 1284 ex
1304 1258 1387 1298 qna
1405 1258 1471 1284 eas
1493 1244 1600 1285 nihil

167 1316 372 1357 umquam,
388 1310 656 1358 prseterquam
679 1302 772 1342 urbs
791 1309 927 1356 capta,
950 1301 1086 1346 movit.
1145 1299 1325 1341 Flamini
1354 1300 1477 1341 Diali
1507 1316 1598 1341 noe-

166 1365 247 1404 tem
269 1374 390 1402 unam
411 1373 567 1403 manere
596 1365 709 1400 extra
742 1359 876 1399 urbem
909 1357 1021 1414 nefas
1053 1364 1124 1398 est.
1185 1356 1231 1398 H
1236 1372 1276 1397 os
1313 1357 1492 1398 Veientes
1519 1372 1598 1412 pro

167 1413 370 1469 Romanis
388 1414 559 1472 facturi
592 1416 683 1456 estis
713 1415 949 1466 sacerdotes,
970 1421 1006 1455 et
1040 1413 1211 1461 Vestales
1244 1421 1322 1455 tuce
1353 1422 1390 1455 te
1410 1414 1598 1466 deserent,

176 1470 333 1516 Vesta?
362 1479 399 1513 et
404 1472 564 1526 flamen
579 1487 748 1528 peregre
770 1472 992 1513 habitando
1014 1471 1058 1511 in
1080 1470 1261 1526 singulas
1291 1478 1421 1512 noctes
1441 1478 1600 1513 tantum

172 1527 252 1570 sibi
273 1528 409 1583 reique
422 1528 598 1584 publica*
617 1528 773 1583 piaculi
805 1526 1046 1569 contrahet?
1079 1525 1193 1570 Quid
1223 1527 1326 1577 alia,
1346 1543 1432 1582 quae
1465 1529 1601 1583 auspi-

169 1591 260 1625 cato
293 1586 453 1641 agimus
484 1586 618 1627 omniu
637 1584 734 1641 jere
766 1585 875 1625 intra
907 1584 1155 1640 pomaerium,
1187 1585 1253 1625 cui
1284 1585 1494 1634 oblivioni,
1527 1592 1601 1626 aut

170 1642 238 1684 ,cui
259 1642 515 1698 neglegentia
535 1642 676 1682 (lamus
691 1641 714 1682 ‚P
742 1642 913 1682 Comitia
934 1641 1113 1691 curiata,
1134 1644 1270 1695 ⁹⁹quce
1289 1655 1369 1682 rem
1385 1640 1602 1682 militarem

170 1698 375 1745 continent
387 1715 401 1748 ,·
430 1699 592 1740 coniitia
613 1699 854 1749 centuriata,
875 1698 1022 1754 quibus
1044 1697 1218 1745 consules
1239 1698 1498 1753 tribunosque
1526 1699 1602 1740 mi-

170 1754 314 1799 litares
330 1756 488 1807 creatis,
510 1755 581 1796 ubi
613 1755 833 1810 auspicato,
856 1755 934 1796 nisi
965 1754 1034 1795 ubi
1067 1753 1264 1805 adsolent,
1271 1754 1374 1809 fieri
1397 1762 1566 1809 possunt
1581 1755 1602 1796 ‚P

174 1809 341 1853 Veiosne
359 1812 437 1855 lzccc
458 1810 772 1868 transferemus?
791 1826 843 1852 an
865 1811 1115 1852 comitiorum
1135 1826 1277 1852 caussa
1292 1811 1469 1866 populus
1489 1819 1604 1855 tanto

173 1867 416 1916 incommodo
438 1870 479 1911 in
500 1869 697 1913 desertam
716 1868 820 1909 lianc
841 1869 894 1910 ab
917 1868 1016 1909 Diis
1032 1867 1333 1922 hominibusque
1351 1868 1490 1909 urbem
1511 1883 1604 1910 con-

174 1925 303 1966 veniet
319 1925 341 1965 ,9

233 1981 358 2023 LIII.
393 1981 473 2023 Sed
494 1997 555 2023 res
574 1982 665 2036 ipsa
697 1981 804 2037 cogit
833 1987 986 2022 vastam
1018 1978 1212 2021 incendiis
1243 1981 1450 2038 ruinisque
1481 1981 1606 2024 relin-

175 2052 292 2094 quere
311 2038 461 2090 urbem‚
479 2046 518 2080 et
537 2040 591 2080 ad
610 2039 769 2094 integra
792 2039 925 2079 omnia
953 2036 1069 2078 Veios
1089 2038 1283 2093 migrare,
1306 2053 1373 2080 nec
1395 2038 1458 2079 liic
1480 2038 1606 2093 (alifi-,-

177 2094 304 2135 cando
324 2095 477 2150 inopem
492 2095 649 2150 plebem
668 2110 826 2136 vexare.
868 2094 991 2134 Hanc
1015 2101 1149 2135 autem
1156 2095 1320 2150 jactari
1338 2096 1469 2151 magis
1490 2110 1606 2136 caus-.=

177 2165 276 2201 sum,
297 2166 418 2207 quam
439 2167 575 2193 veram
596 2165 689 2201 esse,
708 2158 756 2192 ut
777 2166 847 2208 ego
870 2166 947 2191 non
967 2151 1114 2201 dicam,
1136 2151 1330 2206 adparere
1349 2152 1477 2202 vobis,
1502 2152 1606 2208 Qui·

178 2208 291 2258 rites,
317 2214 444 2262 puto‚·
474 2209 545 2263 qui
569 2208 819 2258 meministis,
851 2214 943 2248 ante
977 2207 1198 2248 Gallorum
1228 2208 1459 2260 adventum,
1480 2208 1606 2250 salvis

179 2264 296 2304 tectis
317 2263 498 2320 publicis
510 2266 778 2322 privatisque,
800 2271 931 2306 stante
952 2264 1145 2305 incolumi
1163 2264 1274 2315 urbe,
1295 2264 1397 2306 lianc
1428 2265 1606 2306 eamdem

178 2336 262 2362 rem
283 2328 417 2362 actam
437 2335 526 2372 esse,
547 2327 594 2362 ut
619 2320 738 2363 Veios
767 2321 1162 2376 transmigraremus:
1225 2321 1283 2363 Et
1311 2322 1457 2372 videte,
1476 2337 1606 2377 quan-

180 2384 266 2419 tum
287 2378 544 2418 intermeant
561 2379 795 2419 sententiam
814 2385 1064 2433 vestramque
1084 2378 1257 2429 intersit,
1278 2379 1448 2419 tribuni.
1511 2377 1605 2432 Vos,

176 2434 337 2475 etiamsi
356 2432 697 2489 tuncfiiciendum
717 2433 957 2489 nonfuerit,
978 2434 1244 2490 nunc'utique
1259 2434 1501 2491 jaciendum
1523 2450 1608 2490 pu-

182 2491 306 2534 tatis:
337 2506 408 2547 ego
429 2496 584 2540 contra,
606 2494 692 2543 (nec
724 2491 769 2531 id
797 2491 937 2530 mirati
963 2491 1049 2532 sitis
1074 2492 1209 2546 prius,
1231 2506 1365 2547 quam,
1387 2491 1507 2546 quale
1537 2491 1607 2543 sit,

173 2547 416 2602 audieritis)
436 2548 595 2588 etiamsi
617 2554 711 2587 tunc
731 2547 988 2605 migrandum
994 2547 1161 2607 ficisset,
1182 2547 1373 2589 incolumi
1389 2556 1473 2589 tota
1493 2548 1607 2600 urbe,

201 2675 264 2707 ,98
292 2672 488 2711 Religiosum
504 2670 595 2711 fuit]
621 2670 786 2710 Religioni
816 2671 875 2701 ha-
917 2675 985 2701 tur.
1029 2671 1081 2701 De
1104 2672 1293 2703 discrimine
1313 2677 1476 2714 potestatis
1491 2681 1525 2705 et
1548 2676 1610 2705 im-

231 2716 331 2752 imus,
347 2715 442 2746 nefas
459 2725 528 2745 esse
545 2715 711 2744 duximus.
912 2716 1000 2754 perii
1015 2715 1078 2744 vid.
1098 2720 1169 2745 not.
1184 2718 1235 2746 ¹24.
1261 2717 1302 2747 ad
1321 2717 1362 2747 ΙΙ.
1379 2719 1431 2748 56.
1470 2719 1519 2748 De
1536 2718 1608 2756 lege

221 2762 263 2792 99
286 2758 371 2799 ‚Quae
397 2769 467 2789 rem
495 2760 673 2788 militarem
699 2757 870 2797 cmztiuem]
918 2758 1046 2788 curiata
1070 2758 1132 2788 vid.
1157 2769 1185 2789 c.
1209 2756 1260 2791 32.
1285 2760 1306 2791 l.
1333 2762 1389 2791 lx.
1408 2767 1442 2792 et
1460 2762 1527 2792 Cic.
1544 2762 1606 2801 Ep.

185 2799 389 2837 centuriatis
400 2801 541 2832 comitiis
555 2804 720 2841 potestas3
739 2800 875 2830 curiatis
917 2800 958 2831 ad
975 2800 1065 2832 Fam.
1083 2802 1108 2841 Ι.
1123 2806 1155 2837 9.

184 2842 360 2886 imperium
384 2845 514 2886 proprie
540 2845 666 2879 dictum
698 2843 875 2878 mandaba-

1950 0 1958 24 ⁴-
