1925 3239
503 136 537 174 L
551 137 567 174 1
581 137 626 175 Β,
653 136 761 175 VIII.
797 136 826 172 C
841 136 871 173 A
886 135 929 174 P.
956 134 1128 172 XXXII.
1465 140 1538 173 485

93 233 187 275 nari
215 235 396 286 vetuerit,
427 251 508 292 qua
529 243 758 292 pugnatum
787 234 945 277 doleat:
975 241 1012 275 et
1042 242 1137 275 tunc
1168 234 1323 275 invidia
1356 235 1534 290 inpedire
1548 252 1587 282 U.
1604 251 1641 279 Γ,
1658 254 1730 281 430.

93 291 283 332 virtutem
323 292 500 334 alienam
540 293 721 342 voluisse,
759 292 1102 346 cupidissimisque
1140 306 1254 331 arma
1295 291 1581 332 abe'aturumA·
1599 295 1634 325 C·
1652 296 1725 325 3⁶22.

77 345 214 402 fuisse
253 347 466 400 militibus,
502 364 563 400 ne,
597 364 636 390 se
672 349 844 400 absente,
874 348 1025 389 moveri
1058 355 1242 402 possent:
1284 354 1322 388 et
1353 363 1456 389 nunc
1490 349 1535 389 id

83 403 248 459 furere,
278 405 324 445 id
351 420 452 462 aegre
477 406 579 461 pati,
597 405 705 461 quod
731 406 815 446 sine
846 404 899 446 L.
925 404 1116 458 Papirio,
1137 419 1217 445 non
1252 405 1431 455 inermes,
1455 420 1532 446 non

92 462 226 502 manci
255 461 405 504 milites
425 461 606 518 fuerint,
627 461 735 518 quod
759 477 798 503 se
823 460 875 506 Q.
901 461 1053 502 Fabius
1082 461 1324 517 magistrum
1354 462 1534 516 equitum

95 516 268 568 duxerit,
299 533 345 559 ac
381 533 460 559 non
493 533 698 560 accensum
736 518 965 559 dictatoris.
1030 517 1143 562 Quid
1170 518 1286 559 illum
1312 517 1533 573 jacturam

81 572 234 628 fuisse,
255 574 305 626 si,
326 575 434 630 quod
454 575 547 616 belli
563 590 676 616 casus
691 573 856 631 ferunt,
880 574 1079 630 Marsque
1109 576 1340 623 communis,
1362 575 1530 616 adversa

86 644 231 686 pugna
271 631 456 672 evenisset
470 648 483 681 ,·
532 632 604 687 qui
642 632 735 682 sibi,
765 632 932 673 devictis
961 631 1155 681 hostibus,
1196 632 1405 685 republica
1439 631 1533 674 bene

90 694 220 742 gesta,
242 687 301 728 ita
322 694 365 728 ut
386 703 462 730 non
481 688 533 728 ab
555 688 628 729 illo
651 689 765 729 unico
787 689 885 729 duce
907 688 1046 728 melius
1063 689 1151 744 geri
1165 689 1362 743 potuerit,
1376 688 1530 742 suppli-

93 743 197 784 cium
219 744 414 800 magistro
432 746 610 800 equitum
639 745 851 786 minetur?
882 744 1022 800 Neque
1050 744 1166 785 illum
1197 745 1388 801 magistro
1419 747 1532 800 equi-

95 806 181 840 tum
209 799 466 856 irffestiorem,
489 817 611 857 quam
641 802 818 842 tribunis
848 800 1039 852 militum,
1064 816 1187 856 quam
1217 803 1530 854 centurionibus,

90 871 211 911 quam
228 857 428 899 militibus
448 873 539 899 esse.
560 860 594 899 si
608 860 753 914 possit,
778 859 820 898 in
841 873 970 899 omnes
995 860 1224 899 saeviturum
1239 857 1375 914 fuisse
1389 876 1400 898 :
1433 860 1531 913 quia

91 913 136 954 id
155 920 335 969 nequeat,
356 914 399 954 in
420 930 543 956 unum
563 916 717 956 saevire.
758 915 901 956 Etiam
924 915 1138 966 invidiam,
1156 922 1363 970 tamquam
1385 916 1530 971 ignem,

95 984 248 1011 summa
264 978 423 1026 petere5
445 972 489 1012 in
510 979 632 1027 caput
653 972 826 1023 consilii,
842 973 885 1012 in
906 972 1042 1012 ducem
1065 973 1279 1013 irwmrere.
1301 972 1334 1012 si
1354 987 1391 1012 se
1411 973 1534 1013 simul

93 1041 183 1068 cum
200 1026 336 1083 gloria
367 1027 426 1068 rei
443 1035 564 1084 gestae
584 1029 847 1078 exstinxisset,
867 1036 961 1069 tunc
982 1029 1186 1079 victorem,
1208 1028 1314 1069 velut
1344 1029 1387 1069 in
1416 1036 1532 1083 capto

95 1084 270 1125 exercitu
288 1084 577 1136 dominantem,
597 1085 796 1141 quidquid
816 1085 977 1126 licuerit
998 1086 1040 1126 in
1061 1087 1255 1141 magistro
1277 1085 1468 1140 equitum,
1491 1086 1533 1126 in

93 1139 293 1182 militibus
329 1155 534 1182 ausurum.
597 1141 782 1183 Proinde
813 1143 987 1183 adessent
1017 1143 1059 1182 in
1090 1157 1163 1183 sua
1197 1156 1334 1182 caussa
1357 1142 1533 1183 omnium

93 1194 291 1238 libertati.
333 1197 381 1238 Si
400 1212 630 1239 consensum
649 1199 846 1239 exercitus
867 1199 1057 1249 eumdem,
1079 1199 1150 1254 qui
1171 1199 1210 1239 in
1226 1197 1532 1254 proeliofuerit,

94 1253 139 1294 in
159 1254 309 1294 tuenda
330 1253 503 1295 victoria
524 1255 673 1306 videat,
695 1263 732 1296 et
751 1255 920 1296 salutem
941 1256 1059 1296 unius
1080 1255 1265 1296 omnibus
1296 1270 1399 1295 curce
1428 1270 1532 1304 esse,-

97 1309 392 1351 inclinaturum
415 1311 472 1352 ad
498 1311 787 1353 clementiorem
805 1313 1041 1352 sententiam
1071 1313 1263 1352 animum.
1324 1311 1531 1353 Postremo

95 1381 136 1407 se
175 1367 302 1408 vitam
328 1366 609 1424 fortunasque
648 1383 741 1409 suas
780 1368 941 1409 illorum
968 1368 1074 1423 fidei
1102 1369 1324 1423 virtutique
1360 1369 1533 1423 permit-

94 1430 190 1464 tere.

142 1479 358 1521 XXXII.
384 1479 557 1521 Clamor
577 1496 599 1522 e
613 1490 703 1522 tota
715 1481 923 1522 concione
940 1492 1071 1532 ortus,
1085 1482 1145 1522 uti
1166 1481 1322 1521 bonum
1338 1481 1526 1523 animum

94 1535 295 1579 haberet:
329 1538 542 1578 neminem
563 1538 621 1579 illi
645 1539 730 1579 vim
754 1539 1009 1588 adlaturum,
1032 1539 1156 1579 salvis
1178 1538 1419 1592 legionibus
1446 1538 1534 1579 Ro-

101 1593 254 1634 manis.
312 1593 442 1635 Haud
466 1594 600 1635 multo
619 1605 716 1650 post
737 1595 921 1636 dictator
940 1596 1135 1636 advenit:
1167 1595 1429 1650 classicoque
1459 1609 1537 1635 ex-

95 1650 258 1704 templo
280 1650 334 1690 ad
355 1651 607 1692 concionem
630 1652 869 1692 advocavit.
900 1652 1026 1700 Tum,
1049 1652 1216 1692 silentio
1241 1651 1370 1701 facto,
1388 1666 1532 1706 praeco

97 1706 154 1752 Q.
178 1706 358 1747 Fabium
382 1708 633 1762 magistrum
655 1708 845 1763 equitum
866 1709 1029 1749 citavit.
1047 1709 1119 1763 qui
1143 1708 1265 1748 simul
1285 1722 1337 1747 ex
1358 1708 1533 1750 inferio-

95 1777 140 1803 re
171 1763 267 1804 loco
297 1764 347 1803 ad
381 1764 566 1804 tribunal
603 1765 794 1815 accessit,
828 1776 918 1806 tum
949 1765 1150 1814 dictator,
1187 1764 1347 1819 Qucero,
1378 1764 1710 1819 inquit,Dictatoris

96 1819 145 1860 de
164 1825 215 1869 te,
243 1819 294 1875 Q.
319 1818 442 1871 Fabi,
465 1835 589 1875 quum
622 1836 818 1862 summum
853 1822 1065 1877 imperium
1084 1821 1308 1867 ,dictatoris
1329 1821 1394 1871 sit,
1408 1836 1530 1876 pare·
1543 1823 1643 1852 &³150
1658 1825 1695 1852 Μ

96 1882 247 1930 antque
275 1876 312 1917 ei
341 1879 375 1902 ⁷²
388 1876 575 1929 consules,
596 1879 710 1934 regia
740 1886 933 1933 potestas,
948 1870 1139 1933 praetb‘res
1160 1877 1302 1918 iisdem
1323 1878 1531 1932 auspiciis,
1545 1866 1590 1895 M.
1608 1866 1645 1896 E.

94 1932 240 1988 quibus
280 1933 470 1984 consules,
512 1935 637 1975 creati
649 1952 662 1984 ,-
712 1950 867 1990 cequum
906 1949 1079 1984 censeaS,
1120 1949 1251 1984 necne,
1291 1935 1533 1990 magistrum

96 1989 276 2044 equitum
298 1990 404 2031 dicto
426 1990 651 2032 audientem
673 2007 756 2032 esse
773 1991 794 2032 9
826 1991 1009 2047 Itemque
1039 1990 1146 2031 illud
1173 1991 1389 2046 interrogo,
1410 2006 1535 2046 quum

95 2060 156 2087 me
182 2045 345 2086 incertis
373 2047 566 2102 auspiciis
586 2047 817 2104 profectum
849 2048 901 2089 ab
935 2047 1049 2088 domo
1081 2049 1236 2098 scirem,
1264 2054 1401 2087 utrum
1433 2048 1534 2088 milii

98 2102 272 2143 turbatis
292 2102 557 2159 religionibus
577 2113 640 2145 ‘fies
654 2104 822 2159 publica
845 2105 888 2145 in
907 2104 1117 2145 discrimen
1136 2103 1417 2145 committenda
1432 2103 1534 2159 jue-

95 2159 166 2209 rit,
189 2174 242 2200 an
262 2160 447 2214 auspicia
470 2161 692 2216 repetenda,
715 2177 761 2203 ne
781 2161 883 2217 quid
897 2161 1031 2202 dubiis
1054 2161 1152 2202 Diis
1172 2174 1330 2216 agerem
1345 2158 1368 2200 {2
1399 2159 1535 2202 Simul

96 2215 217 2266 illud,
239 2230 326 2270 quce
346 2215 539 2258 dictatori
560 2218 703 2274 religio
724 2218 988 2273 inpedimento
1019 2217 1074 2258 ad
1094 2232 1175 2258 rem
1200 2216 1414 2273 gerendam
1431 2218 1532 2274 fue-

97 2272 170 2321 rit,
193 2287 283 2313 num
305 2287 352 2312 ea
383 2274 578 2329 magister
607 2275 785 2330 equitum
816 2274 967 2315 solutus
998 2288 1044 2314 ac
1075 2273 1175 2315 liber
1206 2274 1385 2328 potuerit
1418 2274 1533 2315 esse?

95 2331 126 2354 ⁷³
147 2327 229 2369 Sed
248 2328 348 2385 quid
366 2343 436 2386 ego
459 2330 537 2369 baec
568 2331 772 2387 interrogo
787 2331 809 2371 {l
839 2345 976 2387 quum,
998 2331 1033 2371 si
1056 2345 1137 2387 ⁴ego
1169 2330 1319 2371 tacitus
1350 2330 1547 2382 abissent„

98 2389 232 2426 tamen
253 2385 329 2426 tibi
361 2386 417 2426 ad
447 2385 665 2428 voluntatis
696 2387 1066 2443 interpretationem
1095 2401 1188 2428 mece
1221 2386 1432 2442 dirigenda
1461 2394 1533 2428 tua

99 2442 294 2483 sententia
308 2441 462 2497 fuerit.
525 2443 636 2497 Quin
666 2451 711 2485 tu
741 2444 957 2500 respondes,
977 2445 1230 2495 vetuerimne,
1251 2449 1288 2483 te
1316 2443 1536 2499 quidquam

141 2589 213 2623 72*
228 2589 388 2628 Consules,
418 2591 511 2628 regia
534 2590 688 2629 potestas]
725 2590 799 2621 vid.
846 2594 895 2626 ut,
912 2590 1043 2619 etiamsi
1058 2599 1119 2629 ego
1133 2589 1255 2619 tacitus
1272 2589 1423 2627 abissem‚
1441 2600 1480 2620 ea
1493 2592 1538 2620 ti-

100 2635 173 2662 not.'
185 2637 216 2668 9.
235 2632 276 2662 ad
287 2633 343 2663 IV.
360 2636 391 2664 2.
409 2643 519 2673 supra.
843 2633 875 2662 bi
893 2634 1084 2672 conjectura
1100 2632 1341 2671 investiganda,
1358 2638 1391 2662 et
1407 2633 1448 2662 ad
1464 2643 1537 2663 eam

143 2678 185 2709 73
210 2675 275 2706 Sed
285 2677 368 2715 quid
381 2676 451 2715 ego]
467 2677 568 2716 Quasi
582 2676 726 2706 diceret:
744 2676 801 2705 sed
845 2676 1016 2715 dirigenda
1044 2677 1210 2705 sententia
1233 2683 1293 2712 tua
1313 2675 1439 2714 fuerit3
1477 2687 1538 2706 nee

101 2718 183 2756 quid
199 2728 260 2757 ego
283 2723 318 2748 te
341 2720 382 2749 ad
404 2720 676 2760 disceptationem
702 2719 801 2758 ipsius
846 2719 983 2759 proinde
999 2719 1174 2758 quidquam
1193 2718 1232 2748 ad
1249 2724 1282 2748 te
1296 2719 1459 2758 pertineat
1475 2720 1540 2749 dis-

105 2761 155 2790 rei
179 2771 270 2799 voco,
286 2772 387 2801 quum
412 2768 480 2792 tuae
504 2768 614 2803 partes
639 2772 704 2793 non
728 2762 800 2792 aliae
845 2763 979 2800 quisitio
1023 2771 1136 2792 earum
1183 2761 1362 2798 rationum,
1407 2766 1540 2802 propter

108 2803 188 2840 sint,
206 2814 304 2843 quam
321 2811 359 2835 ut
382 2815 495 2845 pareas
510 2817 520 2844 ;
545 2816 647 2845 quum
661 2807 720 2836 ita
741 2805 801 2835 tibi
846 2814 926 2844 quas
943 2815 962 2834 a
977 2814 1090 2846 pugna
1105 2804 1338 2836 abstinendum
1352 2804 1472 2836 fueram

110 2847 263 2878 voluntas
281 2858 355 2879 mea
368 2858 428 2889 pro
451 2848 523 2888 lege
547 2859 616 2880 esse
639 2849 802 2887 debuerit,
903 2890 911 2896 ι

863 2904 878 2931 1
902 2904 913 2930 1
939 2895 962 2931 3
