1969 3239
509 474 852 531 EPITOME
888 477 1100 531 LIBRI
1139 476 1238 529 IV*

716 637 1008 662 ψ

160 739 318 798 LEX
337 754 388 799 de,
402 754 597 796 connubio
629 753 807 795 Patrum
829 761 864 795 et
892 752 1015 809 plebis
1037 769 1061 795 a
1083 752 1257 794 tribunis
1280 752 1410 808 plebis
1432 759 1591 794 couten-

156 814 264 855 tione
291 827 452 868 magna,
486 811 685 853 Patribus
719 811 1049 868 repugnantibus,
1072 811 1233 865 perlata
1266 817 1334 851 est.
1387 809 1594 852 1Τνίὸιιηὶ

153 870 361 911 militares.
422 869 596 926 Aliquot
625 869 740 909 annis
766 883 823 909 res
845 868 989 924 populi
1019 867 1200 909 Romani
1222 868 1330 908 donzi
1359 867 1594 924 militiasque

145 941 221 982 per
248 926 318 967 lzoc
342 940 466 983 genus
494 927 754 983 magistratus
784 925 1074 966 administratce
1103 931 1208 966 sunt.
1269 924 1371 965 Item
1406 923 1592 966 Censores

152 992 245 1025 tunc
268 983 449 1039 primum
480 984 605 1025 creati
633 990 741 1025 sunt.
783 981 928 1039 ‘²Ager
957 982 1205 1024 Ardeatibus
1234 981 1380 1037 populi
1413 980 1595 1024 Romani

137 1041 303 1097 judicio
339 1040 514 1090 ablatus,
544 1041 670 1081 missis
702 1042 745 1081 in
777 1054 864 1080 eum
897 1039 1058 1090 colonis,
1087 1039 1292 1080 restitutus
1319 1046 1390 1080 est.
1455 1037 1592 1083 Quum

138 1096 259 1154 fame
281 1097 456 1152 populus
487 1097 698 1139 Romanus
726 1097 942 1147 laboraret,
974 1096 1047 1151 Sp.
1077 1095 1259 1147 BIcelius,
1290 1110 1402 1152 eques
1432 1093 1589 1137 Roma-

155 1170 240 1206 nus,
247 1154 505 1211 frumentum
527 1154 681 1211 populo
701 1168 774 1195 sua
794 1154 955 1209 inpensa
983 1152 1156 1210 largitus
1175 1161 1252 1194 est:
1284 1160 1336 1204 et,
1359 1153 1406 1194 ob
1428 1152 1474 1193 id
1486 1152 1588 1209 jac-

150 1219 235 1254 tum
274 1211 489 1253 conciliata
526 1212 604 1252 sibi
630 1211 761 1266 plebe,
798 1226 964 1267 regumn
1014 1209 1222 1267 adfectans
1263 1225 1288 1250 a
1326 1210 1371 1251 C.
1413 1208 1588 1251 Servilio

147 1268 305 1320 Alutla,
327 1270 519 1325 magistro
550 1269 741 1325 equitum,
749 1268 869 1323 jussu
903 1266 1087 1311 Quinctii
1119 1266 1357 1309 Cincinnati
1379 1267 1589 1309 dictatoris

149 1326 295 1367 occisus
315 1333 395 1367 est:
422 1325 476 1367 L.
500 1325 711 1367 .M¹inucius
730 1325 847 1366 index
870 1325 965 1366 bove
981 1331 1126 1365 aurata
1145 1324 1316 1365 donatus
1335 1331 1404 1365 est.
1450 1323 1586 1381 Lega-

148 1382 202 1424 tis
233 1381 432 1424 Romanis
465 1397 490 1424 α
524 1382 787 1424 Fidenatibus
817 1382 966 1432 occisis,
996 1382 1185 1438 quoniam
1218 1382 1267 1423 ob
1300 1380 1587 1436 rempublicam

149 1440 430 1490 occubuerant,
449 1447 592 1481 statuae
618 1439 663 1480 in
684 1437 845 1480 Rostris
865 1440 1006 1494 positae
1035 1446 1141 1480 sunt.
1202 1437 1346 1480 Cossus
1377 1436 1589 1480 Cornelius

149 1497 336 1537 tribunus
352 1496 542 1548 militum,
560 1497 684 1537 occiso
708 1495 916 1537 Tolumnio
935 1510 1025 1552 rege
1051 1494 1290 1547 Veientium,
1306 1495 1438 1550 opima
1458 1495 1587 1551 spolia

147 1553 318 1594 secunda
350 1553 501 1595 retulit.
551 1552 687 1594 BIam.
720 1553 913 1594 AEmilius
933 1552 1123 1604 dictator,
1144 1566 1313 1593 censurae
1333 1552 1493 1604 honore,
1515 1553 1587 1608 qni

146 1617 266 1650 antea
290 1624 367 1665 per
387 1611 701 1666 quinquennium
727 1610 958 1666 gerebatur,
981 1610 1079 1650 anni
1095 1616 1133 1650 et
1153 1624 1220 1650 sex
1240 1608 1431 1650 mensium
1453 1610 1584 1664 spatio

134 1667 276 1722 finito,
300 1667 348 1707 ob
370 1681 455 1707 eam
475 1681 557 1708 rem
579 1682 603 1708 α
625 1666 848 1708 censoribus
868 1673 1027 1707 notatus
1048 1673 1115 1707 est.
1167 1665 1330 1707 Fidenae
1348 1666 1390 1707 in
1406 1673 1584 1720 potesta-

146 1731 223 1765 tem
244 1723 427 1774 redactae,
449 1738 569 1780 eoque
589 1723 718 1764 coloni
738 1724 849 1765 missi
871 1730 978 1764 sunt.
1016 1723 1162 1779 quibus
1184 1723 1333 1774 occisis,
1358 1721 1586 1774 Fidenates,

145 1795 266 1836 quum
289 1779 532 1837 defecissent,
548 1796 573 1821 a
596 1779 732 1822 sslam.
755 1781 922 1822 AEmilio
945 1780 1140 1822 dictatore
1159 1780 1258 1822 victi
1278 1787 1384 1831 sunt,
1402 1787 1439 1820 et
1460 1779 1582 1822 Fide·

145 1852 206 1878 uae
226 1845 365 1893 captae.
427 1837 665 1894 Conjuratio
686 1852 888 1879 servorum
909 1852 1089 1894 oppressa
1110 1844 1180 1879 est.
1240 1837 1488 1888 Postumius,
1509 1838 1586 1878 tri-

147 1895 274 1935 bunus
304 1894 499 1947 militum,
524 1902 692 1951 propter
726 1895 1001 1936 crudelitatem
1035 1894 1087 1934 ab
1125 1895 1297 1935 exercitu
1335 1893 1481 1934 occisus
1515 1902 1583 1936 est.

146 1951 401 2006 Stipendium
430 1967 476 1993 ex
497 1952 640 1993 aerario
670 1959 755 1993 tum
779 1953 959 2007 primum
981 1951 1180 1992 militibus
1204 1952 1343 1993 dutum
1373 1957 1440 1992 est.
1500 1949 1584 1992 Res

135 2015 337 2064 praeterea
373 2015 503 2065 gestas
541 2009 730 2051 adversus
771 2008 943 2061 Volscos,
975 2016 1011 2050 et
1045 2007 1271 2061 fidenates,
1309 2015 1346 2050 et
1389 2007 1582 2060 Faliscos,

142 2065 332 2106 continet.

178 2157 188 2184 l
219 2153 356 2185 Tribuni
371 2156 542 2197 militares]
560 2155 630 2187 Vox
646 2157 768 2188 ultima
783 2156 839 2187 ad·
882 2160 1030 2187 tratuum
1060 2157 1168 2195 prima
1193 2155 1321 2185 mentio
1343 2156 1500 2185 occurrit.
1546 2156 1580 2186 Si

143 2197 213 2227 dita
228 2205 279 2228 est
294 2208 313 2228 a
329 2199 439 2229 neseio
454 2210 529 2238 quo.
556 2200 710 2239 Sigonius
727 2201 836 2230 locum
884 2211 988 2230 unum
1005 2206 1140 2229 tantum
1158 2200 1212 2229 hic
1233 2198 1430 2228 vocabulum
1452 2199 1579 2237 deerat,

142 2250 300 2271 mancum
331 2242 453 2281 reperit
483 2243 516 2272 in
546 2244 613 2273 suis
643 2244 748 2281 libris,
777 2254 838 2274 nec
884 2243 1039 2274 libentius
1066 2243 1271 2282 legeremus:
1305 2242 1442 2272 Tribuni
1467 2251 1579 2272 consu-

143 2284 301 2324 explevit.
343 2284 479 2315 audieet
502 2285 618 2324 lector,
635 2297 675 2316 an
695 2288 744 2317 his
764 2297 835 2317 ver-
880 2289 975 2318 lares.
991 2286 1065 2316 vid.
1076 2293 1145 2316 not.
1160 2289 1212 2317 33.
1223 2285 1264 2316 ad
1276 2296 1303 2316 c.
1315 2289 1366 2316 55.
1380 2285 1477 2322 hujus
1492 2285 1576 2316 libri.

142 2327 193 2358 bis
209 2329 290 2359 satis
305 2327 392 2358 clare
405 2328 623 2368 desig-nentur
636 2331 760 2360 tribuni
774 2332 836 2361 mi-
924 2333 943 2361 2
966 2331 1058 2368 Ager
1071 2329 1288 2370 Ardeatium]
1312 2329 1479 2360 Re<cribit
1493 2329 1576 2358 Gro—

143 2371 242 2401 litum
271 2372 435 2402 consulari
461 2377 640 2412 potestate,
662 2373 726 2403 hoo
753 2384 836 2413 prae—
880 2375 1010 2412 novius,
1026 2374 1231 2406 Ardeatibus.

144 2415 257 2446 sertim
276 2415 361 2453 loco,
379 2416 433 2453 ubj
451 2415 552 2457 hujus
568 2418 698 2456 generis
716 2417 837 2457 magis-
