1969 3239
591 125 714 165 LIB.
742 124 809 162 Vl.
847 123 977 162 CAP.
1004 121 1071 160 IV.
1474 124 1549 160 353

117 223 225 266 mbe
257 224 453 266 hostibus
487 226 655 278 tradita,
689 227 869 267 inermes
899 237 997 265 cum
1029 222 1208 279 singulis
1241 224 1384 265 emissi
1418 224 1600 265 vesti-U·
1616 226 1654 257 C·
1670 225 1745 258 366

118 286 289 333 mentis,
323 283 552 324 miserabili
589 284 761 338 agmine
793 290 967 345 penates
1000 257 1310 345 relinquet-Qent
1351 296 1402 321 eo
1435 273 1596 322 forte-4·
1614 272 1651 301 C·
1667 272 1742 302 ⁵⁵⁸⁶·

121 349 314 394 tempore
355 339 558 381 Cunillus
594 353 690 381 cum
727 339 919 380 exercitu
959 336 1158 378 Romano
1197 338 1438 378 intervenit.
1477 339 1546 379 cui

119 408 251 448 quum
276 409 320 436 se
343 407 497 437 moesta
519 398 641 437 turba
662 397 713 437 ad
741 396 867 451 pedes
903 393 1199 449 provolvisset,
1221 394 1548 449 principumque

120 453 356 494 orationem
406 455 655 494 necessitate
691 453 839 493 ultima
870 465 1129 506 expressam,
1165 451 1288 491 fletus
1325 451 1550 492 mulierum

119 522 170 548 ac
205 524 446 564 puerorum,
476 511 547 564 qui
579 510 715 550 exsilii
747 508 925 549 comites
959 507 1250 557 trahebantur,
1284 508 1551 562 excepisset3

121 579 294 619 parcere
316 567 510 606 lamentis
533 567 729 608 Sutrinos
751 565 906 621 jussit:
942 563 1131 607 Etruscis
1155 580 1198 606 se
1230 565 1392 605 luctum
1426 564 1551 605 lacti-

119 635 298 677 masque
320 624 381 663 fei
384 637 440 664 re
500 624 527 663 S
532 624 694 664 arcinas
718 624 815 664 inde
835 622 1008 678 deponi,
1030 622 1310 677 Sutrinosque
1332 621 1390 662 ibi
1412 621 1553 662 consi·

118 679 233 730 dere,
266 681 434 720 modico
469 681 669 734 piaesidio
700 680 862 730 relicto,
897 693 1016 719 arma
1048 693 1190 719 secum
1226 678 1404 719 militem
1441 678 1551 718 terre.

113 734 256 788 jubet.
300 736 365 778 Ita
388 738 591 792 expedito
612 737 802 778 exercitu
826 735 1043 792 profectus
1066 735 1117 776 ad
1142 736 1348 782 Sutrium,
1371 735 1412 776 id
1435 735 1550 790 quod

120 793 304 844 rebatur,
327 794 463 834 soluta
493 795 637 834 onmia
662 795 785 834 rebus
807 797 874 845 (ut
908 792 973 843 fit)
1008 792 1202 833 secundis
1234 792 1422 833 invenit·
1455 791 1549 832 nul-

119 848 202 889 lam
235 850 458 891 stationem
491 862 589 891 ante
622 852 796 902 moenia,
828 859 1020 905 patentes
1051 860 1208 904 portas,
1241 849 1445 889 victorem
1477 863 1550 889 va-

118 920 220 960 gum
245 908 430 961 praedam
454 922 507 948 ex
531 908 717 948 hostium
748 908 871 948 tectis
902 917 1161 962 egerentem.
1223 905 1385 946 Iterum
1417 905 1551 960 igitur

117 964 266 1003 eodem
289 964 357 1004 die
379 964 568 1005 Sutrium
592 966 784 1021 capitur·
818 965 1001 1004 victores
1025 962 1192 1003 Etrusci
1228 963 1382 1026 passim
1417 962 1551 1003 truci-

117 1019 273 1060 dantur
292 1022 348 1061 ab
371 1035 482 1062 novo
506 1022 642 1072 hoste,
664 1036 802 1077 neque
823 1035 867 1061 se
888 1019 1192 1083 conglobandi,
1214 1017 1516 1074 coeundique
1508 1033 1550 1059 m

118 1090 268 1128 unum,
290 1087 364 1118 aut
385 1093 501 1119 arma
523 1078 719 1134 capiendi
741 1078 865 1119 datur
887 1078 1087 1132 spatium.
1110 1091 1241 1131 quum
1265 1091 1340 1139 pio
1363 1090 1407 1115 se
1437 1076 1552 1130 quis—

118 1147 201 1187 que
225 1134 445 1176 tenderent
467 1136 518 1176 ad
545 1144 711 1199 poitas,
723 1135 757 1175 si
778 1150 862 1190 qua
884 1134 993 1174 forte
1011 1149 1054 1174 se
1073 1135 1114 1173 in
1137 1148 1262 1188 agios
1280 1146 1434 1187 εμεειε
1454 1147 1552 1187 pos-

118 1201 226 1241 sent,
248 1191 410 1233 clausas
431 1193 492 1244 (id
514 1207 625 1232 emm
649 1193 833 1247 primum
857 1192 1042 1232 ‹lictatoi
1074 1191 1374 1245 imperaverat)
1410 1201 1551 1244 portas

118 1246 358 1290 inveniunt.
421 1248 526 1290 Inde
547 1249 615 1289 alii
637 1263 754 1289 arma
787 1263 952 1304 capere,
973 1247 1060 1298 alii,
1082 1262 1189 1302 quos
1224 1247 1332 1286 forte
1364 1256 1551 1286 aimatos

120 1305 328 1346 tumultus
349 1318 649 1362 occupaveiffat
671 1319 908 1347 convocate
931 1319 1043 1354 suos,
1065 1316 1113 1344 ut
1144 1303 1350 1367 proelium
1380 1303 1549 1343 ini1·.ent

118 1361 234 1414 quod
257 1377 483 1403 accensum
507 1364 560 1403 ab
582 1363 876 1427 desperatione
899 1361 1082 1402 hostium
1108 1360 1280 1412 fuisset3
1312 1360 1353 1400 ni
1385 1373 1549 1414 piaeco-

119 1430 209 1467 nes,
233 1432 306 1473 pei
335 1421 481 1460 urbem
514 1412 692 1470 dimissi,
714 1421 815 1474 poni
848 1433 977 1468 arma,
999 1428 1042 1458 et
1074 1418 1190 1473 parci
1221 1417 1371 1457 ineimi
1397 1416 1550 1471 jussis-

121 1485 230 1524 sent,
253 1490 330 1516 nec
352 1487 506 1540 praeter
528 1486 713 1516 armatos
746 1490 1002 1531 quemquam
1037 1475 1200 1515 violamur
1260 1473 1369 1514 Tum
1403 1474 1549 1522 etiam,

120 1531 276 1584 quibus
298 1533 427 1574 animi
454 1539 481 1561 ¹⁷
498 1534 540 1573 in
565 1547 638 1589 spe
659 1533 807 1574 ultima
828 1531 1033 1574 obstinati
1056 1532 1108 1572 ad
1131 1530 1430 1572 decertandum
1460 1530 1550 1569 fue-

119 1597 229 1638 rant,
253 1600 477 1645 postquam
500 1590 600 1631 data
620 1604 714 1645 spes
737 1591 837 1630 vitae
860 1598 937 1639 est,
953 1589 1119 1643 jactare
1146 1588 1300 1642 passim
1332 1601 1435 1626 arm
1426 1603 1462 1636 1,
1487 1587 1551 1627 in-

119 1657 352 1700 ermesque,
389 1646 504 1700 quod
545 1647 677 1688 tutius
717 1646 888 1687 fortuna
927 1645 1100 1695 fecerat,
1135 1659 1180 1684 se
1216 1644 1327 1684 hosti
1368 1642 1550 1683 obferre

120 1700 290 1757 RIagna
311 1703 570 1743 multitudo
562 1718 604 1744 in
637 1704 851 1744 custodias
885 1703 1044 1744 divisa:
1077 1701 1283 1756 oppidum
1317 1709 1415 1741 ante
1446 1714 1551 1740 noc·

121 1768 207 1799 tem
203 1733 441 1801 *redditum
458 1760 638 1801 Sutrinis
661 1759 937 1801 inviolatum
928 1770 1229 1814 integrumque
1251 1758 1305 1799 ab
1322 1759 1437 1798 omni
1461 1756 1548 1797 cla-

119 1814 172 1856 de
194 1815 308 1868 belli,
330 1818 431 1873 quia
452 1831 538 1858 non
559 1817 600 1858 vi
623 1828 814 1873 captum,
837 1817 909 1858 sed
942 1817 1143 1858 traditum
1175 1829 1250 1871 per
1279 1814 1548 1856 conditiones

117 1871 270 1914 fuerat

177 1929 259 1971 1V.
291 1930 496 1972 Camillus
529 1932 572 1972 in
605 1932 753 1973 urbem
786 1929 1054 1986 triumphans
1087 1929 1227 1980 rediit,
1260 1928 1387 1970 trium
1422 1926 1757 1969 SimulTriumshat

121 1985 328 2028 bellorum
349 1989 502 2029 victor.
563 1988 713 2045 Longe
735 1988 939 2044 plurimos
960 1988 1155 2043 captivos
1176 2001 1229 2027 ex
1253 1985 1443 2026 Etruscis
1475 1999 1549 2026 an-

123 2052 164 2082 te
185 2058 355 2085 currum
377 2046 516 2086 duxit.
540 2046 695 2101 quibus
713 2047 793 2086 sub
814 2045 938 2086 hasta
959 2044 1241 2108 venumdatis,
1263 2052 1429 2083 tantum
1453 2043 1548 2083 aeris

122 2100 340 2142 redactum
361 2111 438 2152 est,
463 2113 522 2154 ut,
545 2103 681 2157 pretio
705 2117 779 2157 pro
801 2116 903 2142 auio
923 2101 1131 2142 matronis
1154 2099 1383 2164 persoluto,
1406 2114 1459 2140 ex
1482 2114 1548 2150 eo,

121 2158 238 2212 quod
272 2168 501 2213 supererat,
522 2168 604 2200 tres
633 2168 794 2215 paterae
827 2172 966 2199 aureae
1001 2157 1127 2199 factae
1162 2158 1269 2198 sint:
1302 2171 1420 2211 quas,
1449 2170 1548 2196 cum

124 2214 252 2255 titulo
273 2215 458 2256 nominis
483 2215 668 2267 Camilli,
693 2222 720 2243 ¹⁸
736 2225 834 2257 ante
854 2214 1151 2278 Capitolium
1142 2228 1362 2255 incensum
1398 2214 1439 2253 in
1471 2212 1549 2254 Jo-

121 2271 187 2311 vis
209 2270 316 2312 cella
336 2281 505 2313 constat
527 2282 625 2314 ante
646 2273 772 2328 pedes
794 2272 978 2315 ,lunonis
1002 2271 1159 2328 positas
1181 2270 1324 2311 fuisse.
1387 2269 1450 2310 Eo
1477 2285 1551 2310 an-

122 2341 179 2368 no
202 2329 245 2369 in
267 2329 488 2369 civitatem
520 2331 700 2389 accepti,
721 2331 793 2385 qui
825 2329 1070 2370 Veientium
1103 2328 1472 2384 Capenatiumque
1502 2340 1552 2366 ac

127 2384 412 2427 Faliscorum
423 2400 496 2442 per
524 2400 574 2426 ea
603 2387 714 2427 bella
742 2386 1061 2442 transfugerant
1091 2385 1143 2426 ad
1175 2385 1411 2433 Romanos,
1432 2397 1552 2439 ager·
1578 2428 1583 2432 ,

126 2455 210 2496 que
232 2442 281 2482 iis
305 2442 427 2483 novis
449 2443 615 2484 civibus
647 2444 909 2499 adsignatus.
910 2419 1172 2483 ⁰¹⁹1evocati
1205 2456 1259 2496 qi
1266 2455 1376 2496 oque
1408 2440 1451 2480 in
1483 2455 1552 2480 ui-

124 2498 222 2541 bem
244 2498 614 2540 senatusconsulto
635 2515 660 2540 a
680 2500 809 2551 Veiis,
831 2500 904 2554 qui
928 2499 1168 2541 aedificandi
1187 2498 1341 2539 Romae
1361 2497 1551 2553 pigritia,

171 2602 290 2637 17*In
305 2614 358 2644 spe
372 2603 507 2643 ultima]
519 2603 607 2633 Tum
624 2612 728 2642 quum
744 2613 817 2643 spes
910 2605 945 2637 19
968 2602 1120 2633 Revocatz·
1141 2623 1150 2632 .
1162 2622 1169 2630 .
1184 2622 1194 2631 .
1225 2610 1247 2631 a
1272 2598 1368 2636 leiis,
1391 2600 1446 2640 qui
1471 2622 1479 2628 .
1491 2620 1498 2628 .
1514 2620 1521 2627 .
1533 2619 1542 2627 .

124 2645 247 2677 ultima
268 2648 314 2677 eis
338 2647 448 2678 fuerat
470 2648 502 2677 in
527 2647 626 2677 armis
651 2652 686 2676 et
712 2653 818 2676 certa·
864 2645 953 2676 Veios
974 2656 1007 2676 se
1029 2643 1245 2684 contulerant]
1270 2644 1373 2674 Recte
1403 2644 1555 2673 observat

122 2689 213 2720 mine
229 2691 305 2721 sita.
860 2689 1044 2719 Gronovius
1073 2696 1354 2728 supervacaneum
1383 2696 1453 2716 esse
1479 2686 1512 2714 τὸ
1535 2694 1557 2715 α

173 2736 210 2764 18
232 2735 317 2765 Ante
340 2735 529 2774 Capitolium
544 2732 722 2771 incensum]
749 2732 819 2773 Syl·
865 2733 960 2762 Veiis.
1006 2733 1050 2762 Et
1079 2741 1155 2761 vero
1186 2731 1303 2761 barum
1331 2731 1471 2760 duarum
1497 2739 1554 2756 vo-

91 2800 94 2802 *
125 2775 212 2806 lanis
227 2778 446 2818 temporibus,
462 2777 501 2808 L.
518 2776 671 2807 Cornelio
693 2777 818 2817 Scipio—
863 2785 939 2806 cum
957 2774 1028 2805 loco
1042 2775 1233 2806 Victorinus
1258 2773 1358 2804 codex
1384 2772 1484 2803 habet
1507 2773 1552 2800 σὲ-

128 2824 220 2897 ἓὲΘεῐ
237 2820 274 2851 C.
291 2821 449 2852 Norbano
465 2821 555 2852 Coss.
573 2829 659 2852 anno
679 2820 718 2850 ab
737 2831 769 2850 uf
788 2830 816 2850 c.
862 2828 923 2850 vesu

184 2918 289 2947 VOL.
313 2920 344 2946 1.
913 2918 939 2946 A
971 2918 994 2945 a
