1991 3250
147 247 188 276 U.
203 247 238 276 C.
253 244 327 275 286.

148 290 190 320 A.
200 290 235 319 C.
250 287 326 320 466.

363 135 434 171 152
689 128 799 167 TITI
835 126 967 166 LIVH
994 127 1098 166 LIB.
1127 126 1178 165 ΙΙ.
1216 126 1327 164 CAP.
1353 124 1477 164 LXV.

361 230 512 272 ituros.
568 227 686 271 Dum
709 237 938 271 cunctatur
959 227 1123 279 consul,
1146 227 1303 268 virtute
1325 226 1510 267 militum
1533 224 1680 278 fretus,
1701 225 1797 268 loco

361 301 510 345 parurn
544 287 694 337 fidens,
716 287 989 328 conclamant
1024 299 1068 327 se
1100 285 1260 326 ituros:
1293 283 1608 337 clamoremque
1637 298 1702 325 res
1732 291 1797 324 est

363 353 523 386 secuta.
576 343 696 385 Fixis
720 343 763 385 in
785 352 939 384 terram
963 342 1076 398 pilis,
1097 357 1183 397 quo
1205 341 1384 382 leviores
1403 340 1533 380 ardua
1552 340 1797 391 evaderent,

362 416 488 444 cursu
511 402 712 442 subeunt.
753 400 952 450 Volscus,
968 399 1114 440 effusis
1131 399 1184 439 ad
1208 399 1391 454 primum
1413 397 1604 452 inpetum
1627 397 1800 438 missili-

364 460 444 500 bus
467 457 577 510 telis,
599 472 704 499 saxa
726 457 972 513 objacentia
993 455 1174 511 pedibus
1198 456 1358 510 ingerit
1377 455 1419 495 in
1443 455 1689 504 subeuntes,
1711 462 1800 494 tur-

362 517 573 569 batosque
604 515 763 556 ictibus
794 514 954 555 crebris
982 523 1108 568 urget
1131 527 1184 553 ex
1209 513 1425 567 superiore
1447 511 1558 552 loco.
1582 510 1643 551 sic
1666 523 1800 566 prope

364 581 592 614 oneratum
613 579 678 612 est
699 572 916 612 sinistrum
941 569 1149 610 Romanis
1172 583 1320 619 cornu,
1343 569 1386 609 ni
1409 568 1688 609 referentibus
1705 566 1802 621 jam.

364 629 545 685 gradum
577 628 741 679 consui,
765 626 1025 682 increpando
1055 625 1181 666 simul
1213 622 1510 675 temeritatem,
1533 624 1659 665 simul
1681 623 1802 678 igna-

364 688 494 737 viam,
517 686 677 742 pudore
699 695 861 725 metum
885 683 1157 724 excussisset.
1209 681 1424 723 Restitere
1445 684 1585 738 primo
1609 681 1801 721 obstina-

366 744 421 785 tis
443 743 622 784 animis:
654 741 823 792 deinde,
846 743 875 763 5³
892 749 938 780 ut
960 741 1003 781 in
1026 740 1270 780 obtinentes
1290 739 1433 781 locum
1457 740 1566 779 vires
1589 738 1799 788 ferebant,

366 801 525 842 audent
547 798 658 840 ultro
681 798 860 854 gradum
884 796 1066 848 inferre„;
1088 805 1146 847 et,
1168 796 1351 840 clamore
1369 805 1589 846 renovato,
1607 809 1801 836 commo-

366 867 469 898 vent
490 856 641 898 aciem.
664 865 755 896 tuin
786 869 943 905 rursus,
967 854 1114 910 inpetu
1146 862 1289 908 capt0‚
1311 853 1548 902 enituntur,·
1567 864 1695 906 atque
1726 866 1802 892 ex-

367 924 570 971 superant
590 913 862 967 iniquitatem
883 911 983 952 loci.
1041 910 1140 952 Jam
1175 924 1306 966 prope
1327 919 1430 959 erat,
1450 920 1498 950 ut
1520 910 1563 950 in
1585 923 1801 949 summum

367 971 468 1013 clivi
484 971 642 1026 jugum
664 969 907 1019 evaderent,
929 982 1062 1023 quum
1083 978 1200 1023 terga
1217 967 1360 1008 hostes
1379 967 1556 1008 dedere:
1579 965 1802 1021 effusoque

367 1043 494 1071 cursu
520 1042 626 1084 pene
648 1028 819 1083 agmine
841 1041 926 1068 uno
949 1024 1164 1081 fugientes
1188 1034 1497 1079 sequentesque
1522 1023 1672 1064 castris
1694 1023 1802 1063 inci-

368 1085 483 1127 dere.
543 1085 596 1126 In
627 1099 677 1125 eo
705 1097 860 1140 pavore
890 1093 1028 1124 castra
1051 1082 1293 1137 capiuntur.
1324 1081 1398 1136 qui
1420 1080 1672 1122 Volscorum
1694 1078 1802 1120 effu-

368 1157 469 1200 gere
492 1152 738 1199 potuerunt,
761 1140 944 1182 Antium
968 1149 1136 1195 petunt.
1196 1139 1378 1179 Antium
1401 1147 1443 1178 et
1475 1137 1695 1178 Romanus
1725 1150 1803 1177 ex-

368 1200 527 1242 ercitus
558 1199 740 1240 ductus:
775 1212 933 1254 paucos
964 1198 1292 1237 circumsessum
1325 1196 1414 1236 dies
1436 1194 1620 1243 deditur,
1642 1194 1673 1217 ⁵⁶
1689 1192 1804 1234 nulla

369 1256 715 1313 obpugnantium
739 1270 851 1296 nova
872 1255 940 1302 vi;
972 1254 1044 1295 sed
1066 1253 1180 1309 quod
1196 1253 1289 1308 jam
1313 1253 1411 1294 inde
1432 1253 1486 1293 ab
1509 1250 1669 1292 infelici
1693 1264 1803 1307 pug-

369 1329 426 1357 na
446 1314 681 1369 castrisque
703 1312 868 1354 amissis
891 1311 1136 1353 ceciderant
1157 1310 1304 1351 animi.

415 1422 455 1449 55
483 1418 529 1450 Ut
549 1420 585 1448 in
605 1419 776 1448 obtinentes
791 1419 892 1448 locum
909 1417 995 1446 vires
1006 1415 1065 1455 fe·
1154 1415 1343 1446 56*Nulla
1367 1417 1625 1455 oppugnantium
1650 1424 1733 1444 nom
1757 1415 1805 1453 vi]

369 1462 498 1502 rebant]
526 1462 703 1501 Postquam
728 1463 811 1491 vires
828 1460 952 1490 dabant
975 1461 1066 1490 inva-
1109 1459 1187 1490 Non
1204 1459 1291 1498 quod
1308 1459 1392 1489 vires
1414 1459 1639 1489 Romanorum
1665 1458 1805 1497 majores¹

372 1506 449 1536 dere
474 1506 618 1547 hostem,
641 1506 698 1546 qui
723 1505 927 1547 superiorem
955 1503 1066 1534 locum
1109 1506 1194 1532 tunc
1218 1508 1329 1532 essent
1354 1503 1587 1542 quampriore
1614 1511 1715 1538 anno,
1739 1510 1805 1540 quo

372 1550 554 1582 obtinebat.
1111 1545 1252 1577 Antium
1268 1555 1460 1587 oppugnare
1477 1546 1548 1576 ausi
1564 1555 1631 1576 uon
1646 1545 1791 1576 fuerant.
