1991 3250
157 239 197 269 U.
213 240 247 270 C.
261 242 334 269 294.

154 283 196 312 Α.
208 283 244 314 C.
259 286 332 313 458.

146 1203 280 1235 Tribuni

145 1251 253 1277 vetant
270 1258 318 1276 ar-

145 1300 196 1319 ma
210 1293 288 1320 sumi
307 1293 338 1320 in

145 1333 350 1365 Herdonium.

143 1603 285 1634 Valerius

144 1648 213 1675 Cos.
230 1648 315 1678 inve-

144 1691 229 1719 hitur
245 1692 276 1719 in

140 1735 296 1767 tribunos.

372 124 447 165 170
850 106 877 151 -'
921 121 1056 160 T1T1
1094 121 1267 162 mvn

429 223 558 267 XVI.
610 224 813 267 Dilucere
853 238 918 265 res
956 224 1094 281 magis
1138 225 1338 266 Patribus
1381 231 1508 280 atque
1551 227 1809 271 consulibus.

370 292 524 337 praeter
552 297 603 323 ea
632 292 789 332 tamen,
815 296 910 336 quae
942 281 1328 333 denunciabantur‚
1358 295 1412 322 ne
1443 282 1702 336 Veientium,
1726 300 1808 327 neu

369 341 623 381 Sabinorum
645 340 685 380 id
712 339 936 380 consilium
964 347 1088 388 esset,
1112 339 1286 380 timere:
1325 348 1382 389 et,
1412 353 1545 394 quum
1567 348 1732 383 tantum
1763 343 1807 383 in
1841 387 1852 392 „

367 397 471 438 urbe
505 396 699 446 hostium*
723 405 848 446 esset,
878 408 982 435 mox
1016 394 1189 436 Sabinae
1223 395 1500 450 Etruscaeque
1532 396 1721 452 legiones
1751 412 1806 440 ex

366 454 606 509 composito
628 453 846 503 adessent3
873 460 963 491 tum
986 452 1134 492 aeterni
1157 451 1300 493 hostes
1324 452 1468 493 Volsci
1490 462 1533 494 et
1555 453 1701 509 AEqui,
1719 469 1807 496 non

365 511 418 552 ad
453 510 734 566 populandos,
766 519 814 549 ut
846 517 958 558 ante,
982 508 1101 558 fines,
1132 508 1204 549 sed
1238 509 1290 550 ad
1323 510 1487 562 urbem,
1519 519 1567 550 ut.
1599 524 1654 552 ex
1689 523 1808 566 parte

364 578 552 623 captam,
588 567 796 607 venirent.
866 564 999 605 Multi
1040 573 1084 604 et
1121 565 1224 605 varii
1265 566 1452 607 timores.
1495 567 1606 608 inter
1643 577 1806 609 ceteros

363 624 579 665 eminebat
609 632 743 664 terror
775 621 951 671 servilis,
980 635 1032 661 ne
1059 635 1158 664 suus
1183 621 1338 677 cuique
1359 621 1487 664 'domi
1519 623 1653 664 hostis
1681 634 1806 665 esset.

362 682 432 722 cui
456 695 534 721 nec
565 680 748 729 credere,
771 693 849 719 nec
882 692 964 718 non
996 677 1224 728 credendo,
1246 693 1299 719 ne
1327 679 1520 720 infestior
1551 681 1730 732 fieret,⁷¹
1756 681 1808 722 fi-

361 737 457 778 dem
490 739 713 792 abrogare,
742 736 842 776 satis
873 744 963 776 erat
993 743 1147 775 tutum.
1193 737 1227 761 ⁷²
1244 735 1418 791 Vixque
1447 739 1679 778 eoncordia
1710 738 1803 780 sisti

362 794 587 835 videbatur
608 807 745 849 posse.
777 802 958 842 tantum,
981 791 1287 846 superantibus
1301 793 1393 833 aliis
1420 795 1452 819 ⁷³
1472 809 1521 834 ac
1545 795 1804 850 emergenti-

361 852 441 892 bus
473 850 608 901 malis,
632 864 756 891 nemo
779 850 973 889 tribunos
1005 858 1077 888 aut
1102 848 1266 903 plebem
1301 851 1493 891 timebat.
1533 863 1804 892 mansuetum

363 908 404 948 id
429 908 598 958 malum,
618 918 660 948 et
681 921 754 963 per
775 907 950 947 alioruin
975 906 1161 960 quietem
1179 905 1387 947 malorum
1408 921 1572 962 semper
1590 909 1804 958 exoriens,

360 974 537 1020 tumque
567 978 657 1004 esse
691 963 913 1019 peregrino
946 972 1103 1003 terrore
1135 963 1323 1017 sopitum
1358 964 1595 1005 videbatur.
1663 965 1723 1006 At
1760 966 1803 1006 id

360 1036 493 1077 prope
515 1036 645 1062 unum
670 1023 857 1061 maxime
879 1019 1095 1060 inclinatis
1118 1020 1240 1060 rebus
1267 1021 1476 1062 incubuit.
1517 1031 1655 1062 tantus
1687 1023 1803 1064 enim

363 1079 551 1120 tribunos
584 1078 698 1118 furor
731 1078 878 1127 tenuit,
901 1086 1057 1117 utnon
1089 1076 1261 1125 bellum,
1283 1077 1355 1118 sed
1387 1090 1536 1119 vanam
1571 1079 1802 1135 imaginem

362 1136 476 1186 belli,
499 1136 551 1176 ad
575 1136 823 1175 avertendos
847 1135 900 1174 ab
925 1134 1029 1188 legis
1052 1148 1150 1173 cura
1179 1133 1314 1188 plebis
1335 1135 1514 1185 animos,
1537 1135 1802 1189 Capitolium

362 1193 563 1234 insedisse
587 1192 916 1233 contenderent:
948 1190 1223 1246 patriciorum
1255 1190 1445 1247 hospites
1474 1193 1746 1246 clientesque,
1768 1193 1801 1234 si

362 1250 524 1306 perlata
560 1249 654 1304 lege
689 1248 844 1289 frustra
877 1247 1154 1288 tumultuatos
1191 1262 1280 1288 esse
1312 1263 1355 1288 se
1393 1249 1590 1300 sentiant,
1623 1249 1801 1304 majore,

363 1322 489 1362 quam
517 1306 724 1356 venerint,
747 1305 916 1346 silentio
947 1305 1151 1345 abituros.
1213 1304 1456 1346 Concilium
1478 1307 1577 1346 inde
1599 1306 1682 1362 legi
1707 1321 1800 1361 per-

363 1364 550 1405 ferendae
576 1364 743 1412 habere,
765 1371 945 1403 avocato
978 1361 1138 1418 populo
1169 1362 1223 1402 ab
1253 1362 1393 1402 armis.
1455 1363 1656 1403 Senatum
1690 1363 1798 1404 inte-

362 1421 440 1462 rim
465 1420 660 1462 consules
682 1421 858 1469 habent,
880 1418 963 1460 alio
991 1433 1034 1459 se
1058 1418 1218 1473 maj0re
1241 1420 1294 1459 ab
1316 1419 1497 1460 tribunis
1519 1428 1632 1460 metu
1656 1429 1799 1461 osten-

361 1479 503 1528 dente,
525 1492 652 1533 quam
677 1491 803 1532 quem
826 1485 1057 1517 nocturnus
1080 1475 1215 1516 hostis
1242 1475 1470 1524 intulerat„

417 1535 572 1577 XVII.
617 1534 852 1589 Postquam
885 1548 1000 1574 arma
1035 1533 1153 1589 poni,
1186 1542 1230 1573 et
1261 1533 1477 1573 discedere
1514 1532 1709 1574 homines
1741 1534 1796 1576 ab

360 1593 614 1634 stationibus
657 1591 906 1632 nunciatum
944 1598 1021 1640 cst,
1059 1589 1110 1630 Ρ.
1152 1589 1357 1640 Valerius,
1395 1590 1558 1646 collega
1599 1600 1797 1633 senatum

359 1650 581 1700 retinente,
614 1663 658 1689 se
687 1662 740 1689 ex
773 1648 890 1689 curia
919 1648 1112 1703 proripit,
1142 1646 1239 1687 inde
1270 1647 1312 1687 in
1350 1654 1382 1676 ⁷⁴
1403 1647 1609 1702 templum
1640 1647 1690 1688 ad
1723 1649 1797 1688 tri-

360 1708 497 1747 bunos
520 1706 660 1747 venit:
701 1705 812 1760 Quid
831 1704 905 1745 lcoc.
925 1705 980 1744 rei
999 1711 1066 1755 est,
1090 1703 1242 1758 inquit,
1263 1702 1416 1744 tribum·
1431 1702 1452 1744 {l
1486 1703 1570 1758 Ap.
1594 1703 1798 1746 IIerdonii

357 1763 481 1805 (lucta
499 1771 535 1804 et
565 1762 741 1816 auspicio
762 1760 1046 1816 rempublicam
1069 1760 1242 1801 eversuri
1273 1760 1395 1801 estis?
1437 1759 1536 1801 Tam
1552 1759 1665 1816 felix
1685 1761 1797 1802 vobis
1843 1787 1851 1797 ·

356 1820 659 1875 conrumpendis
680 1818 790 1874 fuit,
821 1819 890 1874 qni
920 1818 1082 1859 servitia
1115 1824 1243 1858 vestra
1272 1832 1352 1858 non
1381 1818 1591 1858 commo-cit
1621 1817 1796 1858 auctori!

359 1878 495 1922 Quum
524 1877 646 1918 hostes
665 1891 786 1931 supra
816 1882 936 1931 caput
963 1875 1056 1926 sint,
1078 1874 1223 1915 discedi
1247 1874 1298 1914 ab
1328 1874 1465 1925 armis,
1487 1874 1663 1930 legesque
1677 1874 1796 1930 ferri

347 1933 516 1990 placet?
549 1934 655 1975 Inde
685 1933 736 1973 ad
763 1932 1077 1973 multitudinem
1109 1932 1303 1972 oratione
1333 1946 1476 1973 versa:
1510 1931 1558 1972 »Si
1578 1931 1795 1982 vos‘urbis,

358 1992 551 2042 Quirites,
572 1991 607 2031 si
637 1992 754 2031 z·es!ri
776 1989 888 2030 nulla
911 2004 1006 2030 cura
1038 1989 1198 2044 tangit5
1235 1995 1276 2028 at
1307 2003 1377 2029 ‘cos
1408 1987 1598 2030 veremini
1631 1992 1663 2015 ⁷³
1684 1987 1793 2028 Deos

356 2056 500 2091 vestros
518 2049 532 2069 '¹
563 2048 614 2088 ab
643 2047 818 2088 hostibus
849 2053 995 2101 captos.
1055 2046 1215 2101 Jupiter
1243 2045 1413 2100 optimus
1436 2047 1647 2096 maximus,
1679 2044 1792 2087 Juno

797 2132 811 2152 ἦ
836 2137 946 2161 vestros
959 2131 979 2160 l.
993 2132 1114 2170 patrias
1132 2129 1230 2160 Gron.
1248 2131 1337 2160 Crev.

392 2210 429 2242 71
467 2206 580 2238 Palem
605 2203 777 2244 abrogare]
814 2203 892 2234 Non
924 2202 1045 2232 habere
1089 2202 1278 2241 Virgilium,
1301 2204 1335 2231 et
1358 2200 1436 2231 alios
1461 2210 1570 2232 aureae
1593 2201 1790 2232 Latinitatis

347 2252 463 2288 fidem,
482 2259 547 2280 non
572 2249 716 2279 credere.
763 2247 815 2277 Sic
839 2246 909 2276 Cic.
925 2256 983 2285 pro
1002 2246 1044 2285 Ω.
1090 2247 1280 2285 scriptores,
1293 2244 1436 2275 locatam
1455 2251 1532 2274 ante
1551 2243 1710 2275 vocalem.
1732 2244 1789 2275 vi-

350 2296 444 2327 Rosc.
460 2304 493 2324 n.
509 2296 561 2324 44.
591 2293 702 2333 quibus
720 2292 851 2329 abroges
861 2290 970 2329 sidem
985 2287 1045 2329 ju·
1091 2289 1236 2318 (lendum
1265 2297 1307 2318 an
1335 2288 1468 2318 admitti
1496 2289 1598 2328 possit
1624 2289 1790 2328 scriptura

348 2336 545 2379 risjurantlc',
561 2337 580 2366 i.
597 2347 626 2366 e.
652 2335 770 2375 quibus
796 2333 895 2363 fidem
921 2332 1046 2363 haben·
1090 2332 1257 2363 Sorbonici
1283 2342 1321 2362 ac
1343 2332 1504 2362 Victorini
1530 2331 1624 2362 codd.
1640 2341 1680 2362 ac
1702 2340 1790 2361 mer·

348 2382 423 2412 dam
445 2383 478 2411 in
498 2375 856 2420 jurejurando'neges:
889 2381 924 2406 et
945 2375 967 2408 l.
988 2376 1043 2406 lV.
1085 2377 1246 2415 gentibus,
1263 2384 1384 2415 nempe
1401 2374 1652 2414 rempublicam.

346 2425 447 2456 Acad.
463 2425 589 2465 Quaest.
606 2432 639 2453 n.
651 2423 704 2453 36.
719 2421 889 2462 «equaliter
899 2419 1045 2449 omnibus
1131 2423 1171 2453 74
1198 2419 1384 2459 Templum]
1417 2418 1497 2448 Haec
1513 2418 1653 2448 comitia
1669 2417 1702 2447 in
1718 2416 1790 2447 foro

345 2470 525 2507 abrogatur
535 2467 638 2506 sides,
653 2466 684 2496 id
702 2463 863 2502 est‚'nulli
882 2462 1042 2492 creditur.
1089 2462 1308 2493 habebantur.
1359 2463 1494 2492 meitia
1516 2462 1648 2491 interim
1663 2458 1790 2498 infor-o

344 2511 572 2543 Recidendum
598 2519 675 2549 ergo
703 2509 755 2539 hic
782 2507 912 2538 videtur
943 2506 1042 2536 inane
1087 2511 1176 2542 sunl,
1194 2507 1304 2544 inquit
1319 2505 1472 2535 Valerius
1489 2506 1522 2534 in
1547 2504 1695 2534 oratione
1711 2512 1787 2534 mox

345 2555 522 2594 glossema,
539 2563 599 2583 non
613 2552 777 2584 credendo.
1088 2557 1255 2580 secutura.
1303 2549 1419 2587 ltaque
1447 2546 1629 2587 templum,
1655 2546 1696 2576 de
1712 2557 1778 2586 quo

388 2603 430 2632 7ss
461 2598 588 2637 Virque
602 2596 770 2627 concordia
791 2593 873 2634 sisci]
899 2592 1042 2631 Vixque,
1089 2592 1141 2623 hic
1159 2594 1281 2631 agitur,
1298 2592 1350 2622 vel
1370 2591 1542 2622 comitium
1560 2596 1624 2628 est,
1641 2589 1693 2620 vel
1710 2599 1788 2629 sng-

344 2642 446 2671 etiam
471 2640 626 2671 concordi
650 2642 806 2670 manente
831 2638 979 2672 civitate,
998 2637 1043 2665 vi·
1088 2640 1219 2676 gestum
1246 2647 1285 2666 ex
1313 2645 1378 2675 quo
1401 2635 1525 2665 tribuni
1554 2633 1595 2663 ad
1624 2632 1786 2673 populum

345 2685 485 2715 debatur
501 2683 606 2713 resisti
626 2692 720 2723 posse
738 2682 816 2713 huic
832 2681 931 2712 malo.
968 2680 1042 2710 Vid.
1088 2680 1384 2710 concionabantur.
1428 2677 1502 2709 vid.
1518 2684 1588 2708 not.
1616 2679 1664 2711 19.
1688 2676 1729 2706 ad
1753 2686 1784 2707 c.

343 2734 413 2759 not.
430 2730 481 2759 Gi.
500 2726 540 2757 ad
557 2726 598 2756 ΙΙ.
615 2728 667 2759 99.
1085 2723 1236 2754 56.1.11.

387 2776 426 2805 73
459 2772 505 2802 Ac
529 2767 778 2808 entem-entibus]
815 2768 900 2798 Raro
924 2767 1036 2798 admo-
1125 2770 1166 2801 75
1180 2765 1409 2805 Denspatrios]
1430 2765 1554 2795 Omnes
1568 2763 1671 2793 nostri
1688 2762 1784 2793 MSS.

342 2815 483 2851 dum,et
499 2814 818 2851 fortasse-nunquam
837 2811 1035 2851 particulam
1083 2815 1120 2840 ut
1156 2816 1234 2840 ante
1264 2809 1439 2849 sigonium
1475 2807 1660 2847 legebatur,
1697 2805 1785 2838 ,Deos

339 2869 381 2890 αι·
397 2859 539 2900 reperias
556 2856 644 2897 apud
665 2856 872 2893 Ciceronem,
889 2854 1034 2893 Livium,
1080 2857 1210 2884 vestros.
