1925 3239
597 99 722 138 LIB.
751 100 800 138 X.
842 100 976 138 CAP.
1009 100 1172 140 XLVII.
1526 107 1605 147 607

170 195 337 241 Etrusci
371 199 468 242 belli
500 212 731 256 aequatum.
771 204 803 226 ⁸5
818 203 932 244 AEris
954 204 1094 258 gravis
1118 203 1215 244 tulit
1239 203 1278 244 in
1304 205 1496 246 :erarium
1523 215 1605 247 tre·
1620 220 1660 250 υ.
1679 220 1716 250 C.
1734 222 1808 254 459.

167 267 292 297 centa
324 258 571 313 octogintay
592 260 748 301 millia:
788 261 841 300 de
875 260 1036 314 reliquo
1067 274 1149 301 aere
1180 260 1312 301 aedem
1340 261 1478 303 Fortis
1504 263 1605 304 For-
1620 264 1657 294 A.
1676 266 1801 299 2329·ss-

166 323 280 354 tunae
304 314 356 355 de
388 315 600 356 manubiis
633 316 871 357 faciendam
911 316 1083 366 locavit,
1114 331 1247 372 prope
1277 318 1457 360 ⁸⁷aede1n
1489 320 1606 375 ejus²

169 369 274 410 Deae
306 372 360 411 ab
392 386 490 427 rege
521 372 611 413 Ser.
634 372 774 414 Tullio
805 373 1057 414 dedicatam.
1083 384 1125 414 et
1156 373 1361 415 militibus
1384 389 1436 416 ex
1460 377 1605 432 praeda

164 431 195 449 ”³
211 438 413 468 centenos
451 429 570 470 binos
604 445 730 480 asses,
752 439 795 470 et
824 436 856 457 ⁸⁹
871 430 1048 471 alterum
1086 440 1250 471 tantuin
1284 433 1603 475 centurionibus

166 493 293 538 atque
314 484 529 539 equitibus
559 492 610 537 (90
627 487 891 542 malignitate
909 487 1085 542 collega‘
1108 488 1270 543 gratius
1293 489 1602 543 accipientibus

167 543 340 590 munus)
363 541 519 582 divisit.
555 543 692 584 Favor
714 543 899 584 consulis
925 553 1085 584 tutatus
1117 545 1168 585 ad
1193 545 1396 600 populum
1421 557 1484 586 cst
1506 551 1534 573 ⁹¹
1553 548 1601 587 L.

171 596 440 638 Postumium
480 600 665 654 legatum
701 601 816 655 ejus:
850 602 920 655 qui
945 602 1061 642 dicta
1081 601 1149 641 die
1178 617 1202 642 a
1226 601 1289 641 M.
1315 602 1497 643 Cantio‘¹
1528 604 1602 644 tri-

169 654 281 694 buno
307 655 454 709 plebis,
479 659 510 682 ⁹²
525 656 696 713 fugerat
727 659 766 698 in
804 657 1059 712 legationem
1091 662 1157 710 (ut
1187 658 1299 698 fama
1323 659 1503 709 ferebat)
1529 676 1602 715 po-

166 710 254 764 puli
284 711 525 766 judicium:
562 715 804 769 jactarique
840 715 988 771 magis,
1025 730 1150 769 quam
1193 716 1352 770 peragi,
1384 718 1601 758 accusatio

166 767 257 822 ejus
280 772 310 795 ⁹³³
329 779 507 823 poterat.

224 824 416 865 XLVII.
450 825 615 867 Exacto
640 827 730 881 jam
756 842 881 877 anno,
905 829 1001 868 novi
1029 828 1184 867 tribuni
1213 829 1344 883 plebis
1377 829 1601 883 magistra-

169 894 259 922 tum
286 882 491 923 inierant:
526 884 659 938 iisque
685 884 800 939 ipsis,
822 886 921 940 quia
955 885 1059 925 vitio
1094 886 1223 924 creati
1258 896 1391 934 erant,
1414 886 1601 941 quinque

168 949 263 991 post
285 938 374 979 dies
408 940 475 979 alii
512 941 708 981 subfecti.
773 941 967 981 Lustrum
1003 941 1223 981 conditum
1256 957 1306 982 eo
1336 957 1448 982 anno
1481 953 1545 983 est
1577 958 1762 989 &Lustrum

170 994 216 1034 P.
248 994 449 1036 Cornelio
482 997 657 1047 Arvina,
692 997 743 1038 C.
768 997 937 1038 Marcio
975 997 1137 1048 Rutilo,
1169 999 1441 1040 censoribus:
1474 1004 1781 1040 censaconditum.

164 1052 353 1107 capitum
378 1052 506 1093 millia
530 1055 712 1095 ducenta
731 1055 955 1110 sexaginta
975 1055 1060 1095 duo
1093 1064 1279 1095 trecenta
1314 1056 1467 1110 viginti
1500 1056 1601 1097 duo.

165 1107 372 1149 Censores
397 1110 588 1151 vicesimi
612 1112 720 1151 sexti
745 1126 768 1151 a
791 1112 934 1166 primis
968 1112 1238 1162 censoribus3
1270 1112 1494 1153 ⁹⁴lustrum
1524 1128 1601 1153 un-

163 1165 467 1207 devicesimum
505 1165 597 1208 fuit.
661 1167 818 1208 Eodem
855 1183 966 1208 anno
999 1168 1190 1209 coronati
1224 1168 1424 1222 primum,
1447 1170 1502 1209 ob
1536 1183 1600 1210 res

166 1222 275 1263 bello
296 1224 402 1263 bene
425 1234 580 1278 gestas,
604 1224 723 1265 ludos
775 1226 976 1265 ‘Romanos
1008 1236 1328 1280 spectaverunt:
1363 1226 1600 1281 palmaeque

165 1289 255 1319 tum
291 1281 489 1335 primum,
528 1281 728 1322 translato
767 1296 790 1322 e
831 1282 1002 1323 Graecia
1032 1296 1162 1330 more,
1202 1282 1432 1322 victoribus
1470 1283 1597 1323 datae.

165 1334 326 1377 Eodem
349 1351 460 1377 anno
479 1338 532 1378 ab
557 1338 752 1379 aedilibus
775 1339 1006 1390 curulibus,
1026 1339 1098 1394 qui
1131 1353 1203 1379 eos
1236 1338 1356 1379 ludos
1392 1339 1598 1389 fecerunt,

163 1393 373 1434 damnatis
397 1394 559 1449 aliquot
581 1396 803 1450 pecuariis,
828 1396 894 1435 via
914 1399 984 1436 ⁹⁵a
1007 1395 1161 1436 Martis
1181 1395 1297 1435 silice
1327 1395 1380 1436 ad
1414 1396 1600 1436 Bovillas

162 1451 193 1476 ⁹⁶
210 1460 416 1505 perstrata
451 1461 529 1491 est.
591 1451 781 1493 Comitia
820 1452 1058 1493 consularia
1103 1452 1148 1493 L.
1188 1452 1382 1506 Papirius
1421 1452 1596 1494 habuit:

162 1508 323 1547 creavit
344 1508 535 1548 consules
559 1508 614 1554 Q.
641 1509 819 1550 Fabium
844 1509 1032 1550 Maximi
1057 1509 1190 1549 filium
1216 1509 1442 1564 Gurgitem
1467 1520 1509 1550 et
1541 1508 1598 1549 D.

160 1562 338 1604 Junium
361 1564 542 1605 Brutum
567 1565 776 1606 Scaevam.
797 1566 886 1620 ipse
907 1565 1099 1620 Papirius
1122 1575 1277 1621 praetor
1297 1565 1446 1607 factus.
1480 1565 1599 1607 Mul-

164 1620 216 1660 tis
251 1622 375 1661 rebus
408 1621 531 1662 laetus
564 1637 699 1663 annus
723 1623 794 1664 vix
818 1623 869 1663 ad
892 1623 1089 1664 solatium
1113 1623 1236 1663 unius
1259 1622 1373 1674 mali,
1396 1622 1800 1678 pestilen-Pest.ilentia.

245 1717 258 1737 ἵ
281 1715 452 1753 nonaginta
468 1715 564 1743 Gron.
582 1714 672 1744 Crev.
846 1720 856 1734 ²
879 1715 973 1744 eidem
989 1714 1071 1744 Eaed.
1244 1720 1257 1734 ³
1279 1715 1406 1743 Scantio
1420 1715 1503 1745 Eaed.

204 1790 245 1820 86
273 1789 374 1820 AEriS
404 1811 432 1820 ..
449 1811 476 1820 ..
501 1795 644 1820 trecenta
677 1793 854 1830 nonaginta
898 1790 1164 1832 pult'judz'cz'um]
1181 1790 1347 1830 Legatum
1364 1801 1397 1821 se
1420 1801 1438 1821 a
1462 1791 1596 1822 consule

162 1832 281 1870 millia]
301 1833 430 1864 Marcas
449 1834 578 1873 argenti
602 1836 674 1868 609.
699 1845 775 1865 cum
799 1835 858 1865 tri·
902 1834 1093 1873 eligendum
1117 1840 1302 1871 curaverat,
1320 1839 1358 1864 ut
1380 1834 1510 1873 fugeret
1534 1845 1592 1875 po-

164 1876 224 1906 bus
242 1877 359 1907 unciis.
902 1878 970 1917 puli
990 1877 1168 1915 judicium.

205 1922 244 1953 87
268 1919 394 1951 AEdem
417 1921 515 1950 eidem
549 1921 615 1950 deo>
633 1942 659 1949 ..
676 1942 683 1950 .
696 1942 703 1949 .
731 1921 858 1950 dedica·
933 1924 973 1954 93
992 1921 1144 1960 Poterat]
1162 1920 1268 1959 Magis
1280 1919 1424 1960 placeret
1433 1925 1594 1959 potuerat.

159 1963 243 2002 tam]
283 1964 402 2003 Scripti
433 1964 682 2004 quamplurimi,
713 1963 854 2004 Campa·
931 1967 972 1998 94
998 1965 1156 1994 Lustrum
1178 1964 1460 2004 undevicesimum]
1491 1964 1594 1993 Nem-

162 2016 237 2042 nuS,
252 2010 286 2036 et
301 2007 462 2043 Andreas,
479 2007 602 2037 habent
618 2005 687 2047 ejus
702 2007 777 2037 deae.
811 2007 853 2037 Et
897 2017 936 2047 pe
954 2017 972 2036 a
989 2009 1103 2047 primis
1119 2008 1319 2037 censoribus.
1361 2006 1432 2036 Hoc
1448 2008 1591 2037 lustrum

160 2059 238 2080 sane
256 2051 358 2089 magis
374 2050 457 2080 solet
481 2051 592 2081 Livius
617 2051 725 2080 (licere
748 2050 852 2080 aedem
896 2051 1101 2080 tricesimum
1125 2055 1175 2080 est
1199 2051 1231 2079 in
1258 2050 1351 2080 fastis
1380 2049 1589 2089 Capitolinis,

159 2092 303 2134 alicujus
324 2094 390 2123 divi
414 2089 614 2131 dedicatam‘,
631 2103 730 2133 quam
753 2094 853 2124 alicui
897 2094 930 2123 in
957 2094 1075 2132 quibus
1102 2094 1257 2123 nimirum
1286 2100 1508 2123 numerantur
1534 2093 1591 2122 de·

160 2137 243 2172 divo,
261 2142 298 2166 ut
309 2137 380 2175 jam
397 2137 642 2167 observavimus
660 2139 694 2167 in
710 2144 779 2167 not.
798 2141 849 2172 89.

159 2180 200 2211 ad
216 2180 255 2210 V.
271 2182 324 2210 23.
339 2190 450 2220 supra.

204 2225 244 2254 88
265 2223 412 2253 centenos
429 2225 513 2254 binos
526 2222 622 2262 asses]
644 2223 784 2254 Unciam
802 2233 855 2253 ar-

159 2267 253 2306 genti
273 2266 374 2296 Paris.
395 2267 438 2306 ¹7¹5
453 2277 528 2300 cum
547 2268 657 2306 granis
671 2267 738 2297 fere
760 2270 807 2297 15.

202 2313 243 2344 89
266 2310 415 2341 Alterum
429 2310 573 2350 tantum]
593 2310 755 2350 Duplum.
781 2309 853 2341 vid.

161 2359 230 2382 not.
247 2353 299 2383 62.
315 2353 356 2383 ad
372 2354 465 2385 vlu.
481 2359 511 2385 ὃ.

202 2396 491 2437 90*Mczlignitate
513 2398 654 2436 collegoe]
672 2397 759 2437 Quia
782 2406 851 2426 ma-

159 2439 284 2479 lignus,
313 2441 379 2470 sive
410 2442 549 2471 nimium
577 2449 695 2481 pareus
722 2439 852 2479 collega

159 2483 245 2514 nihil
261 2484 422 2514 militibus
438 2485 505 2514 suis
519 2483 666 2514 dederat.

204 2530 242 2561 91
272 2527 316 2557 L.
348 2527 570 2566 Postumium]
604 2527 690 2557 Eum
719 2535 852 2565 nempe,

161 2571 216 2610 qui
234 2570 349 2601 consul
367 2572 474 2610 priore
491 2580 579 2600 auno
600 2571 722 2607 fuerat,
747 2570 854 2599 virum

160 2614 284 2652 ingenii
309 2615 530 2651 contumacis,
555 2614 648 2652 cujus
673 2613 856 2642 certamina

896 2147 968 2167 cem
986 2137 1091 2167 lustra
1107 2142 1184 2166 ante
1200 2138 1324 2176 primos
1341 2146 1490 2166 censores
1507 2146 1588 2166 con-

895 2180 975 2211 dita.
1019 2180 1062 2209 Et
1087 2180 1134 2209 sic
1158 2190 1288 2219 quoque
1315 2180 1424 2209 Livius
1450 2190 1470 2209 a
1491 2179 1586 2209 fastis

897 2233 964 2253 uno
981 2222 1085 2253 lustro
1100 2223 1274 2262 discrepat‘

939 2269 980 2300 95
1003 2267 1035 2296 Α
1048 2265 1182 2305 Marcis]
1207 2266 1235 2295 A
1252 2266 1368 2296 Martis
1385 2265 1466 2295 aede.
1513 2265 1588 2295 For-

896 2314 983 2339 tasse
998 2310 1053 2339 hic
1067 2309 1198 2348 aliquod
1214 2309 1296 2339 latet
1318 2309 1446 2339 vitium.
1492 2308 1589 2338 Cam-

897 2362 1002 2393 panus
1017 2353 1116 2382 habet
1131 2354 1280 2389 arinatis,
1294 2362 1380 2382 unus
1395 2362 1432 2381 ex
1451 2351 1587 2382 Hearnii

896 2396 990 2427 codd.
1007 2396 1199 2426 Narniate's:
1216 2400 1282 2425 tres
1294 2407 1311 2425 e
1322 2395 1440 2425 nostris
1455 2394 1586 2432 Martis,

896 2441 1018 2470 omissa
1034 2439 1151 2469 vocula
1163 2449 1194 2469 α.

947 2482 1217 2522 96*Perstrata]
1259 2482 1347 2512 Nota
1386 2480 1583 2520 particulam

892 2536 964 2565 per,
981 2536 1046 2565 qua
1069 2525 1213 2555 indicare
1240 2525 1342 2554 voluit
1367 2524 1478 2555 Livius
1501 2524 1588 2554 hane

897 2572 984 2599 viam
1022 2568 1111 2599 velut
1141 2568 1273 2607 aliquod
1303 2567 1587 2607 complementum

897 2613 997 2643 fuisse
1015 2613 1084 2650 ejus
1101 2613 1242 2648 semitae,
1260 2621 1358 2650 quam
1374 2621 1392 2640 a
1407 2615 1502 2651 porta
1525 2612 1589 2640 Ca-

161 2666 239 2686 euin
260 2665 379 2688 senatu
406 2658 531 2698 (supra,
556 2667 584 2687 c.
607 2655 675 2693 37.)
703 2656 859 2686 videntur
902 2666 986 2696 pena
1002 2656 1042 2685 ad
1059 2654 1175 2685 Martis
1190 2661 1328 2688 stratam
1348 2654 1446 2684 fuisse
1464 2654 1587 2691 docuit,

161 2699 240 2730 huic
256 2701 457 2731 accusationi
475 2701 648 2730 materiam
666 2699 805 2729 dedisse.

205 2743 272 2776 92*
282 2743 428 2783 Fugerat
442 2746 474 2774 in
500 2745 692 2783 legationem
710 2763 719 2772 .
730 2764 738 2774 .
753 2763 761 2772 .
772 2762 782 2774 0
798 2752 855 2781 po-

900 2708 999 2739 supra
1015 2710 1042 2729 c.
1061 2700 1113 2729 23,
