1925 3239
524 110 645 149 LIB.
675 110 747 149 IX.
794 110 922 150 CAP.
951 110 1160 148 XXXVII.
1479 114 1555 149 539

104 223 198 251 rum
222 208 437 259 cohortes,
452 219 626 264 repente
647 225 671 250 a
695 209 960 265 principibus
983 210 1170 265 regionis
1191 208 1282 264 ejus
1307 209 1555 260 concitatae,
1570 222 1612 254 U,
1632 222 1668 253 C.
1685 225 1760 255 444.

105 266 314 310 Romanis
346 267 596 318 obcurrunt‚
619 267 725 308 adeo
749 267 1064 322 incompositae,
1089 276 1132 306 ut
1166 267 1355 307 vindices
1391 266 1757 320 p1·aeda-A·C-308·

106 336 198 367 rum
236 337 366 379 prope
398 324 478 378 ipsi
511 324 668 378 praedae
701 320 875 364 fuerint.
938 324 1072 364 Caesis
1106 323 1353 378 fugatisque
1385 323 1451 374 iis,
1473 323 1557 365 late

107 380 370 436 depopulato
392 394 512 435 agro,
540 382 674 421 victor
695 380 934 431 Rom-anm,
955 382 1271 436 opulentusque
1301 393 1439 420 rerum
1465 395 1558 420 om-

107 438 223 478 nium
249 437 390 492 copia,
413 440 454 477 in
486 449 625 479 castra
654 438 794 479 rediit.
857 437 920 478 Eo
947 438 1055 478 forte
1077 438 1267 492 quinque
1300 436 1428 491 legati
1455 451 1555 478 cum

107 494 275 535 duobus
299 494 480 536 tribunis
504 495 637 550 plebis
664 506 880 546 venerant,
895 495 1200 535 denunciatum
1231 493 1365 534 Fabio
1389 503 1556 537 senatus

109 552 266 600 verbis,
288 565 339 591 ne
361 553 513 592 saltum
539 550 774 593 Ciminium
800 553 1013 594 transiret.
1039 552 1172 592 laetati
1197 551 1330 592 serius
1355 565 1557 606 se‚quam

107 619 156 649 ut
180 607 369 663 inpedire
396 608 548 650 bellum
572 620 761 664 possent,
778 611 957 661 venisse,
979 609 1126 650 nuncii
1153 608 1345 649 victoriae
1371 607 1558 649 Romam

104 674 390 709 revertuntur.

167 720 430 764 XXXVII.
464 720 562 763 Hac
583 722 863 777 expeditione
881 723 1068 764 consulis
1091 732 1257 764 motum
1290 720 1418 762 latius
1451 730 1558 772 erat,

108 793 238 833 quain
262 779 558 834 profligatum,
584 779 756 821 bellum.
775 781 1055 821 vastationem
1077 793 1259 834 namque
1279 780 1358 819 sub
1379 777 1558 820 Ciminii

107 838 267 877 montis
290 836 506 877 radicibus
521 837 672 891 jacens
692 851 766 878 ora
787 846 989 887 senserat,
1011 838 1343 891 conciveratque
1361 836 1558 890 indigna-

105 894 224 934 tione
247 908 332 934 non
358 891 540 936 Etruriae
564 894 692 935 modo
708 895 906 949 populos,
926 895 996 935 sed
1023 894 1215 936 Umbriae
1238 893 1435 933 finitima.
1470 891 1684 941 Ita-Ingens
1699 903 1742 932 E-

106 963 205 1004 que,
227 959 412 1006 quantus
435 965 520 991 non
545 965 746 1006 umquam
769 962 908 1001 antea,
931 953 1146 992 exercitus
1177 950 1230 991 ad
1261 950 1454 990 Sutrium
1487 949 1746 994 ve-“USCS>rum

105 1007 194 1048 nit:
225 1011 257 1034 4⁶
273 1022 409 1062 neque
431 1011 478 1049 e²
508 1008 624 1048 silvis
649 1009 947 1050 tantummodo
979 1018 1178 1064 promota
1205 1015 1359 1056 castra,
1388 1006 1460 1046 sed
1495 993 1738 1072 θῑ-ξζῇζὲξξὲζ

107 1063 194 1108 iam
226 1065 433 1106 aviditate
470 1065 703 1106 dimicandi
740 1081 867 1121 quam
907 1067 1091 1120 primum
1132 1065 1175 1105 in
1209 1077 1385 1118 campos
1418 1062 1559 1104 delata

105 1121 245 1163 acies:
277 1122 431 1163 deinde
455 1122 662 1164 instructa
694 1125 830 1179 primo
854 1137 929 1164 suo
960 1134 1071 1164 stare
1102 1122 1212 1171 loco,
1232 1124 1264 1147 4⁷
1281 1121 1429 1160 relicto
1460 1119 1560 1161 hos-

106 1178 222 1222 tibus
245 1179 296 1219 ad
332 1179 653 1224 instruendum²¹
685 1190 835 1221 contra
867 1181 1032 1236 spatio:
1065 1180 1160 1220 dein
1176 1177 1204 1230 b,
1227 1187 1451 1233 postquam
1486 1177 1560 1217 de-

107 1243 289 1277 trectare
312 1236 476 1276 hostem
509 1251 676 1278 sensere
710 1252 912 1292 pugnam,
935 1237 987 1278 ad
1021 1236 1175 1278 vallum
1209 1236 1408 1275 subeunt.
1469 1234 1558 1275 Ubi

106 1300 333 1347 postquam
355 1294 559 1334 stationes
582 1309 753 1349 quoque
774 1303 963 1350 receptas
985 1295 1097 1334 inti-a
1120 1293 1385 1333 munimenta
1416 1304 1557 1332 sense-

109 1363 168 1399 re,
190 1350 352 1392 clamor
374 1360 546 1405 repente
569 1351 682 1391 circa
702 1352 832 1393 duces
854 1361 985 1400 ortus,
1009 1361 1055 1391 ut
1075 1365 1118 1391 eo
1138 1350 1213 1392 silai
1232 1363 1253 1390 e
1270 1349 1414 1389 castris
1430 1348 1559 1388 'ciba-

111 1406 178 1447 ria
200 1408 288 1462 <jus
308 1407 389 1447 diez·
410 1406 801 1462 deserrz'jtibei·e11t;
831 1413 863 1434 ⁴⁸
877 1422 1084 1449 mansuros
1105 1421 1146 1448 se
1166 1405 1238 1447 sub
1264 1406 1406 1456 armis,
1427 1412 1464 1446 et
1484 1412 1560 1447 aut

111 1470 238 1513 noste,
257 1471 330 1504 ant
350 1472 453 1504 certe
474 1464 560 1506 luce
585 1466 723 1519 prima
745 1471 883 1506 castra
916 1465 1085 1506 hostium
1119 1464 1346 1505 invasuros.
1408 1462 1557 1506 Nihilo

108 1521 294 1574 quietior
322 1519 542 1563 Romanus
562 1524 777 1563 exercitus
802 1522 981 1577 imperio
1001 1522 1121 1565 ducis
1143 1522 1406 1561 continetur.
1440 1519 1556 1560 deci-

109 1590 181 1619 ma
201 1589 292 1618 erat
314 1578 402 1618 fere
424 1578 507 1618 diei
541 1578 662 1628 hora,
683 1594 814 1633 quum
853 1580 997 1621 cibum
1033 1592 1186 1634 capere
1218 1575 1368 1617 consul
1403 1576 1557 1619 milites

108 1633 269 1688 jubet3
322 1636 533 1690 praecipit,
565 1646 612 1676 ut
654 1636 695 1676 in
732 1636 858 1679 armis
889 1637 991 1687 sint,
1033 1648 1304 1691 quacumque
1339 1633 1423 1673 diei
1459 1647 1560 1676 noc-

117 1691 227 1732 tisve
250 1691 355 1733 hora
376 1692 546 1747 signum
570 1693 749 1734 dederit.
800 1693 954 1734 Paucis
978 1693 1134 1733 milites
1155 1690 1414 1746 adloquitur,
1438 1689 1559 1730 Sam-

113 1747 268 1792 uitium
308 1748 416 1790 bella
456 1749 642 1800 extollit,
683 1745 820 1791 elevat
875 1749 1077 1791 Etruscos
1097 1766 1106 1791 :
1155 1763 1223 1789 nec
1258 1748 1407 1788 hostem
1439 1746 1561 1798 hosti,

112 1819 182 1846 nec
214 1804 513 1847 multitudinem
549 1806 802 1848 multitudini
839 1807 1152 1862 comparandam
1190 1805 1249 1846 ait
1289 1818 1380 1846 esse.
1441 1802 1561 1845 Prae-

114 1869 221 1904 terea
259 1862 383 1903 telum
414 1862 533 1905 aliud
564 1863 763 1905 occultum
797 1865 965 1905 scituros
997 1864 1042 1904 in
1075 1871 1272 1917 tempore.-
1314 1861 1464 1902 interea
1493 1867 1559 1901 tas

112 1919 194 1960 ceri
214 1933 310 1973 opus
329 1934 420 1961 esse.
482 1919 565 1962 His
586 1921 843 1976 ambagibus
878 1920 998 1977 prodi
1032 1920 1260 1961 simulabat
1293 1917 1451 1968 hostes,
1473 1932 1559 1972 quo

113 1975 281 2019 animus
305 1977 485 2019 militum
511 1978 784 2018 multitudine
816 1979 985 2019 territus
1017 1977 1333 2018 restitueretur:
1366 1984 1422 2025 et,
1444 1974 1560 2029 quod

115 2032 206 2073 sine
236 2034 503 2077 munimento
534 2035 830 2085 consederant,
855 2034 1126 2075 verisimilius
1156 2042 1259 2081 erat,
1282 2031 1395 2085 quod
1428 2032 1560 2072 simu-

113 2088 294 2131 labatur.
356 2090 506 2133 Curati
528 2092 627 2132 cibo
650 2106 830 2147 corpora
853 2092 985 2146 quieti
1009 2091 1128 2142 dant,
1150 2100 1192 2130 et
1214 2097 1363 2143 quarta
1385 2087 1473 2128 fere
1496 2087 1559 2128 vi-

147 2146 217 2187 ilia
237 2148 328 2188 sine
349 2148 534 2190 tumultu
556 2149 734 2190 excitati
771 2163 888 2189 arma
911 2149 1100 2202 capiunt.
1163 2145 1367 2187 Dolabrae
1399 2144 1559 2185 caloni-

113 2160 194 2245 {us
217 2204 464 2246 dividuntur
492 2205 543 2246 ad
569 2205 721 2246 vallum
746 2206 1034 2260 proruendum
1068 2204 1288 2257 fossasque
1323 2200 1559 2256 inplendas.

113 2259 227 2303 intra
251 2262 761 2312 munimenta'instruitur
783 2263 916 2307 acies:
949 2261 1125 2302 delectae
1145 2259 1345 2301 cohortes
1365 2257 1426 2313 rad
1462 2272 1558 2313 por-

115 2325 254 2361 tarum
276 2317 417 2359 exitus
439 2319 732 2362 conlocantur.
754 2319 855 2360 dato
878 2319 1033 2360 deinde
1055 2319 1178 2376 signo
1201 2315 1343 2372 paullo
1366 2323 1464 2356 aute
1494 2313 1559 2356 lu·-⁸

219 2443 233 2459 ²
254 2440 287 2468 in
301 2439 398 2479 Groqt
565 2441 579 2458 ⁸
601 2437 812 2468 instruendam
827 2438 924 2467 Gron.
941 2438 1030 2466 Crev.
1205 2434 1218 2456 ¹³
1239 2434 1346 2464 deinde
1357 2434 1441 2465 Eaed.

154 2539 197 2571 46
221 2539 336 2578 Neque
351 2548 368 2568 e
389 2539 484 2577 sylvis
498 2537 720 2567 tantummodo
737 2546 812 2576 pro·
855 2537 896 2574 ti,
912 2540 945 2566 et
962 2535 1126 2565 vetustius
1150 2534 1220 2563 cusi
1245 2534 1370 2564 habent
1394 2536 1533 2565 hostium
1547 2549 1555 2565 .-

115 2583 202 2613 motiz
232 2582 354 2622 castra]
387 2581 548 2621 Quaedam
573 2581 734 2610 editiones
757 2580 811 2609 hic
856 2586 895 2609 ut
911 2579 1120 2610 admittenda
1135 2578 1287 2607 videatur
1306 2578 1461 2608 Gronovii
1480 2588 1559 2608 con-

115 2625 273 2656 mendose
289 2625 448 2656 exhibent
463 2625 497 2654 in
519 2625 626 2663 sylvis.
670 2623 734 2653 Sed
758 2633 812 2652 ve·
849 2623 994 2662 jectum,
1022 2623 1143 2658 relicto,
1168 2622 1308 2657 hostilem
1349 2621 1482 2661 (aciem)
1514 2621 1559 2652 ad

112 2669 307 2699 tristissimae
319 2668 460 2699 Andreae
473 2673 507 2697 et
517 2666 692 2706 Campani,
705 2671 739 2696 et
755 2676 812 2696 sex
855 2666 1082 2696 instruendam
1098 2670 1222 2699 contra,
1239 2665 1351 2703 spacio.

116 2712 221 2742 nostri
237 2711 363 2742 codices
381 2711 474 2742 MSS.
488 2720 565 2740 cum
583 2711 689 2739 tribus
709 2710 814 2739 Hear-
901 2707 1162 2745 48*23Ja›zs=zeros]
1190 2707 1456 2737 Pernoctaturos.
1504 2706 1558 2736 Sic

117 2756 176 2793 nii,
193 2754 225 2785 id
242 2754 366 2786 habent
382 2754 470 2794 quod
485 2753 665 2790 edidimus,
679 2757 714 2782 et
730 2753 815 2782 ratio
860 2753 977 2783 Horat.
994 2753 1063 2781 Sat.
1080 2754 1110 2781 5.
1129 2752 1147 2781 l.
1167 2750 1192 2781 l.
1243 2751 1280 2780 ln
1301 2750 1556 2782 Mamurrarum

118 2797 278 2841 postulat.
861 2797 938 2836 lassi,v
950 2796 1064 2826 deinde
1078 2795 1157 2826 urbe
1174 2804 1351 2824 manemus.

159 2845 198 2876 47
218 2841 339 2873 Relicto
355 2839 506 2880 hostibus]
524 2841 650 2875 Omnes
662 2843 697 2869 et
711 2838 814 2878 scrip-
