1991 3250
401 143 480 185 3²76
924 142 1067 181 ΤΙΤΙ
1105 142 1277 181 LIVII

195 259 238 290 U.
255 259 325 290 c.3
306 261 381 293 374
406 241 635 297 culumque
651 241 759 291 erat)
781 252 824 280 se
843 240 1081 290 obterebat,
1103 240 1323 296 increpare
1344 238 1500 296 singuli
1523 253 1568 281 se
1586 240 1765 297 quisque
1784 249 1829 284 et

195 304 236 333 A
251 302 320 334 C·3
302 305 378 337 378·
406 297 527 349 alios,
548 308 592 339 et
614 297 888 338 adhor‘tatio
879 311 922 338 ln
953 298 1088 338 vicem
1111 305 1242 338 totam
1266 296 1392 337 alacri
1427 296 1612 338 clamore
1644 299 1830 353 pervasit

194 1160 274 1188 victi
288 1159 362 1189 vol

193 1213 245 1232 scu.

183 2285 217 2313 ‘n
223 2285 302 2313 llum

406 354 557 395 aciem.
617 353 770 409 Neque
791 354 896 394 alter
919 354 1113 394 tribunus
1136 353 1193 393 rei
1215 352 1379 394 defuit:
1412 353 1500 402 sed,
1523 353 1673 394 missus
1693 368 1718 393 a
1739 354 1828 394 col-

405 411 502 467 lega
525 369 774 451 restitueqnte
802 410 994 465 peditum
1016 409 1150 450 aciem
1173 410 1223 450 ad
1256 409 1431 464 equiteS‚
1454 423 1537 450 non
1562 410 1828 472 castigando,

405 468 478 520 (ad
499 481 626 522 quam
649 481 736 508 rem
759 465 957 507 leviorem
981 475 1195 506 auctorem
1226 480 1323 506 eum
1344 466 1480 520 culpae
1500 465 1682 506 societas
1718 465 1830 506 fece-

406 526 490 574 r'at)
513 524 599 574 sed,
621 524 706 564 ab
697 522 877 579 imperio
908 531 1021 563 totus
1051 522 1103 562 ad
1133 536 1277 577 preces
1313 536 1466 572 versus,
1490 536 1610 562 orare
1639 521 1828 577 singulos

406 581 725 634 universosque,
744 586 791 619 ut
810 592 863 629 se,
885 581 1023 619 ⁸renm
1039 577 1224 633 fortunce
1253 579 1339 634 ejus
1374 578 1468 629 diei,
1489 579 1654 619 crimine
1684 578 1829 619 exime-

406 643 511 677 rent.
571 635 784 677 Abnnente
804 649 850 675 ac
864 634 1104 690 prohibente
1123 633 1289 698 collega,
1308 635 1541 676 temeritatis
1560 649 1621 675 me
1650 635 1828 675 omnium

397 693 538 748 potius
557 706 719 741 socium,
742 705 863 747 quam
883 691 1002 732 unitis
1014 689 1251 750 prudentiae,
1268 691 1374 732 dedi.
1434 691 1669 732 Camillus
1653 706 1697 731 in.
1716 697 1830 732 utra-

405 763 483 804 que
513 755 645 789 ‘c'estta
665 747 848 811 fortuna
884 761 995 788 suam
1024 741 1199 811 gloriam
1229 747 1362 789 videt:
1408 762 1494 804 ego,
1527 749 1571 788 m'
1604 747 1831 788 restituitur

396 819 556 869 pugna,
578 803 711 860 (qnod
741 804 1007 845 miserrimum
1037 805 1111 853 esc)
1125 802 1345 868 jbrtunam
1376 819 1464 845 cum
1495 805 1694 854 omnibus,
1715 803 1828 859 iffa-

403 860 652 902 miamsolus
671 861 853 902 sentiam.
916 860 1139 916 Optimum
1165 861 1300 901 visum
1337 871 1414 911 est,
1437 862 1510 902 ⁹in
1546 862 1828 902 fluctuantem

404 918 541 958 aciem
583 918 690 959 tradi
733 932 880 973 equOS‚
915 927 958 958 et
993 917 1182 981 pedestri
1226 931 1369 972 pugna
1412 918 1610 958 invadeie
1645 918 1826 959 hostem.

406 972 524 1014 Eunt
556 974 744 1030 insignes
776 974 902 1014 armis
935 973 1185 1028 animisque,
1206 987 1290 1028 qua
1326 974 1456 1029 premi
1493 984 1610 1030 parte
1641 975 1830 1014 maxime

407 1030 600 1086 peditum
645 1031 788 1085 copias
830 1030 989 1071 vident.
1036 1029 1157 1079 nihil,
1187 1044 1322 1085 neque
1362 1031 1475 1085 apud
1515 1031 1658 1082 duces,
1690 1045 1828 1085 neque

404 1088 517 1143 apud
541 1088 711 1137 milites,
733 1086 966 1129 remittitur
987 1102 1011 1127 a
1033 1100 1198 1127 summo
1221 1087 1451 1127 certamine
1480 1087 1625 1128 animi.
1685 1087 1826 1128 Sensit

404 1158 507 1199 ergo
539 1159 589 1184 ev
594 1152 716 1185 entus
740 1144 908 1184 viitutis
929 1145 1059 1184 enisae
1090 1157 1240 1198 opem:
1272 1151 1315 1183 et
1336 1143 1494 1194 Volsci,
1516 1158 1600 1198 qua
1621 1144 1748 1184 modo
1771 1145 1828 1184 si-

404 1200 564 1241 mulato
600 1210 714 1241 metu
751 1210 979 1250 cesser,ant
1000 1214 1050 1240 ea
1082 1199 1124 1239 in
1159 1213 1299 1239 veram
1333 1199 1476 1254 fugam
1509 1199 1648 1264 effusi,
1670 1214 1828 1255 magna

404 1271 499 1317 pars
521 1267 561 1298 et
587 1257 629 1298 in
662 1258 756 1312 ipso
787 1257 1032 1307 certamine,
1053 1266 1097 1296 et
1127 1265 1224 1310 post
1249 1256 1290 1296 in
1313 1232 1415 1311 fagea
1435 1272 1457 1296 c
1462 1258 1560 1298 esi:
1586 1260 1616 1281 ¹⁰
1629 1258 1758 1297 ceteri
1784 1258 1832 1298 in.

402 1315 565 1364 castris,
587 1328 683 1370 quae
705 1321 832 1369 capta
852 1313 1001 1354 eodem
1033 1313 1179 1368 inpetu
1214 1321 1325 1364 sunt,
1349 1313 1485 1368 plures
1522 1325 1661 1354 tamen
1695 1314 1826 1368 capti,

402 1385 529 1426 quam
555 1385 702 1411 occisi.

461 1426 616 1468 XXV.
650 1427 735 1468 Ubi
756 1427 798 1467 in
820 1426 1086 1468 recensendis
1120 1425 1300 1481 captivis
1329 1441 1458 1481 quum
1489 1425 1722 1467 *Tusculani
1747 1425 1824 1466 ali-

401 1493 507 1538 quot
531 1484 857 1534 noscitarentur,
877 1484 1025 1524 secreti
1047 1484 1101 1523 ab
1132 1483 1224 1523 aliis
1245 1483 1296 1524 ad
1322 1483 1514 1524 tribunos
1545 1483 1826 1533 adducuntur,

400 1541 867 1604 percunctantibusque
897 1539 1010 1591 fassi,
1034 1538 1207 1595 publico
1229 1540 1408 1580 consilio
1427 1553 1470 1580 se
1504 1539 1719 1580 militasse.
1751 1554 1825 1580 cu-

394 1611 468 1651 jus
492 1607 576 1637 tam
600 1597 729 1637 vicini
753 1596 850 1637 belli
885 1606 999 1637 metu
1030 1595 1234 1638 Camillus
1268 1606 1421 1646 motus,
1442 1595 1636 1650 extemplo
1664 1610 1706 1637 se
1735 1594 1825 1637 Ro-

399 1662 505 1694 mam
527 1653 658 1716 cqptiz
663 1668 702 1693 os
723 1653 950 1702 ducturum,
967 1654 1040 1703 ait,
1063 1667 1112 1694 ne
1134 1652 1280 1693 Patres
1308 1652 1444 1707 iuuari
1463 1652 1554 1703 sint,
1580 1651 1825 1694 Tusculanos

400 1709 452 1749 ab
484 1710 670 1750 societate
701 1709 872 1751 descisse.
903 1710 1045 1750 castris
1072 1709 1338 1764 exercituique
1368 1709 1542 1760 interim,
1562 1709 1596 1749 si
1625 1708 1825 1760 videatur,

394 1765 533 1820 pinsit
550 1765 714 1823 colleoa.
769 1766 1043 1807 Documento
1065 1781 1173 1806 unus
1191 1767 1279 1806 dies
1303 1766 1453 1816 fuerat,
1476 1779 1527 1806 ne
1549 1780 1624 1806 sua
1645 1765 1823 1806 consilia

398 1803 669 1864 melioribus0
670 1822 902 1878 praeferi-‚et
933 1837 1011 1863 nec
1047 1832 1188 1863 tamen
1221 1831 1295 1862 ant
1325 1823 1453 1877 ipsi,
1443 1832 1516 1862 tut
1551 1822 1591 1862 in
1628 1822 1823 1884 exercitu

401 1880 600 1933 cuiquam
625 1880 726 1920 satis
753 1880 918 1944 placato
941 1880 1084 1920 animo
1116 1879 1320 1920 Camillus
1352 1880 1509 1919 laturus
1539 1878 1705 1933 culpam
1732 1878 1825 1931 ejus

401 1936 639 1986 videbatur,
660 1952 743 1991 qua
775 1937 874 1977 data
907 1937 948 1977 in
985 1946 1068 1977 tam
1105 1936 1369 1991 praecipitem
1404 1950 1546 1976 casum
1582 1935 1822 1989 respublica

399 2003 510 2032 esset
530 2010 540 2043 ;
572 2002 613 2033 et
633 2001 791 2048 quumh
814 1994 854 2034 in
879 1994 1086 2058 exercitu,
1108 2002 1196 2033 tum
1222 1992 1373 2032 Romae
1394 2002 1593 2033 constans
1625 1991 1819 2033 omnium

400 2050 512 2089 suma
535 2060 638 2098 erat,
660 2065 791 2104 quum
817 2051 933 2090 varia
970 2050 1141 2090 fortuna
1175 2050 1213 2089 in
1256 2048 1417 2089 vomis
1451 2059 1570 2103 gesta
1605 2061 1667 2088 res
1697 2058 1833 2099 esset„

398 2106 584 2146 aclversae
608 2120 765 2161 pngnae
796 2105 1028 2162 fugaeque
1019 2121 1059 2146 in
1086 2105 1132 2146 L.
1157 2106 1286 2146 Furio
1316 2105 1499 2159 culpam,
1530 2104 1727 2146 secundae
1749 2105 1822 2145 de-

396 2175 470 2202 cus
493 2177 618 2202 omne
643 2177 768 2217 penes
792 2162 858 2204 M.
883 2163 1057 2204 Furium
1087 2176 1191 2203 esse.
1254 2161 1513 2203 Innoductis
1551 2162 1590 2201 in
1628 2170 1823 2203 senatum

396 2218 593 2282 captivis,
617 2233 748 2273 quum
775 2219 884 2260 bello
919 2219 1229 2275 persequendos
1250 2217 1513 2259 Tusculanos
1538 2217 1685 2258 Patres
1720 2232 1821 2259 cen-

396 2276 591 2326 suissent,
615 2275 662 2316 C
655 2275 883 2331 imilloque
904 2276 946 2317 id
966 2276 1124 2317 bellum
1148 2274 1713 2328 mandassent2adjut01em
1735 2274 1816 2315 sibi

183 2329 218 2355 '¹¹
214 2338 246 2355 Η*
235 2328 367 2357 *“-·ΗΗΗ“*
394 2332 445 2373 ad
465 2346 555 2372 eam
581 2347 666 2373 rem
691 2347 818 2373 umun
845 2333 979 2389 petit:
1012 2332 1314 2388 permissoque,
1339 2341 1384 2372 ut
1414 2345 1466 2372 ex
1499 2330 1674 2387 collegis
1695 2339 1818 2386 opta-

185 2372 213 2399 in
208 2372 343 2402 usinum.

940 2430 955 2450 ¹²
979 2437 1045 2461 eum
1060 2432 1156 2461 Gron.
1173 2432 1251 2460 Crev
1256 2453 1263 2460 .

433 2522 451 2549 8
462 2518 604 2558 ἰ[ι’θιιηι]
620 2520 684 2559 Qui
699 2524 854 2559 praestarc
869 2519 1003 2548 debent
1018 2518 1081 2548 for·
1127 2517 1267 2557 relinqui
1299 2527 1413 2558 equos,
1436 2521 1470 2548 et
1493 2517 1576 2548 tradi
1606 2517 1818 2550 asservandus

388 2564 505 2591 tunam
531 2563 600 2600 eins
625 2564 700 2592 «liei.
747 2562 832 2592 Reus
861 2570 910 2592 est
938 2571 1024 2602 soepe
1054 2562 1079 2591 is
1124 2561 1304 2592 calonibus.

389 2614 487 2643 quern
497 2605 620 2635 Gallice
631 2606 770 2635 dicimus
780 2605 1029 2644 respo11sume.v
1034 2605 1077 2635 id.
1171 2608 1207 2635 10
1217 2605 1234 2622 *¹
1250 2605 1373 2635 ίὶίενϊ
1364 2614 1395 2634 m
1408 2601 1538 2635 castris.
1549 2605 1642 2643 ,ρὶω
1646 2613 1677 2634 es
1691 2604 1817 2643 tainen]

390 2647 475 2677 infra
493 2655 562 2678 not.
580 2649 619 2678 ad
641 2648 696 2678 lx.
713 2653 744 2682 9.
1123 2647 1231 2678 Ceteri
1269 2648 1300 2677 in
1337 2647 1451 2677 castris
1491 2647 1578 2684 caesi,
1606 2647 1672 2676 imo
1708 2647 1817 2686 plures

430 2694 450 2724 9
494 2691 531 2720 In
557 2691 784 2730 fluctuantem
822 2689 937 2729 aciem]
976 2690 1076 2720 Recte
1121 2691 1208 2731 capti
1246 2700 1343 2729 quain
1376 2691 1485 2720 occisi.
1531 2689 1674 2729 Corrigit
1705 2690 1817 2721 Livius

386 2733 519 2763 videtur
557 2734 733 2764 emendare
771 2735 950 2764 Gronovius
989 2735 1074 2763 inter
1118 2744 1176 2774 per
1192 2733 1386 2774 particulam
1403 2737 1513 2763 tamen
1529 2732 1561 2762 id
1576 2732 1662 2772 quod
1680 2743 1742 2762 non
1761 2743 1818 2763 ex·

375 2775 598 2816 fluctuantem
614 2779 714 2807 aciem
730 2789 738 2806 :
756 2777 776 2806 i.
793 2788 822 2806 e.
839 2777 916 2806 dnm
935 2778 1074 2806 fluctuat
1119 2778 1236 2816 pressit
1252 2775 1397 2815 quidem,
1413 2775 1470 2805 sed
1494 2776 1526 2805 in
1552 2782 1664 2807 mente
1689 2775 1815 2809 habuit.

385 2819 483 2856 acies,
500 2820 640 2850 necdum
656 2820 735 2850 satis
761 2831 780 2850 a
806 2821 1026 2858 trepidatione
1042 2823 1075 2849 et
1118 2819 1191 2851 vid.
1210 2826 1277 2850 not.
1294 2822 1325 2850 3.
1341 2818 1381 2849 ad
1396 2818 1436 2849 V.
1452 2821 1504 2849 54.

386 2862 464 2902 suga
478 2873 548 2894 sese
572 2862 716 2902 collegit.
766 2861 867 2893 Trada‘
889 2873 992 2902 equos,
1010 2863 1030 2892 i.
1045 2874 1074 2893 e,
