1969 3239
559 79 686 119 LIB.
717 80 767 117 ΙΙ.
801 78 939 117 CAP.
967 77 1152 116 XLVIII.
1212 110 1216 113 ,
1522 82 1593 116 135

144 183 348 241 republica
369 197 416 225 ea:
430 189 553 239 parte
570 182 668 224 orba
702 178 858 222 consule
877 178 1004 221 altero
1033 179 1191 234 amisso,
1206 180 1372 235 publico
1398 184 1582 238 privato-
1596 204 1634 235 U.
1647 204 1684 233 ς,
1701 203 1775 236 974„

145 256 220 298 que
238 240 452 298 deformem
474 240 584 282 luctu
605 241 784 280 lauream
805 252 881 278 non
903 243 1171 291 accepturum.
1233 239 1365 280 Omni
1389 251 1484 281 acto
1509 243 1634 282 tri-A,
1651 247 1687 277 c.
1700 249 1775 281 4¹18.

143 300 308 355 umpho
330 299 550 354 depositus
574 295 815 350 triumphus
839 294 991 334 clarior
1009 294 1105 334 fuit.
1127 295 1233 336 adeo
1251 308 1394 351 spreta
1413 298 1453 337 in
1477 308 1582 338 tem-

144 370 248 412 pore
267 356 404 412 gloria
426 353 637 396 interdum
658 352 915 393 cumulatior
940 351 1062 391 redit.
1124 352 1292 392 Funera
1321 353 1476 394 deinde
1497 357 1583 396 duo

143 412 346 469 deinceps
369 412 545 467 collegae
568 410 796 464 fratrisque
817 409 950 449 ducit.
976 410 1086 449 idem
1112 409 1153 448 in
1180 421 1359 465 utroque
1376 411 1583 464 laudator,

145 484 293 524 quum,
314 467 589 511 concedendo
613 467 693 507 illis
722 475 816 506 suas
849 465 1006 513 laudes,
1030 467 1121 521 ipse
1154 468 1386 509 maximam
1421 480 1583 524 partein

144 541 290 568 earum
314 527 454 567 ferret.
516 524 668 579 Neque
693 525 901 564 inmemor
924 524 1030 577 ejus,
1052 525 1166 578 quod
1192 525 1316 565 initio
1339 528 1584 567 consulatus

145 584 373 632 imbiberat,
406 581 707 622 reconciliandi
743 581 909 621 animos
948 581 1095 635 plebis,
1119 582 1286 622 saucios
1323 582 1478 624 milites
1511 599 1585 624 cu-

145 642 298 682 randos
337 639 491 681 dividit
531 638 747 679 Patribus.
809 637 953 678 Fabiis
999 639 1167 692 plurimi
1211 639 1297 679 dati
1320 656 1327 679 ,-
1374 655 1452 681 nec
1483 642 1582 682 alibi

147 700 309 754 majore
340 711 442 737 cura
475 695 624 736 habiti.
691 694 794 736 Inde
830 696 1054 750 populares
1082 710 1172 749 Jam
1203 710 1292 737 esse
1328 697 1475 740 Fabii:
1509 713 1586 740 nec

145 754 228 796 hoc
254 754 350 803 ulla,
375 753 453 793 uisi
478 753 634 793 salubri
658 753 921 808 reipublicae,
946 763 1047 792 arte.

201 810 421 853 XLVIII.
455 809 594 864 Igitur
618 825 700 850 non
729 810 904 850 Patruin
932 810 1081 864 magis,
1104 823 1231 863 qnam
1262 810 1412 865 p'ebis,
1436 813 1586 853 studiis
1599 819 1638 848 U.
1655 817 1690 847 C·
1708 820 1781 851 975.

145 868 199 910 Κ.
236 868 395 909 Fabius
428 881 527 908 cum
560 866 611 907 T.
645 868 842 922 Virginio
877 867 1025 906 consul
1060 866 1213 917 sactus,
1245 867 1276 893 ⁴³³
1292 883 1429 923 neque
1466 862 1778 935 belizi‚i{·{,·a{)¹¹70⁷·

142 940 280 980 neque
314 925 520 974 delectus,
555 939 691 979 neque
725 924 852 964 ullam
887 923 1011 963 aliam
1048 925 1230 978 priorem
1265 939 1410 966 curam
1444 942 1706 983 age¹·e,ffi,T
1730 949 1800 978 vir,

143 997 271 1038 quam
296 983 465 1036 ut‚jam
489 982 630 1036 aliqua
651 996 705 1022 ex
740 992 858 1036 parte
890 981 1090 1021 inchoata
1121 983 1364 1024 concordiae
1388 999 1477 1039 spe,
1502 986 1686 1041 pri-gimo
1701 994 1787 1024 Coss.

145 1055 214 1080 mo
237 1054 409 1094 quoque
433 1051 625 1094 tempore
656 1053 754 1079 cum
789 1037 989 1078 Patribus
1021 1037 1309 1080 coalescerent
1341 1041 1472 1082 animi
1500 1042 1587 1098 ple-

144 1097 223 1137 bis.
285 1096 434 1151 ltaque
467 1096 680 1152 principio
717 1096 817 1136 anni
854 1097 1037 1146 censuit,
1071 1097 1318 1151 priusquam
1359 1100 1588 1154 quisquam

142 1155 321 1207 agrariae
345 1154 451 1209 legis
482 1163 632 1194 auctor
665 1153 861 1194 tribunus
893 1153 1137 1201 exsisteret,
1158 1156 1192 1182 ⁶9
1208 1167 1469 1210 occuparent
1505 1157 1587 1199 Pa-

144 1203 226 1252 tres
253 1212 333 1267 ipsi
358 1225 479 1252 suum
506 1226 657 1251 munus
681 1210 849 1251 facere:
882 1210 1104 1265 captivum
1129 1225 1279 1266 agrum
1312 1213 1424 1268 plebi
1458 1229 1587 1269 quam

143 1269 332 1310 maxime
364 1267 586 1323 aequaliter
616 1268 782 1309 darent.
813 1273 845 1295 ⁷0
862 1282 1006 1308 verum
1038 1282 1143 1319 esse,
1176 1268 1332 1310 habere
1363 1285 1450 1321 eOS‚
1480 1287 1588 1326 quo-

143 1340 237 1366 rum
281 1327 489 1382 sanguine
529 1340 579 1365 ac
622 1326 774 1366 sudore
819 1335 964 1379 partus
1007 1325 1077 1365 sit.
1136 1325 1394 1381 Adspernati
1440 1328 1588 1370 Patres

145 1392 268 1423 sunt:
311 1383 451 1437 questi
485 1396 657 1436 quoque
692 1382 882 1437 quidam,
917 1382 1050 1422 nimia
1081 1381 1218 1437 gloria
1256 1384 1516 1427 ”luxuriare
1546 1397 1590 1428 et

148 1453 398 1480 evanescere
441 1439 631 1479 vividum
674 1440 889 1495 quondam
943 1438 1045 1479 illud
1099 1438 1299 1481 Kaesonis
1351 1441 1589 1497 ingenium.

147 1496 289 1537 Nullae
314 1496 467 1537 deinde
498 1497 671 1537 urbanae
706 1496 914 1537 factiones
946 1496 1078 1536 fuere.
1138 1498 1415 1540 Vexabantur
1448 1500 1590 1541 incur-

146 1553 338 1594 sionibus
362 1553 601 1607 AEquorum
641 1553 797 1594 Latini.
821 1567 872 1593 eo
906 1568 1003 1594 cum
1036 1555 1227 1612 exercitu
1255 1554 1387 1596 Kaeso
1420 1557 1589 1607 missus,

144 1610 188 1653 in
209 1610 396 1665 ipsorum
421 1610 662 1665 AEquoruin
686 1625 837 1665 agrum
861 1610 1210 1666 depopulandum
1233 1614 1397 1654 transit.
1455 1614 1589 1670 AEqui

145 1681 190 1709 se
228 1669 271 1708 in
304 1668 465 1723 oppida
501 1677 766 1723 receperunt,
788 1668 1003 1721 murisque
1040 1683 1082 1709 se
1119 1670 1347 1711 tenebant:
1391 1685 1442 1711 eo
1479 1672 1593 1714 nulla

144 1738 293 1781 pugna
317 1724 606 1765 memorabilis
630 1724 725 1765 fuit.
785 1724 846 1765 At
868 1740 892 1765 a
917 1725 1096 1766 Veiente
1121 1726 1244 1766 hoste
1265 1727 1406 1770 clades
1437 1743 1591 1785 accep-

146 1791 191 1822 ta
224 1782 463 1823 temeritate
492 1781 664 1822 alterius
696 1781 897 1822 consulis.
958 1793 1187 1838 actumque
1218 1784 1269 1824 de
1301 1785 1492 1827 exercitu
1525 1787 1592 1827 fo-

143 1847 222 1889 ret,
259 1840 301 1880 ni
343 1838 398 1880 K.
436 1838 592 1879 Fabius
630 1840 672 1880 in
712 1850 905 1894 tempore
938 1840 1130 1881 subsidio
1171 1842 1370 1883 venisset.
1433 1841 1500 1884 Ex
1539 1858 1591 1885 eo

146 1905 338 1951 tempore
362 1911 498 1951 neque
523 1912 606 1951 pax
630 1911 767 1951 neque
792 1896 948 1937 bellum
980 1912 1078 1938 cuin
1103 1898 1354 1939 Veientibus
1387 1898 1494 1952 fuit3
1525 1916 1590 1942 res

144 1955 178 1978 ”¹2
193 1953 388 2008 proxime
419 1954 600 1994 formam
633 1953 846 1994 latrocinii
882 1964 1067 1995 venerat.
1130 1954 1393 2011 Legionibus
1428 1957 1590 1999 Roma-

147 2009 212 2050 nis
247 2010 457 2051 cedebant
492 2011 534 2051 in
571 2012 733 2051 urbem.
774 2012 847 2051 ubi
885 2012 1092 2052 abductas
1130 2023 1348 2055 senserant
1383 2014 1591 2070 legiones,

148 2081 273 2122 agros
304 2067 608 2119 incursabaut3
642 2068 797 2109 bellum
832 2068 989 2123 quiete,
1012 2069 1199 2123 quietem
1233 2071 1343 2112 bello
1375 2072 1417 2112 in
1454 2074 1591 2114 vicem

146 2124 379 2164 eludentes.
442 2124 510 2165 Ita
534 2139 669 2180 neque
691 2126 833 2165 omitti
868 2135 958 2166 tota
991 2140 1070 2176 res,
1095 2124 1199 2168 necf
1225 2128 1371 2183 perfici
1408 2140 1589 2185 poterat.

148 2189 191 2221 et
213 2180 295 2220 alia
317 2180 425 2221 bella
446 2191 520 2222 aut
542 2183 770 2237 praesentia
793 2183 1030 2233 instabant,
1055 2193 1102 2223 ut
1130 2186 1184 2225 ab
1215 2185 1371 2240 AEquis
1401 2186 1589 2228 Volscis-

147 2252 244 2294 que,
268 2252 353 2278 non
376 2238 550 2290 diutius,
572 2254 700 2294 quain
725 2254 869 2281 recens
892 2240 1014 2282 dolor
1037 2242 1247 2296 proximae
1279 2243 1412 2284 cladis
1436 2245 1589 2286 transi·

698 2339 711 2360 f
728 2351 821 2380 neque
837 2339 936 2370 Gron.
950 2342 1040 2370 Crev-

192 2421 232 2452 68
258 2421 374 2461 Λέᾳιιε
390 2419 486 2460 bella]
514 2421 604 2460 Lege
622 2421 704 2452 belli.
889 2429 1032 2455 tentem.
1084 2424 1275 2455 Similitudo
1305 2425 1411 2467 ducta*
1437 2436 1457 2456 a
1488 2428 1592 2459 nimia

191 2465 232 2498 69
260 2464 465 2505 Occuparent
483 2463 618 2503 Patres]
639 2466 767 2495 Dar-ent
780 2467 846 2506 pri·
890 2467 1140 2498 frumentorum
1172 2470 1206 2499 in
1238 2469 1346 2500 herbis
1377 2471 1485 2510 copia,
1517 2482 1591 2511 quae

147 2518 186 2538 us
202 2518 336 2548 operam
355 2519 455 2547 quam
473 2509 631 2538 citissime
658 2509 782 2546 Patres,
808 2515 846 2539 ut
890 2520 977 2550 saepe
995 2512 1027 2541 in
1051 2513 1169 2543 tenuia
1191 2516 1224 2542 et
1247 2514 1362 2544 inania
1387 2523 1491 2553 grana
1517 2526 1593 2547 eva·

148 2551 211 2582 hoc
243 2561 364 2581 munus
392 2553 432 2582 ab
462 2553 609 2592 ipsorum
638 2551 844 2591 benignitate
890 2556 1008 2584 nescit.

147 2594 238 2635 plebs
256 2595 402 2625 haberet.
934 2597 1169 2630 7²3¹*Proxime
1178 2599 1333 2639 firmam
1357 2602 1518 2632 latrocinii
1540 2613 1592 2633 re-

191 2641 234 2672 70
259 2638 394 2680 Veiwmi]
420 2639 579 2678 AEqunm.
892 2640 1002 2681 verm]
1031 2641 1133 2681 Prope
1160 2644 1277 2673 similis
1305 2650 1378 2675 erat
1405 2645 1590 2676 latrocinio.

191 2682 464 2714 71²*Luturiare
494 2687 525 2713 et
554 2681 753 2722 evanescere]
785 2683 848 2713 Le-
893 2684 1049 2714 Proxime
1065 2686 1230 2726 Jbrmam,
1248 2688 1414 2727 quomodo
1441 2698 1540 2730 supra
1561 2700 1588 2719 e,

148 2724 537 2766 vemjactantioremque
555 2727 639 2763 fieri,
657 2731 691 2755 et
708 2727 740 2756 ἰιι
765 2736 849 2756 vana
892 2729 1214 2770 4l.propiusfidem.

151 2768 288 2799 consilia
313 2778 471 2809 prunum,
494 2778 588 2800 vanae
611 2769 724 2809 gloriae
748 2779 848 2810 appe-

888 2820 970 2855 114
