1925 3239
109 233 152 262 U.
169 231 206 261 C.

110 276 148 306 A.
166 274 203 306 C.

318 120 396 154 600
891 114 1029 152 TITI
1067 114 1238 153 LIVlI

222 231 298 264 459.
325 224 392 256 tos
434 214 553 265 alios,
586 213 714 255 Gaios
757 213 996 256 Caedicium
1027 223 1070 255 et
1109 214 1386 264 Trebonium,
1417 215 1626 271 praefecit.
1685 219 1759 274 Sp.

217 275 291 308 293.
327 273 534 314 Nautium
559 270 709 322 mulos,
731 270 933 312 detractis
956 271 1139 322 clitellis,
1161 286 1259 312 cum
1281 274 1311 297 ⁵⁴
1326 272 1575 314 cohortibus
1595 274 1757 317 alariisq

327 329 372 369 in
395 328 604 369 tumulum
627 340 905 382 conspectum
938 342 1117 383 propere
1147 328 1467 370 circumducere
1489 330 1632 384 jubet,
1653 331 1684 354 ⁶⁵
1698 341 1761 372 at-

326 399 411 441 que
432 385 530 426 inde
554 384 663 425 inter
686 384 821 439 ipsam
845 384 1182 435 dimicationem,
1203 395 1364 439 quanto
1386 388 1573 427 maxime
1605 393 1761 442 posset,

326 451 448 483 moto
471 440 640 496 pulvere
662 442 897 482 ostendere.
959 441 1074 482 Dum
1099 441 1162 483 his
1186 442 1374 482 intentus
1406 443 1636 497 imperator
1656 454 1761 495 erat,

329 498 552 539 altercatio
576 498 684 538 inter
708 497 908 552 pullarios
929 507 1024 538 orta
1045 498 1097 538 de
1118 498 1309 553 auspicio
1340 498 1431 553 ejus
1461 499 1561 550 diei,
1583 501 1760 542 exaudi-

328 564 458 610 taque
489 555 544 595 ab
576 554 791 609 equitibus
826 553 1058 595 Romanis:
1099 555 1185 609 qui,
1216 569 1302 595 rem
1337 554 1450 596 haud
1483 558 1760 612 spernendam

331 613 430 662 rati,
454 611 528 665 Sp.
561 611 735 666 Papirio
768 610 906 651 fratris
938 610 1027 651 filio
1058 612 1256 662 consulis,
1279 612 1440 667 ambigi
1472 613 1525 653 de
1555 615 1762 668 auspicio,

328 668 700 710 renunciaverunt.
758 667 953 717 Juvenis,
975 675 1072 708 ante
1093 668 1329 709 doctrinam
1354 668 1470 709 Deos
1494 682 1761 725 spernentem

327 735 469 775 natus,
500 737 588 764 rem
620 724 882 778 inquisitam,
914 738 967 764 ne
996 723 1099 779 quid
1137 725 1447 779 incompertum
1489 726 1670 768 deferret
1709 729 1762 770 ad

329 780 562 831 consulem,
583 780 750 821 detulit.
801 781 882 825 Cui
906 780 988 829 ille,
1014 780 1076 821 Tu
1095 781 1254 836 quidem
1275 789 1400 823 macte
1421 782 1571 824 virtute
1590 783 1763 840 diligen-

330 837 467 894 tiaque
486 844 588 878 esto:
618 843 789 878 ceterum
821 837 892 892 qui
910 837 1087 892 auspicio
1117 837 1244 887 adest,
1263 838 1297 879 si
1326 838 1427 893 quid
1441 838 1552 894 falsi
1581 841 1762 893 nunciat,

329 895 362 917 ⁶⁶
373 895 416 934 in
433 890 551 935 semet
571 893 702 949 ipsum
731 894 962 950 religionem
995 893 1147 948 recipit.
1208 894 1322 935 Mihi
1353 896 1512 951 quidem
1540 897 1764 952 tripudium

329 951 581 1001 nunciatum,
604 950 757 1006 populo
790 950 975 992 Romano
1005 951 1273 1007 exercituique
1300 952 1501 1008 egregium
1540 954 1762 1009 auspicium

328 1015 398 1049 est.
458 1007 796 1049 Centurionibus
817 1008 969 1049 deinde
990 1008 1228 1063 imperavit,
1253 1017 1298 1049 ut
1323 1009 1522 1064 pullarios
1545 1010 1654 1052 inter
1675 1012 1762 1067 pri-

327 1077 400 1106 ma
439 1065 562 1120 signa
600 1065 923 1106 constituerent.
985 1064 1248 1106 Promovent
1287 1075 1330 1106 et
1371 1066 1583 1107 Samnites
1613 1068 1762 1124 signa;

329 1121 567 1176 insequitur
607 1122 719 1162 acies
760 1131 909 1162 ornata
948 1131 1209 1176 armataque,
1239 1122 1269 1147 ⁶⁷
1286 1130 1332 1162 ut
1374 1122 1559 1164 hostium
1590 1138 1762 1180 quoque

328 1178 609 1234 magnificum
633 1178 922 1234 spectaculum
947 1187 1071 1219 esset.
1131 1178 1383 1234 Priusquam
1408 1179 1568 1221 clamor
1598 1181 1763 1223 tollere-

114 1258 205 1296 1sque
224 1257 304 1286 ictus
331 1244 410 1286 tur,
444 1245 863 1290 concurrereturque,
894 1235 1048 1276 emisso
1090 1243 1247 1276 temere
1287 1236 1374 1290 pilo
1410 1236 1519 1278 ictus
1561 1237 1760 1292 pullarius

113 1301 177 1339 pno
192 1301 283 1330 cadit.
329 1302 429 1333 ante
449 1293 571 1348 signa
592 1292 763 1333 cecidit.
785 1292 900 1346 quod
922 1292 994 1332 ubi
1026 1291 1191 1333 consuli
1223 1293 1472 1334 nunciatum
1504 1303 1583 1343 est,
1606 1293 1686 1336 Dii
1716 1295 1762 1336 in

320 1348 470 1404 proelio
489 1356 594 1400 sunt,
617 1349 781 1403 inquit3
812 1348 930 1390 habet
955 1363 1117 1404 poenam
1138 1349 1299 1390 noxium
1319 1356 1453 1404 caput.
1511 1349 1627 1392 Ante
1658 1366 1761 1393 con-

329 1406 461 1448 sulem
485 1406 578 1447 haec
599 1406 811 1446 dicentem
842 1420 993 1447 corvus
1018 1420 1120 1446 voce
1142 1405 1253 1446 clara
1286 1406 1496 1448 obcinuit.
1518 1421 1604 1462 quo
1634 1408 1760 1450 laetus

328 1463 509 1518 augurio
530 1462 692 1513 consul,
714 1462 942 1503 adfirmans
974 1477 1202 1517 numquam
1238 1462 1434 1504 humanis
1466 1464 1590 1505 rebus
1622 1465 1762 1521 magis

328 1529 560 1575 praesentes
582 1518 824 1560 interfuisse
849 1519 979 1571 Deos,
1001 1520 1125 1577 signa
1149 1533 1313 1572 canere,
1335 1531 1378 1561 et
1409 1520 1637 1563 clamorem
1670 1522 1760 1565 tolli

323 1577 470 1633 jussit.

389 1632 516 1676 XLI.
547 1632 756 1674 Proelium
779 1633 1053 1674 commissum
1082 1640 1222 1684 atrox,
1244 1643 1431 1675 ceterum
1462 1634 1591 1689 longe
1620 1634 1763 1690 dispa-

329 1691 447 1731 ribus
478 1690 644 1730 animis.
706 1690 923 1731 Romanos
955 1691 1030 1740 ira,
1053 1704 1162 1745 spes,
1185 1691 1308 1731 ardor
1339 1692 1594 1742 certaminis,
1615 1692 1760 1732 avidos

328 1747 519 1788 hostium
552 1746 771 1802 sanguinis
795 1748 836 1787 in
870 1747 1068 1802 proelium
1101 1747 1238 1803 rapit:
1272 1748 1525 1788 Samnitium
1559 1761 1761 1804 magnam

330 1813 495 1859 partem
526 1804 754 1844 necessitas
786 1819 835 1844 ac
867 1803 1016 1859 religio
1048 1804 1204 1844 invitos
1240 1805 1374 1860 magis
1408 1805 1611 1854 resistere,
1632 1820 1760 1859 quam

331 1860 485 1901 inferre
508 1875 712 1916 pugnam,
734 1862 866 1915 cogit.
890 1875 968 1901 nec
991 1861 1286 1902 sustinuissent
1319 1862 1500 1917 primum
1534 1861 1759 1902 clamorem

330 1927 458 1971 atque
493 1919 683 1972 inpetum
720 1915 1030 1966 Romanorum,
1062 1932 1135 1972 per
1165 1918 1328 1972 aliquot
1358 1918 1450 1972 jam
1484 1932 1617 1959 annos
1649 1919 1762 1960 vinci

331 1974 509 2026 adsueti,
534 1974 575 2014 ni
600 1974 814 2030 potentior
835 1973 942 2015 alius
966 1983 1099 2015 metus
1123 1974 1307 2015 insidens
1338 1976 1584 2031 pectoribus
1606 1991 1630 2016 a
1659 1975 1770 2031 fuga.

843 2092 857 2112 ἢ
879 2087 1016 2118 alaribus
1032 2088 1127 2117 Gron.
1144 2087 1233 2117 Crev.

374 2179 415 2208 64
437 2178 619 2209 Cohortilms
635 2177 794 2217 alaribus]
814 2177 890 2207 Sive
902 2179 1026 2207 alariis.
1114 2179 1153 2208 65
1179 2179 1284 2218 Atque
1307 2179 1379 2208 inde
1394 2182 1479 2210 inter
1496 2202 1501 2208 .
1518 2202 1543 2208 ..
1561 2202 1568 2209 .
1586 2180 1764 2210 dimicatio-

330 2221 382 2250 Sic
400 2223 488 2251 enini
508 2221 632 2251 habent
650 2222 684 2251 et
702 2220 762 2250 hoc
781 2221 866 2257 loco,
885 2225 917 2250 et
941 2221 1027 2251 infra
1071 2220 1158 2260 nem]
1185 2222 1374 2260 Adjecimus
1391 2222 1543 2252 voculam
1562 2223 1646 2260 iude,
1663 2233 1762 2262 quam

330 2276 358 2293 c.
375 2267 428 2295 43.
450 2264 636 2304 complures
655 2265 782 2303 scripti,
801 2271 875 2293 tuni
900 2264 1028 2294 Grono-
1071 2265 1105 2294 in
1136 2265 1353 2295 Gronovianis
1381 2266 1583 2296 editionibus
1607 2267 1762 2297 omissam

329 2308 394 2344 vio,
412 2311 483 2337 turn
500 2308 591 2337 nobis
609 2308 747 2338 excussi.
794 2306 838 2337 Et
853 2317 938 2347 saepe
956 2309 1026 2337 ala·
1072 2307 1276 2347 Campanus.
1293 2309 1453 2345 Andreas,
1471 2313 1505 2339 et
1526 2310 1598 2340 aliae
1623 2314 1764 2340 vetustae

329 2353 393 2381 rios
404 2351 548 2390 appellat
560 2351 707 2381 Tacitus.
726 2350 906 2389 Utcunque
922 2349 1023 2389 legas,
1068 2351 1244 2389 editiones,
1276 2362 1350 2382 cum
1388 2352 1582 2391 quibusdam
1624 2351 1762 2383 Hearnii

331 2393 480 2433 intellige
496 2394 648 2423 cohortes
673 2393 821 2423 sociales.
865 2394 963 2424 Alam
991 2404 1024 2422 e-
1069 2394 1162 2424 MSS.
1179 2399 1213 2424 et
1228 2396 1382 2425 omuibus
1400 2396 1520 2425 nostris
1535 2402 1731 2435 agnoscunt.

330 2437 400 2466 nim
429 2438 558 2477 proprie
581 2444 615 2466 et
641 2438 770 2476 signate
797 2436 835 2466 (le
865 2437 960 2466 sociis
991 2437 1023 2467 in
1112 2438 1182 2469 66*
1198 2438 1231 2468 Iu
1248 2440 1452 2478 semetipsum
1476 2440 1663 2478 religionem
1680 2441 1760 2469 reci-

329 2481 475 2510 exercitu
492 2480 554 2510 (lici
571 2481 700 2519 egregie
719 2480 831 2519 probat
846 2479 990 2519 Lipsius,
1004 2480 1023 2510 l.
1063 2480 1127 2520 pit]
1155 2480 1375 2521 semetipsum
1391 2482 1516 2521 obligat
1540 2482 1677 2512 crimine
1693 2483 1760 2511 vio-

330 2521 374 2555 11.
390 2523 430 2553 de
456 2523 556 2553 Milit.
587 2523 681 2553 Rom.
701 2523 787 2554 Dial.
806 2526 835 2556 7.
863 2523 1018 2554 Ceterum
1066 2520 1139 2553 latae
1159 2524 1338 2563 religionis,
1356 2531 1389 2555 et
1406 2535 1504 2556 suum
1524 2530 1624 2565 caput
1649 2535 1753 2565 poeuae

328 2565 383 2595 hic
400 2566 511 2596 deesse
529 2567 657 2596 videtur
670 2573 749 2596 nota
765 2569 906 2596 numeri.
953 2566 1019 2596 Ne·
1064 2568 1208 2604 subjicit.

328 2619 391 2647 que
423 2610 510 2639 enim
543 2609 689 2648 profecto
723 2609 873 2639 cohortes
904 2619 1018 2640 omnes
1107 2611 1145 2644 67
1176 2610 1218 2644 Ut
1241 2612 1374 2641 hostium
1401 2610 1534 2651 quoque]
1563 2611 1611 2641 Ut
1627 2616 1757 2650 specta—

327 2651 444 2688 alares,
460 2652 493 2682 id
511 2656 572 2689 est,
590 2663 662 2692 pars
683 2652 779 2691 longe
797 2653 940 2683 maxima
964 2663 1018 2692 pe-
1064 2653 1175 2683 culum
1194 2653 1294 2692 illius,
1312 2655 1391 2684 licet
1411 2655 1552 2691 hostilis,
1579 2655 1674 2692 aciei,
1690 2655 1755 2686 Ro-

327 2694 437 2724 ‹litum
455 2696 632 2731 sociorum,
646 2697 756 2725 icrunt
772 2705 846 2725 cum
862 2699 916 2736 sp.
931 2697 1021 2726 Nau·
1066 2706 1240 2727 manorum
1274 2697 1386 2728 oculos
1417 2697 1665 2736 magnificentia
1695 2708 1755 2729 sua

325 2738 385 2767 tio.
412 2738 484 2768 vid.
504 2746 572 2768 not.
587 2740 625 2768 ad
646 2739 745 2770 XXV.
763 2740 817 2769 21.
832 2745 867 2769 et
882 2739 1021 2770 xxvu.
1066 2749 1181 2779 capere
1198 2745 1231 2771 et
1246 2740 1486 2781 quodammodo
1502 2740 1665 2772 delectare
1682 2751 1755 2782 pos-

331 2783 378 2811 lsl.
397 2781 450 2812 ubi
470 2781 509 2812 dc
526 2782 638 2813 sociali
655 2783 801 2813 exercitu
819 2782 923 2814 fusius
947 2792 1023 2823 age-
1065 2787 1125 2814 set.

327 2833 410 2854 mus.

1892 166 1911 195 ,μ’
1883 0 1912 163 ’.η-Ε*

1909 423 1912 431 ,
1899 339 1913 402 ...ma
1895 234 1912 328 «alu.
