<?xml version="1.0" encoding="UTF-8"?>
<!DOCTYPE html PUBLIC "-//W3C//DTD XHTML 1.0 Transitional//EN"
    "http://www.w3.org/TR/xhtml1/DTD/xhtml1-transitional.dtd">
<html xmlns="http://www.w3.org/1999/xhtml" xml:lang="en" lang="en">
 <head>
  <title>
</title>
<meta http-equiv="Content-Type" content="text/html;charset=utf-8" />
  <meta name='ocr-system' content='tesseract 3.04.00' />
  <meta name='ocr-capabilities' content='ocr_page ocr_carea ocr_par ocr_line ocrx_word'/>
</head>
<body>
  <div class='ocr_page' id='page_1' title='image "./historiarumaburb01livyuoft_0167.png"; bbox 0 0 1969 3239; ppageno 0'>
   <div class='ocr_carea' id='block_1_1' title="bbox 657 103 1640 146">
    <p class='ocr_par' dir='ltr' id='par_1_1' title="bbox 657 103 1640 146">
     <span class='ocr_line' id='line_1_1' title="bbox 657 103 1640 146; baseline -0.004 0"><span class='ocrx_word' id='word_1_1' title='bbox 657 106 784 146; x_wconf 85' lang='lat' dir='ltr'>LIB.</span> <span class='ocrx_word' id='word_1_2' title='bbox 811 104 883 144; x_wconf 86' lang='lat'>111.</span> <span class='ocrx_word' id='word_1_3' title='bbox 921 103 1048 142; x_wconf 83' lang='lat' dir='ltr'>CAP.</span> <span class='ocrx_word' id='word_1_4' title='bbox 1076 103 1149 143; x_wconf 85' lang='lat'>111.</span> <span class='ocrx_word' id='word_1_5' title='bbox 1229 108 1233 111; x_wconf 89' lang='grc'><em>“</em></span> <span class='ocrx_word' id='word_1_6' title='bbox 1566 107 1640 143; x_wconf 79' lang='grc'>155</span> 
     </span>
    </p>
   </div>
   <div class='ocr_carea' id='block_1_2' title="bbox 0 0 47 282">
    <p class='ocr_par' dir='ltr' id='par_1_2' title="bbox 0 0 47 282">
     <span class='ocr_line' id='line_1_2' title="bbox 0 0 47 282; baseline 0 2957"><span class='ocrx_word' id='word_1_7' title='bbox 0 0 47 282; x_wconf 95' lang='lat' dir='ltr'> </span> 
     </span>
    </p>
   </div>
   <div class='ocr_carea' id='block_1_3' title="bbox 199 201 1844 2718">
    <p class='ocr_par' dir='ltr' id='par_1_3' title="bbox 199 201 1844 374">
     <span class='ocr_line' id='line_1_3' title="bbox 201 201 1844 264; baseline -0.005 -12"><span class='ocrx_word' id='word_1_8' title='bbox 201 209 316 258; x_wconf 77' lang='lat' dir='ltr'>haud</span> <span class='ocrx_word' id='word_1_9' title='bbox 349 208 483 250; x_wconf 83' lang='lat' dir='ltr'>dubia</span> <span class='ocrx_word' id='word_1_10' title='bbox 516 221 591 264; x_wconf 84' lang='lat' dir='ltr'>spe</span> <span class='ocrx_word' id='word_1_11' title='bbox 622 206 855 263; x_wconf 83' lang='lat' dir='ltr'>profectus,</span> <span class='ocrx_word' id='word_1_12' title='bbox 879 203 1035 249; x_wconf 83' lang='lat' dir='ltr'>famam</span> <span class='ocrx_word' id='word_1_13' title='bbox 1074 201 1261 244; x_wconf 86' lang='lat' dir='ltr'>nominis</span> <span class='ocrx_word' id='word_1_14' title='bbox 1296 203 1359 244; x_wconf 84' lang='lat' dir='ltr'>sni</span> <span class='ocrx_word' id='word_1_15' title='bbox 1393 212 1643 259; x_wconf 83' lang='lat' dir='ltr'>pacaturam</span> <span class='ocrx_word' id='word_1_16' title='bbox 1656 216 1844 249; x_wconf 53' lang='lat' dir='ltr'>nezem</span> 
     </span>
     <span class='ocr_line' id='line_1_4' title="bbox 199 261 1840 323; baseline -0.004 -16"><span class='ocrx_word' id='word_1_17' title='bbox 199 267 383 323; x_wconf 80' lang='lat' dir='ltr'>AEquos,</span> <span class='ocrx_word' id='word_1_18' title='bbox 405 266 570 322; x_wconf 81' lang='lat' dir='ltr'>legatos</span> <span class='ocrx_word' id='word_1_19' title='bbox 603 265 644 305; x_wconf 91' lang='lat' dir='ltr'>in</span> <span class='ocrx_word' id='word_1_20' title='bbox 667 262 898 309; x_wconf 83' lang='lat' dir='ltr'>concilium</span> <span class='ocrx_word' id='word_1_21' title='bbox 925 261 1064 317; x_wconf 85' lang='lat' dir='ltr'>gentis</span> <span class='ocrx_word' id='word_1_22' title='bbox 1089 261 1242 301; x_wconf 86' lang='lat' dir='ltr'>missos</span> <span class='ocrx_word' id='word_1_23' title='bbox 1266 261 1470 301; x_wconf 80' lang='lat' dir='ltr'>nunciare</span> <span class='ocrx_word' id='word_1_24' title='bbox 1486 261 1840 319; x_wconf 77' lang='lat' dir='ltr'>jussit3A-C·46³-</span> 
     </span>
     <span class='ocr_line' id='line_1_5' title="bbox 205 316 1645 374; baseline -0.006 -9"><span class='ocrx_word' id='word_1_25' title='bbox 205 323 261 369; x_wconf 77' lang='lat' dir='ltr'>Q.</span> <span class='ocrx_word' id='word_1_26' title='bbox 283 322 456 364; x_wconf 74' lang='lat' dir='ltr'>Fabium</span> <span class='ocrx_word' id='word_1_27' title='bbox 487 321 685 363; x_wconf 81' lang='lat' dir='ltr'>consulem</span> <span class='ocrx_word' id='word_1_28' title='bbox 716 320 859 369; x_wconf 79' lang='lat' dir='ltr'><em>dicere,</em></span> <span class='ocrx_word' id='word_1_29' title='bbox 881 332 920 363; x_wconf 84' lang='lat' dir='ltr'>se</span> <span class='ocrx_word' id='word_1_30' title='bbox 949 333 995 359; x_wconf 67' lang='lat' dir='ltr'>ex</span> <span class='ocrx_word' id='word_1_31' title='bbox 1027 317 1177 374; x_wconf 69' lang='lat' dir='ltr'>AEquis</span> <span class='ocrx_word' id='word_1_32' title='bbox 1204 332 1345 372; x_wconf 78' lang='lat' dir='ltr'>pacem</span> <span class='ocrx_word' id='word_1_33' title='bbox 1369 316 1546 358; x_wconf 76' lang='lat' dir='ltr'>Romam</span> <span class='ocrx_word' id='word_1_34' title='bbox 1580 325 1645 360; x_wconf 75' lang='lat' dir='ltr'>tn-</span> 
     </span>
    </p>

    <p class='ocr_par' dir='ltr' id='par_1_4' title="bbox 201 374 1828 608">
     <span class='ocr_line' id='line_1_6' title="bbox 201 374 1828 433; baseline -0.005 -11"><span class='ocrx_word' id='word_1_35' title='bbox 201 381 303 431; x_wconf 69' lang='lat' dir='ltr'>lisso,</span> <span class='ocrx_word' id='word_1_36' title='bbox 326 380 374 421; x_wconf 80' lang='lat' dir='ltr'>ab</span> <span class='ocrx_word' id='word_1_37' title='bbox 406 379 543 420; x_wconf 80' lang='lat' dir='ltr'>Roma</span> <span class='ocrx_word' id='word_1_38' title='bbox 575 377 720 433; x_wconf 62' lang='lat' dir='ltr'>:Equis</span> <span class='ocrx_word' id='word_1_39' title='bbox 751 376 897 416; x_wconf 69' lang='lat' dir='ltr'>[ellum</span> <span class='ocrx_word' id='word_1_40' title='bbox 928 374 1263 432; x_wconf 65' lang='lat' dir='ltr'>c1dsbrre&#39;,eadem</span> <span class='ocrx_word' id='word_1_41' title='bbox 1294 374 1435 415; x_wconf 62' lang='grc' dir='ltr'><em>ἄρηι-α</em></span> <span class='ocrx_word' id='word_1_42' title='bbox 1469 382 1645 426; x_wconf 74' lang='lat' dir='ltr'>armata,</span> <span class='ocrx_word' id='word_1_43' title='bbox 1662 392 1828 429; x_wconf 74' lang='lat' dir='ltr'>AEqutcum</span> 
     </span>
     <span class='ocr_line' id='line_1_7' title="bbox 203 431 1791 494; baseline -0.008 -15"><span class='ocrx_word' id='word_1_44' title='bbox 203 452 325 494; x_wconf 78' lang='lat' dir='ltr'>quam</span> <span class='ocrx_word' id='word_1_45' title='bbox 341 443 531 493; x_wconf 78' lang='lat' dir='ltr'><em>pacatam</em></span> <span class='ocrx_word' id='word_1_46' title='bbox 551 435 643 476; x_wconf 70' lang='lat' dir='ltr'>illis·</span> <span class='ocrx_word' id='word_1_47' title='bbox 661 441 780 474; x_wconf 81' lang='lat' dir='ltr'>antea</span> <span class='ocrx_word' id='word_1_48' title='bbox 796 432 975 474; x_wconf 74' lang='lat' dir='ltr'>dederat.</span> <span class='ocrx_word' id='word_1_49' title='bbox 1000 446 1168 488; x_wconf 75' lang='lat' dir='ltr'>quor-um</span> <span class='ocrx_word' id='word_1_50' title='bbox 1191 431 1236 474; x_wconf 63' lang='lat' dir='ltr'>ist</span> <span class='ocrx_word' id='word_1_51' title='bbox 1254 431 1430 486; x_wconf 50' lang='lat' dir='ltr'>persidia</span> <span class='ocrx_word' id='word_1_52' title='bbox 1454 439 1491 472; x_wconf 83' lang='lat' dir='ltr'>et</span> <span class='ocrx_word' id='word_1_53' title='bbox 1506 433 1648 488; x_wconf 69' lang='lat' dir='ltr'>perju-</span> <span class='ocrx_word' id='word_1_54' title='bbox 1661 434 1791 466; x_wconf 79' lang='lat' dir='ltr'>benum.</span> 
     </span>
     <span class='ocr_line' id='line_1_8' title="bbox 202 489 1651 550; baseline -0.004 -14"><span class='ocrx_word' id='word_1_55' title='bbox 202 495 373 550; x_wconf 58' lang='lat' dir='ltr'>fiofiat,</span> <span class='ocrx_word' id='word_1_56' title='bbox 396 493 505 535; x_wconf 86' lang='lat' dir='ltr'><em>Deos</em></span> <span class='ocrx_word' id='word_1_57' title='bbox 526 506 629 537; x_wconf 78' lang='lat' dir='ltr'>nunc</span> <span class='ocrx_word' id='word_1_58' title='bbox 652 498 765 532; x_wconf 74' lang='lat' dir='ltr'>testes</span> <span class='ocrx_word' id='word_1_59' title='bbox 787 498 876 542; x_wconf 76' lang='lat' dir='ltr'>esse,</span> <span class='ocrx_word' id='word_1_60' title='bbox 897 489 1097 545; x_wconf 36' lang='lat' dir='ltr'>‘mox—sere</span> <span class='ocrx_word' id='word_1_61' title='bbox 1116 489 1279 531; x_wconf 76' lang='lat' dir='ltr'>ultores.</span> <span class='ocrx_word' id='word_1_62' title='bbox 1341 489 1394 529; x_wconf 70' lang='lat' dir='ltr'>Se</span> <span class='ocrx_word' id='word_1_63' title='bbox 1415 496 1563 539; x_wconf 76' lang='lat' dir='ltr'>tamen,</span> <span class='ocrx_word' id='word_1_64' title='bbox 1586 494 1651 530; x_wconf 81' lang='lat' dir='ltr'>ut-</span> 
     </span>
     <span class='ocr_line' id='line_1_9' title="bbox 203 546 1653 608; baseline -0.005 -15"><span class='ocrx_word' id='word_1_65' title='bbox 203 566 370 608; x_wconf 78' lang='lat' dir='ltr'>cumque</span> <span class='ocrx_word' id='word_1_66' title='bbox 388 551 455 602; x_wconf 83' lang='lat' dir='ltr'>sit,</span> <span class='ocrx_word' id='word_1_67' title='bbox 476 550 596 590; x_wconf 78' lang='lat' dir='ltr'>etiam</span> <span class='ocrx_word' id='word_1_68' title='bbox 619 563 740 599; x_wconf 74' lang='lat' dir='ltr'>mmo,</span> <span class='ocrx_word' id='word_1_69' title='bbox 760 548 951 603; x_wconf 60' lang='lat' dir='ltr'>paenitere</span> <span class='ocrx_word' id='word_1_70' title='bbox 972 562 1046 588; x_wconf 76' lang='lat' dir='ltr'>sua</span> <span class='ocrx_word' id='word_1_71' title='bbox 1068 553 1204 602; x_wconf 76' lang='lat' dir='ltr'>sponte</span> <span class='ocrx_word' id='word_1_72' title='bbox 1240 546 1414 601; x_wconf 72' lang='lat' dir='ltr'>AEquoS,</span> <span class='ocrx_word' id='word_1_73' title='bbox 1437 560 1559 602; x_wconf 80' lang='lat' dir='ltr'>quam</span> <span class='ocrx_word' id='word_1_74' title='bbox 1574 561 1653 600; x_wconf 81' lang='lat' dir='ltr'>pa-</span> 
     </span>
    </p>

    <p class='ocr_par' dir='ltr' id='par_1_5' title="bbox 205 603 1656 781">
     <span class='ocr_line' id='line_1_10' title="bbox 205 603 1654 660; baseline -0.005 -9"><span class='ocrx_word' id='word_1_75' title='bbox 205 609 240 653; x_wconf 74' lang='lat' dir='ltr'>ti</span> <span class='ocrx_word' id='word_1_76' title='bbox 271 608 446 658; x_wconf 77' lang='lat' dir='ltr'>hostilia,</span> <span class='ocrx_word' id='word_1_77' title='bbox 466 606 601 648; x_wconf 81' lang='lat' dir='ltr'>malle.</span> <span class='ocrx_word' id='word_1_78' title='bbox 663 604 711 646; x_wconf 76' lang='lat' dir='ltr'>Si</span> <span class='ocrx_word' id='word_1_79' title='bbox 737 605 946 660; x_wconf 80' lang='lat' dir='ltr'>poenz&#39;teat‚</span> <span class='ocrx_word' id='word_1_80' title='bbox 968 611 1098 645; x_wconf 76' lang='lat' dir='ltr'>tutum</span> <span class='ocrx_word' id='word_1_81' title='bbox 1132 611 1330 659; x_wconf 72' lang='lat' dir='ltr'>receptum</span> <span class='ocrx_word' id='word_1_82' title='bbox 1364 603 1420 643; x_wconf 79' lang='lat' dir='ltr'>ud</span> <span class='ocrx_word' id='word_1_83' title='bbox 1447 609 1654 658; x_wconf 60' lang='lat' dir='ltr'>expertam</span> 
     </span>
     <span class='ocr_line' id='line_1_11' title="bbox 206 660 1654 720; baseline -0.005 -13"><span class='ocrx_word' id='word_1_84' title='bbox 206 665 455 715; x_wconf 70' lang='lat' dir='ltr'>elementiam</span> <span class='ocrx_word' id='word_1_85' title='bbox 479 662 605 720; x_wconf 87' lang='lat' dir='ltr'>fore:</span> <span class='ocrx_word' id='word_1_86' title='bbox 632 663 707 703; x_wconf 57' lang='lat' dir='ltr'>sin</span> <span class='ocrx_word' id='word_1_87' title='bbox 744 662 928 718; x_wconf 58' lang='lat' dir='ltr'>perjurio</span> <span class='ocrx_word' id='word_1_88' title='bbox 963 661 1187 717; x_wconf 73' lang='lat' dir='ltr'>gaudeant,</span> <span class='ocrx_word' id='word_1_89' title='bbox 1227 660 1325 705; x_wconf 71' lang='lat' dir='ltr'>Diis</span> <span class='ocrx_word' id='word_1_90' title='bbox 1357 660 1487 717; x_wconf 64' lang='lat' dir='ltr'>tnagis</span> <span class='ocrx_word' id='word_1_91' title='bbox 1523 660 1654 711; x_wconf 78' lang='lat' dir='ltr'>iratis,</span> 
     </span>
     <span class='ocr_line' id='line_1_12' title="bbox 208 718 1656 781; baseline -0.004 -17"><span class='ocrx_word' id='word_1_92' title='bbox 208 735 330 781; x_wconf 74' lang='lat' dir='ltr'>quam</span> <span class='ocrx_word' id='word_1_93' title='bbox 351 719 538 772; x_wconf 77' lang='lat' dir='ltr'><em>hostibus,</em></span> <span class='ocrx_word' id='word_1_94' title='bbox 557 726 735 778; x_wconf 80' lang='lat' dir='ltr'>gesturos</span> <span class='ocrx_word' id='word_1_95' title='bbox 759 720 920 760; x_wconf 77' lang='lat' dir='ltr'>bellum.</span> <span class='ocrx_word' id='word_1_96' title='bbox 977 719 1087 760; x_wconf 79' lang='lat' dir='ltr'>Haec</span> <span class='ocrx_word' id='word_1_97' title='bbox 1107 720 1224 760; x_wconf 83' lang='lat' dir='ltr'>dicta</span> <span class='ocrx_word' id='word_1_98' title='bbox 1246 719 1352 759; x_wconf 81' lang='lat' dir='ltr'>adeo</span> <span class='ocrx_word' id='word_1_99' title='bbox 1378 718 1482 759; x_wconf 81' lang='lat' dir='ltr'>nihil</span> <span class='ocrx_word' id='word_1_100' title='bbox 1510 732 1656 758; x_wconf 87' lang='lat' dir='ltr'>move-</span> 
     </span>
    </p>

    <p class='ocr_par' dir='ltr' id='par_1_6' title="bbox 206 775 1658 834">
     <span class='ocr_line' id='line_1_13' title="bbox 206 775 1658 834; baseline -0.005 -11"><span class='ocrx_word' id='word_1_101' title='bbox 206 789 307 823; x_wconf 83' lang='lat' dir='ltr'>runt</span> <span class='ocrx_word' id='word_1_102' title='bbox 339 793 613 834; x_wconf 82' lang='lat' dir='ltr'><strong>quemquam,</strong></span> <span class='ocrx_word' id='word_1_103' title='bbox 637 787 683 818; x_wconf 87' lang='lat' dir='ltr'>ut</span> <span class='ocrx_word' id='word_1_104' title='bbox 714 777 842 832; x_wconf 81' lang='lat' dir='ltr'>legati</span> <span class='ocrx_word' id='word_1_105' title='bbox 877 791 1009 833; x_wconf 82' lang='lat' dir='ltr'>prope</span> <span class='ocrx_word' id='word_1_106' title='bbox 1047 776 1191 817; x_wconf 83' lang='lat' dir='ltr'>violati</span> <span class='ocrx_word' id='word_1_107' title='bbox 1228 775 1328 826; x_wconf 85' lang='lat' dir='ltr'>sint,</span> <span class='ocrx_word' id='word_1_108' title='bbox 1351 775 1658 830; x_wconf 82' lang='lat' dir='ltr'>exercitusque</span> 
     </span>
    </p>

    <p class='ocr_par' dir='ltr' id='par_1_7' title="bbox 207 832 1659 892">
     <span class='ocr_line' id='line_1_14' title="bbox 207 832 1659 892; baseline -0.003 -14"><span class='ocrx_word' id='word_1_109' title='bbox 207 838 250 886; x_wconf 82' lang='lat' dir='ltr'>in</span> <span class='ocrx_word' id='word_1_110' title='bbox 274 836 478 892; x_wconf 81' lang='lat' dir='ltr'><strong>Algidum</strong></span> <span class='ocrx_word' id='word_1_111' title='bbox 512 836 712 877; x_wconf 85' lang='lat' dir='ltr'>adversus</span> <span class='ocrx_word' id='word_1_112' title='bbox 749 834 970 875; x_wconf 81' lang='lat' dir='ltr'>Romanos</span> <span class='ocrx_word' id='word_1_113' title='bbox 1005 833 1172 874; x_wconf 86' lang='lat' dir='ltr'>missus.</span> <span class='ocrx_word' id='word_1_114' title='bbox 1235 833 1346 879; x_wconf 79' lang='lat' dir='ltr'>Quae</span> <span class='ocrx_word' id='word_1_115' title='bbox 1371 834 1442 877; x_wconf 87' lang='lat' dir='ltr'>ubi</span> <span class='ocrx_word' id='word_1_116' title='bbox 1472 832 1659 877; x_wconf 80' lang='lat' dir='ltr'>Romam</span> 
     </span>
    </p>

    <p class='ocr_par' dir='ltr' id='par_1_8' title="bbox 207 890 1658 993">
     <span class='ocr_line' id='line_1_15' title="bbox 207 890 1658 949; baseline -0.006 -12"><span class='ocrx_word' id='word_1_117' title='bbox 207 904 308 937; x_wconf 85' lang='lat' dir='ltr'>sunt</span> <span class='ocrx_word' id='word_1_118' title='bbox 340 894 558 943; x_wconf 83' lang='lat' dir='ltr'>nunciata,</span> <span class='ocrx_word' id='word_1_119' title='bbox 582 892 819 949; x_wconf 77' lang='lat' dir='ltr'>indignitas</span> <span class='ocrx_word' id='word_1_120' title='bbox 853 892 925 941; x_wconf 89' lang='lat' dir='ltr'>rei,</span> <span class='ocrx_word' id='word_1_121' title='bbox 951 891 1087 946; x_wconf 78' lang='lat' dir='ltr'>magis</span> <span class='ocrx_word' id='word_1_122' title='bbox 1119 904 1247 946; x_wconf 84' lang='lat' dir='ltr'>quam</span> <span class='ocrx_word' id='word_1_123' title='bbox 1276 890 1527 944; x_wconf 86' lang='lat' dir='ltr'>pericnlum,</span> <span class='ocrx_word' id='word_1_124' title='bbox 1553 903 1658 931; x_wconf 89' lang='lat' dir='ltr'>con-</span> 
     </span>
     <span class='ocr_line' id='line_1_16' title="bbox 207 947 1658 993; baseline -0.005 0"><span class='ocrx_word' id='word_1_125' title='bbox 207 952 342 993; x_wconf 79' lang='lat' dir='ltr'>sulem</span> <span class='ocrx_word' id='word_1_126' title='bbox 366 951 546 992; x_wconf 82' lang='lat' dir='ltr'>alterum</span> <span class='ocrx_word' id='word_1_127' title='bbox 570 952 623 991; x_wconf 83' lang='lat' dir='ltr'>ab</span> <span class='ocrx_word' id='word_1_128' title='bbox 650 951 751 991; x_wconf 86' lang='lat' dir='ltr'>urbe</span> <span class='ocrx_word' id='word_1_129' title='bbox 773 949 950 990; x_wconf 81' lang='lat' dir='ltr'>excivit.</span> <span class='ocrx_word' id='word_1_130' title='bbox 972 949 1032 989; x_wconf 79' lang='lat' dir='ltr'>ita</span> <span class='ocrx_word' id='word_1_131' title='bbox 1053 949 1138 988; x_wconf 90' lang='lat' dir='ltr'>duo</span> <span class='ocrx_word' id='word_1_132' title='bbox 1171 947 1416 987; x_wconf 83' lang='lat' dir='ltr'>consulares</span> <span class='ocrx_word' id='word_1_133' title='bbox 1440 947 1658 987; x_wconf 76' lang='lat' dir='ltr'>exercitus</span> 
     </span>
    </p>

    <p class='ocr_par' dir='ltr' id='par_1_9' title="bbox 208 1004 1656 1055">
     <span class='ocr_line' id='line_1_17' title="bbox 208 1004 1656 1055; baseline -0.005 -5"><span class='ocrx_word' id='word_1_134' title='bbox 208 1009 263 1051; x_wconf 82' lang='lat' dir='ltr'>ad</span> <span class='ocrx_word' id='word_1_135' title='bbox 283 1009 451 1050; x_wconf 82' lang='lat' dir='ltr'>hostem</span> <span class='ocrx_word' id='word_1_136' title='bbox 471 1022 686 1049; x_wconf 76' lang='lat' dir='ltr'>accessere</span> <span class='ocrx_word' id='word_1_137' title='bbox 709 1008 799 1048; x_wconf 80' lang='lat' dir='ltr'>acie</span> <span class='ocrx_word' id='word_1_138' title='bbox 823 1008 1043 1055; x_wconf 74' lang='lat' dir='ltr'>instructa,</span> <span class='ocrx_word' id='word_1_139' title='bbox 1065 1014 1111 1046; x_wconf 92' lang='lat' dir='ltr'>ut</span> <span class='ocrx_word' id='word_1_140' title='bbox 1133 1004 1364 1046; x_wconf 77' lang='lat' dir='ltr'>confestim</span> <span class='ocrx_word' id='word_1_141' title='bbox 1384 1005 1656 1045; x_wconf 79' lang='lat' dir='ltr'>dimicarent.</span> 
     </span>
    </p>

    <p class='ocr_par' dir='ltr' id='par_1_10' title="bbox 211 1061 1662 1174">
     <span class='ocr_line' id='line_1_18' title="bbox 211 1061 1661 1123; baseline -0.006 -14"><span class='ocrx_word' id='word_1_142' title='bbox 211 1066 294 1109; x_wconf 85' lang='lat' dir='ltr'>Sed</span> <span class='ocrx_word' id='word_1_143' title='bbox 317 1080 450 1123; x_wconf 87' lang='lat' dir='ltr'>quum</span> <span class='ocrx_word' id='word_1_144' title='bbox 485 1066 596 1106; x_wconf 80' lang='lat' dir='ltr'>forle</span> <span class='ocrx_word' id='word_1_145' title='bbox 619 1066 728 1106; x_wconf 82' lang='lat' dir='ltr'>haud</span> <span class='ocrx_word' id='word_1_146' title='bbox 764 1064 944 1105; x_wconf 85' lang='lat' dir='ltr'>multum</span> <span class='ocrx_word' id='word_1_147' title='bbox 969 1064 1053 1104; x_wconf 86' lang='lat' dir='ltr'>diei</span> <span class='ocrx_word' id='word_1_148' title='bbox 1079 1072 1336 1118; x_wconf 82' lang='lat' dir='ltr'>superesset,</span> <span class='ocrx_word' id='word_1_149' title='bbox 1360 1075 1469 1101; x_wconf 86' lang='lat' dir='ltr'>unus</span> <span class='ocrx_word' id='word_1_150' title='bbox 1496 1061 1550 1101; x_wconf 76' lang='lat' dir='ltr'>ab</span> <span class='ocrx_word' id='word_1_151' title='bbox 1572 1071 1661 1101; x_wconf 84' lang='lat' dir='ltr'>sta-</span> 
     </span>
     <span class='ocr_line' id='line_1_19' title="bbox 213 1117 1662 1174; baseline -0.005 -9"><span class='ocrx_word' id='word_1_152' title='bbox 213 1124 331 1165; x_wconf 80' lang='lat' dir='ltr'>tione</span> <span class='ocrx_word' id='word_1_153' title='bbox 354 1122 543 1164; x_wconf 78' lang='lat' dir='ltr'>hostium</span> <span class='ocrx_word' id='word_1_154' title='bbox 566 1122 805 1164; x_wconf 76' lang='lat' dir='ltr'>exclamat:</span> <span class='ocrx_word' id='word_1_155' title='bbox 842 1119 1054 1161; x_wconf 70' lang='lat' dir='ltr'>Ostentare</span> <span class='ocrx_word' id='word_1_156' title='bbox 1083 1119 1153 1160; x_wconf 73' lang='lat' dir='ltr'>lzoc</span> <span class='ocrx_word' id='word_1_157' title='bbox 1176 1126 1244 1170; x_wconf 83' lang='lat' dir='ltr'>est,</span> <span class='ocrx_word' id='word_1_158' title='bbox 1270 1117 1466 1169; x_wconf 70' lang='lat' dir='ltr'>Romani,</span> <span class='ocrx_word' id='word_1_159' title='bbox 1493 1132 1571 1158; x_wconf 77' lang='lat' dir='ltr'>mm</span> <span class='ocrx_word' id='word_1_160' title='bbox 1591 1132 1662 1174; x_wconf 80' lang='lat' dir='ltr'>ge-</span> 
     </span>
    </p>

    <p class='ocr_par' dir='ltr' id='par_1_11' title="bbox 212 1174 1662 1231">
     <span class='ocr_line' id='line_1_20' title="bbox 212 1174 1662 1231; baseline -0.007 -7"><span class='ocrx_word' id='word_1_161' title='bbox 212 1195 299 1224; x_wconf 75' lang='lat' dir='ltr'>rere</span> <span class='ocrx_word' id='word_1_162' title='bbox 331 1180 491 1222; x_wconf 75' lang='lat' dir='ltr'>bellum.</span> <span class='ocrx_word' id='word_1_163' title='bbox 524 1180 567 1221; x_wconf 80' lang='lat' dir='ltr'>in</span> <span class='ocrx_word' id='word_1_164' title='bbox 600 1187 751 1220; x_wconf 78' lang='lat' dir='ltr'>noctem</span> <span class='ocrx_word' id='word_1_165' title='bbox 781 1178 1037 1219; x_wconf 76' lang='lat' dir='ltr'>inminentem</span> <span class='ocrx_word' id='word_1_166' title='bbox 1071 1177 1195 1218; x_wconf 79' lang='lat' dir='ltr'>aciem</span> <span class='ocrx_word' id='word_1_167' title='bbox 1231 1176 1447 1217; x_wconf 73' lang='lat' dir='ltr'>instruitis.</span> <span class='ocrx_word' id='word_1_168' title='bbox 1483 1174 1662 1231; x_wconf 78' lang='lat' dir='ltr'>longiore</span> 
     </span>
    </p>

    <p class='ocr_par' dir='ltr' id='par_1_12' title="bbox 213 1231 1663 1347">
     <span class='ocr_line' id='line_1_21' title="bbox 213 1231 1663 1293; baseline -0.006 -13"><span class='ocrx_word' id='word_1_169' title='bbox 213 1237 300 1280; x_wconf 79' lang='lat' dir='ltr'>luce</span> <span class='ocrx_word' id='word_1_170' title='bbox 322 1237 378 1278; x_wconf 83' lang='lat' dir='ltr'>ad</span> <span class='ocrx_word' id='word_1_171' title='bbox 396 1236 441 1278; x_wconf 73' lang='lat' dir='ltr'>id</span> <span class='ocrx_word' id='word_1_172' title='bbox 469 1244 681 1286; x_wconf 78' lang='lat' dir='ltr'>certamen,</span> <span class='ocrx_word' id='word_1_173' title='bbox 704 1236 811 1293; x_wconf 76' lang='lat' dir='ltr'>quod</span> <span class='ocrx_word' id='word_1_174' title='bbox 839 1235 978 1286; x_wconf 79' lang='lat' dir='ltr'>instat,</span> <span class='ocrx_word' id='word_1_175' title='bbox 1002 1235 1111 1275; x_wconf 71' lang='lat' dir='ltr'>nohis</span> <span class='ocrx_word' id='word_1_176' title='bbox 1132 1248 1227 1290; x_wconf 79' lang='lat' dir='ltr'>opus</span> <span class='ocrx_word' id='word_1_177' title='bbox 1255 1240 1324 1275; x_wconf 77' lang='lat' dir='ltr'>est.</span> <span class='ocrx_word' id='word_1_178' title='bbox 1388 1231 1576 1273; x_wconf 79' lang='lat' dir='ltr'>Crastino</span> <span class='ocrx_word' id='word_1_179' title='bbox 1599 1231 1663 1272; x_wconf 69' lang='lat' dir='ltr'>die</span> 
     </span>
     <span class='ocr_line' id='line_1_22' title="bbox 216 1289 1663 1347; baseline -0.005 -11"><span class='ocrx_word' id='word_1_180' title='bbox 216 1295 365 1336; x_wconf 83' lang='lat' dir='ltr'>oriente</span> <span class='ocrx_word' id='word_1_181' title='bbox 396 1294 473 1335; x_wconf 85' lang='lat' dir='ltr'>sole</span> <span class='ocrx_word' id='word_1_182' title='bbox 506 1294 630 1337; x_wconf 75' lang='lat' dir='ltr'>redite</span> <span class='ocrx_word' id='word_1_183' title='bbox 662 1294 706 1334; x_wconf 74' lang='lat' dir='ltr'>in</span> <span class='ocrx_word' id='word_1_184' title='bbox 737 1294 887 1334; x_wconf 81' lang='lat' dir='ltr'>aciem:</span> <span class='ocrx_word' id='word_1_185' title='bbox 921 1293 997 1334; x_wconf 79' lang='lat' dir='ltr'>erit</span> <span class='ocrx_word' id='word_1_186' title='bbox 1030 1293 1144 1347; x_wconf 81' lang='lat' dir='ltr'>copia</span> <span class='ocrx_word' id='word_1_187' title='bbox 1172 1290 1407 1347; x_wconf 77' lang='lat' dir='ltr'>pugnandi,</span> <span class='ocrx_word' id='word_1_188' title='bbox 1438 1304 1485 1330; x_wconf 80' lang='lat' dir='ltr'>ne</span> <span class='ocrx_word' id='word_1_189' title='bbox 1516 1289 1663 1330; x_wconf 81' lang='lat' dir='ltr'>timete.</span> 
     </span>
    </p>

    <p class='ocr_par' dir='ltr' id='par_1_13' title="bbox 215 1348 1665 1520">
     <span class='ocr_line' id='line_1_23' title="bbox 218 1348 1665 1405; baseline -0.006 -11"><span class='ocrx_word' id='word_1_190' title='bbox 218 1351 303 1394; x_wconf 82' lang='lat' dir='ltr'>His</span> <span class='ocrx_word' id='word_1_191' title='bbox 337 1353 514 1394; x_wconf 87' lang='lat' dir='ltr'>vocibus</span> <span class='ocrx_word' id='word_1_192' title='bbox 546 1351 736 1392; x_wconf 80' lang='lat' dir='ltr'>irritatus</span> <span class='ocrx_word' id='word_1_193' title='bbox 769 1351 889 1391; x_wconf 87' lang='lat' dir='ltr'>miles</span> <span class='ocrx_word' id='word_1_194' title='bbox 923 1351 965 1390; x_wconf 88' lang='lat' dir='ltr'>in</span> <span class='ocrx_word' id='word_1_195' title='bbox 989 1349 1101 1390; x_wconf 89' lang='lat' dir='ltr'>diem</span> <span class='ocrx_word' id='word_1_196' title='bbox 1129 1359 1346 1405; x_wconf 88' lang='lat' dir='ltr'>posterum</span> <span class='ocrx_word' id='word_1_197' title='bbox 1373 1348 1413 1387; x_wconf 91' lang='lat' dir='ltr'>in</span> <span class='ocrx_word' id='word_1_198' title='bbox 1439 1356 1579 1387; x_wconf 79' lang='lat' dir='ltr'>castra</span> <span class='ocrx_word' id='word_1_199' title='bbox 1600 1360 1665 1386; x_wconf 84' lang='lat' dir='ltr'>re-</span> 
     </span>
     <span class='ocr_line' id='line_1_24' title="bbox 216 1408 1664 1465; baseline -0.004 -15"><span class='ocrx_word' id='word_1_200' title='bbox 216 1409 405 1460; x_wconf 83' lang='lat' dir='ltr'>ducitur,</span> <span class='ocrx_word' id='word_1_201' title='bbox 428 1409 628 1465; x_wconf 81' lang='lat' dir='ltr'>⁵longam</span> <span class='ocrx_word' id='word_1_202' title='bbox 664 1408 806 1448; x_wconf 88' lang='lat' dir='ltr'>venire</span> <span class='ocrx_word' id='word_1_203' title='bbox 838 1417 1009 1448; x_wconf 86' lang='lat' dir='ltr'>noctem</span> <span class='ocrx_word' id='word_1_204' title='bbox 1043 1415 1174 1456; x_wconf 82' lang='lat' dir='ltr'>ratus,</span> <span class='ocrx_word' id='word_1_205' title='bbox 1197 1420 1294 1460; x_wconf 79' lang='lat' dir='ltr'>quae</span> <span class='ocrx_word' id='word_1_206' title='bbox 1327 1419 1490 1445; x_wconf 83' lang='lat' dir='ltr'>moram</span> <span class='ocrx_word' id='word_1_207' title='bbox 1524 1413 1664 1445; x_wconf 84' lang='lat' dir='ltr'>certa·-</span> 
     </span>
     <span class='ocr_line' id='line_1_25' title="bbox 215 1465 1663 1520; baseline -0.004 -13"><span class='ocrx_word' id='word_1_208' title='bbox 215 1466 323 1508; x_wconf 85' lang='lat' dir='ltr'>mini</span> <span class='ocrx_word' id='word_1_209' title='bbox 351 1466 524 1507; x_wconf 82' lang='lat' dir='ltr'>faceret.</span> <span class='ocrx_word' id='word_1_210' title='bbox 575 1465 685 1506; x_wconf 80' lang='lat' dir='ltr'>Tum</span> <span class='ocrx_word' id='word_1_211' title='bbox 710 1465 882 1520; x_wconf 86' lang='lat' dir='ltr'>quidem</span> <span class='ocrx_word' id='word_1_212' title='bbox 907 1478 1090 1519; x_wconf 83' lang='lat' dir='ltr'>corpora</span> <span class='ocrx_word' id='word_1_213' title='bbox 1111 1465 1211 1504; x_wconf 91' lang='lat' dir='ltr'>cibo</span> <span class='ocrx_word' id='word_1_214' title='bbox 1232 1476 1470 1517; x_wconf 82' lang='lat' dir='ltr'>somnoque</span> <span class='ocrx_word' id='word_1_215' title='bbox 1495 1469 1663 1504; x_wconf 77' lang='lat' dir='ltr'>curant.</span> 
     </span>
    </p>

    <p class='ocr_par' dir='ltr' id='par_1_14' title="bbox 217 1518 1667 1807">
     <span class='ocr_line' id='line_1_26' title="bbox 217 1518 1665 1578; baseline -0.003 -14"><span class='ocrx_word' id='word_1_216' title='bbox 217 1523 294 1568; x_wconf 80' lang='lat' dir='ltr'>ubi</span> <span class='ocrx_word' id='word_1_217' title='bbox 327 1523 485 1564; x_wconf 82' lang='lat' dir='ltr'>inluxit</span> <span class='ocrx_word' id='word_1_218' title='bbox 521 1530 690 1578; x_wconf 86' lang='lat' dir='ltr'>postero</span> <span class='ocrx_word' id='word_1_219' title='bbox 724 1522 807 1573; x_wconf 90' lang='lat' dir='ltr'>die,</span> <span class='ocrx_word' id='word_1_220' title='bbox 832 1522 947 1578; x_wconf 86' lang='lat' dir='ltr'>prior</span> <span class='ocrx_word' id='word_1_221' title='bbox 980 1521 1200 1575; x_wconf 79' lang='lat' dir='ltr'>aliquanto</span> <span class='ocrx_word' id='word_1_222' title='bbox 1236 1520 1434 1560; x_wconf 81' lang='lat' dir='ltr'>constitit</span> <span class='ocrx_word' id='word_1_223' title='bbox 1469 1518 1665 1560; x_wconf 79' lang='lat' dir='ltr'>Romana</span> 
     </span>
     <span class='ocr_line' id='line_1_27' title="bbox 218 1577 1666 1634; baseline -0.004 -13"><span class='ocrx_word' id='word_1_224' title='bbox 218 1581 359 1631; x_wconf 80' lang='lat' dir='ltr'>acies3</span> <span class='ocrx_word' id='word_1_225' title='bbox 391 1581 562 1621; x_wconf 84' lang='lat' dir='ltr'>tandem</span> <span class='ocrx_word' id='word_1_226' title='bbox 584 1590 628 1621; x_wconf 82' lang='lat' dir='ltr'>et</span> <span class='ocrx_word' id='word_1_227' title='bbox 650 1579 779 1634; x_wconf 82' lang='lat' dir='ltr'>AEqui</span> <span class='ocrx_word' id='word_1_228' title='bbox 807 1593 1063 1633; x_wconf 73' lang='lat' dir='ltr'>processere.</span> <span class='ocrx_word' id='word_1_229' title='bbox 1115 1577 1328 1618; x_wconf 84' lang='lat' dir='ltr'>Proelium</span> <span class='ocrx_word' id='word_1_230' title='bbox 1347 1577 1427 1617; x_wconf 80' lang='lat' dir='ltr'>fuit</span> <span class='ocrx_word' id='word_1_231' title='bbox 1449 1577 1666 1630; x_wconf 76' lang='lat' dir='ltr'>utrimque</span> 
     </span>
     <span class='ocr_line' id='line_1_28' title="bbox 221 1634 1665 1692; baseline -0.003 -14"><span class='ocrx_word' id='word_1_232' title='bbox 221 1638 479 1690; x_wconf 75' lang='lat' dir='ltr'>vehemens;</span> <span class='ocrx_word' id='word_1_233' title='bbox 531 1637 645 1692; x_wconf 89' lang='lat' dir='ltr'>quod</span> <span class='ocrx_word' id='word_1_234' title='bbox 691 1646 734 1677; x_wconf 88' lang='lat' dir='ltr'>et</span> <span class='ocrx_word' id='word_1_235' title='bbox 770 1636 993 1677; x_wconf 82' lang='lat' dir='ltr'>Romanus</span> <span class='ocrx_word' id='word_1_236' title='bbox 1029 1637 1090 1676; x_wconf 84' lang='lat' dir='ltr'>ira</span> <span class='ocrx_word' id='word_1_237' title='bbox 1122 1635 1309 1689; x_wconf 85' lang='lat' dir='ltr'>odioque</span> <span class='ocrx_word' id='word_1_238' title='bbox 1351 1634 1586 1690; x_wconf 79' lang='lat' dir='ltr'>pugnabat,</span> <span class='ocrx_word' id='word_1_239' title='bbox 1622 1642 1665 1673; x_wconf 88' lang='lat' dir='ltr'>et</span> 
     </span>
     <span class='ocr_line' id='line_1_29' title="bbox 221 1691 1664 1750; baseline -0.004 -14"><span class='ocrx_word' id='word_1_240' title='bbox 221 1694 389 1750; x_wconf 81' lang='lat' dir='ltr'>AEquos</span> <span class='ocrx_word' id='word_1_241' title='bbox 420 1694 687 1736; x_wconf 86' lang='lat' dir='ltr'>conscientia</span> <span class='ocrx_word' id='word_1_242' title='bbox 717 1694 928 1734; x_wconf 84' lang='lat' dir='ltr'>contracti</span> <span class='ocrx_word' id='word_1_243' title='bbox 961 1693 1087 1749; x_wconf 86' lang='lat' dir='ltr'>culpa</span> <span class='ocrx_word' id='word_1_244' title='bbox 1120 1692 1312 1748; x_wconf 87' lang='lat' dir='ltr'>periculi,</span> <span class='ocrx_word' id='word_1_245' title='bbox 1344 1701 1386 1732; x_wconf 87' lang='lat' dir='ltr'>et</span> <span class='ocrx_word' id='word_1_246' title='bbox 1418 1691 1664 1745; x_wconf 81' lang='lat' dir='ltr'>desperatio</span> 
     </span>
     <span class='ocr_line' id='line_1_30' title="bbox 223 1749 1667 1807; baseline -0.004 -14"><span class='ocrx_word' id='word_1_247' title='bbox 223 1753 381 1793; x_wconf 83' lang='lat' dir='ltr'>suturae</span> <span class='ocrx_word' id='word_1_248' title='bbox 405 1753 485 1793; x_wconf 88' lang='lat' dir='ltr'>sibi</span> <span class='ocrx_word' id='word_1_249' title='bbox 511 1761 658 1807; x_wconf 85' lang='lat' dir='ltr'>postea</span> <span class='ocrx_word' id='word_1_250' title='bbox 689 1751 804 1802; x_wconf 84' lang='lat' dir='ltr'>fidei,</span> <span class='ocrx_word' id='word_1_251' title='bbox 828 1751 977 1791; x_wconf 83' lang='lat' dir='ltr'>ultima</span> <span class='ocrx_word' id='word_1_252' title='bbox 1008 1751 1161 1791; x_wconf 83' lang='lat' dir='ltr'>audere</span> <span class='ocrx_word' id='word_1_253' title='bbox 1183 1759 1226 1790; x_wconf 88' lang='lat' dir='ltr'>et</span> <span class='ocrx_word' id='word_1_254' title='bbox 1248 1749 1434 1804; x_wconf 70' lang='lat' dir='ltr'>experiri</span> <span class='ocrx_word' id='word_1_255' title='bbox 1465 1749 1667 1804; x_wconf 79' lang='lat' dir='ltr'>cogebat.</span> 
     </span>
    </p>

    <p class='ocr_par' dir='ltr' id='par_1_15' title="bbox 225 1805 1668 2037">
     <span class='ocr_line' id='line_1_31' title="bbox 225 1805 1668 1861; baseline -0.004 -11"><span class='ocrx_word' id='word_1_256' title='bbox 225 1809 329 1851; x_wconf 92' lang='lat' dir='ltr'>Non</span> <span class='ocrx_word' id='word_1_257' title='bbox 374 1818 516 1850; x_wconf 83' lang='lat' dir='ltr'>tamen</span> <span class='ocrx_word' id='word_1_258' title='bbox 551 1809 789 1850; x_wconf 81' lang='lat' dir='ltr'>sustinuere</span> <span class='ocrx_word' id='word_1_259' title='bbox 821 1809 956 1848; x_wconf 82' lang='lat' dir='ltr'>aciem</span> <span class='ocrx_word' id='word_1_260' title='bbox 995 1807 1233 1847; x_wconf 79' lang='lat' dir='ltr'>Romanam</span> <span class='ocrx_word' id='word_1_261' title='bbox 1270 1806 1427 1861; x_wconf 84' lang='lat' dir='ltr'>AEqui:</span> <span class='ocrx_word' id='word_1_262' title='bbox 1473 1805 1668 1860; x_wconf 87' lang='lat' dir='ltr'>pulsique</span> 
     </span>
     <span class='ocr_line' id='line_1_32' title="bbox 225 1861 1668 1923; baseline -0.004 -16"><span class='ocrx_word' id='word_1_263' title='bbox 225 1881 358 1923; x_wconf 89' lang='lat' dir='ltr'>quum</span> <span class='ocrx_word' id='word_1_264' title='bbox 391 1867 433 1907; x_wconf 88' lang='lat' dir='ltr'>in</span> <span class='ocrx_word' id='word_1_265' title='bbox 467 1866 571 1906; x_wconf 85' lang='lat' dir='ltr'>fines</span> <span class='ocrx_word' id='word_1_266' title='bbox 595 1880 692 1906; x_wconf 89' lang='lat' dir='ltr'>suos</span> <span class='ocrx_word' id='word_1_267' title='bbox 718 1880 762 1911; x_wconf 86' lang='lat' dir='ltr'>se</span> <span class='ocrx_word' id='word_1_268' title='bbox 784 1866 1059 1921; x_wconf 78' lang='lat' dir='ltr'>recepissent,</span> <span class='ocrx_word' id='word_1_269' title='bbox 1084 1865 1217 1905; x_wconf 79' lang='lat' dir='ltr'>nihilo</span> <span class='ocrx_word' id='word_1_270' title='bbox 1248 1863 1592 1904; x_wconf 81' lang='lat' dir='ltr'>inclinatioribus</span> <span class='ocrx_word' id='word_1_271' title='bbox 1614 1861 1668 1902; x_wconf 78' lang='lat' dir='ltr'>ad</span> 
     </span>
     <span class='ocr_line' id='line_1_33' title="bbox 225 1918 1667 1980; baseline -0.005 -15"><span class='ocrx_word' id='word_1_272' title='bbox 225 1939 377 1980; x_wconf 86' lang='lat' dir='ltr'>pacem</span> <span class='ocrx_word' id='word_1_273' title='bbox 417 1923 571 1964; x_wconf 80' lang='lat' dir='ltr'>animis</span> <span class='ocrx_word' id='word_1_274' title='bbox 609 1923 730 1963; x_wconf 82' lang='lat' dir='ltr'>ferox</span> <span class='ocrx_word' id='word_1_275' title='bbox 771 1923 1003 1963; x_wconf 85' lang='lat' dir='ltr'>multitudo</span> <span class='ocrx_word' id='word_1_276' title='bbox 1039 1922 1256 1977; x_wconf 79' lang='lat' dir='ltr'>increpare</span> <span class='ocrx_word' id='word_1_277' title='bbox 1289 1920 1433 1970; x_wconf 88' lang='lat' dir='ltr'>duces,</span> <span class='ocrx_word' id='word_1_278' title='bbox 1470 1919 1585 1974; x_wconf 88' lang='lat' dir='ltr'>quod</span> <span class='ocrx_word' id='word_1_279' title='bbox 1625 1918 1667 1958; x_wconf 90' lang='lat' dir='ltr'>in</span> 
     </span>
     <span class='ocr_line' id='line_1_34' title="bbox 229 1977 1667 2037; baseline -0.005 -15"><span class='ocrx_word' id='word_1_280' title='bbox 229 1981 380 2032; x_wconf 85' lang='lat' dir='ltr'>aciem,</span> <span class='ocrx_word' id='word_1_281' title='bbox 402 1995 487 2036; x_wconf 86' lang='lat' dir='ltr'>qua</span> <span class='ocrx_word' id='word_1_282' title='bbox 511 1980 731 2037; x_wconf 83' lang='lat' dir='ltr'>pugnandi</span> <span class='ocrx_word' id='word_1_283' title='bbox 755 1990 844 2020; x_wconf 80' lang='lat' dir='ltr'>arte</span> <span class='ocrx_word' id='word_1_284' title='bbox 876 1979 1098 2020; x_wconf 85' lang='lat' dir='ltr'>Romanus</span> <span class='ocrx_word' id='word_1_285' title='bbox 1131 1977 1326 2027; x_wconf 77' lang='lat' dir='ltr'>excellat,</span> <span class='ocrx_word' id='word_1_286' title='bbox 1349 1977 1581 2017; x_wconf 86' lang='lat' dir='ltr'>commissa</span> <span class='ocrx_word' id='word_1_287' title='bbox 1603 1989 1667 2016; x_wconf 88' lang='lat' dir='ltr'>res</span> 
     </span>
    </p>

    <p class='ocr_par' dir='ltr' id='par_1_16' title="bbox 231 2033 1668 2093">
     <span class='ocr_line' id='line_1_35' title="bbox 231 2033 1668 2093; baseline -0.004 -15"><span class='ocrx_word' id='word_1_288' title='bbox 231 2038 300 2079; x_wconf 89' lang='lat' dir='ltr'>sit.</span> <span class='ocrx_word' id='word_1_289' title='bbox 356 2037 520 2093; x_wconf 81' lang='lat' dir='ltr'>AEquos</span> <span class='ocrx_word' id='word_1_290' title='bbox 544 2037 895 2093; x_wconf 76' lang='lat' dir='ltr'>populationibus</span> <span class='ocrx_word' id='word_1_291' title='bbox 915 2036 1317 2090; x_wconf 85' lang='lat' dir='ltr'>incursionibusque</span> <span class='ocrx_word' id='word_1_292' title='bbox 1339 2033 1532 2074; x_wconf 87' lang='lat' dir='ltr'>meliores</span> <span class='ocrx_word' id='word_1_293' title='bbox 1555 2046 1668 2083; x_wconf 88' lang='lat' dir='ltr'>esse;</span> 
     </span>
    </p>

    <p class='ocr_par' dir='ltr' id='par_1_17' title="bbox 230 2091 1670 2206">
     <span class='ocr_line' id='line_1_36' title="bbox 230 2091 1670 2150; baseline -0.004 -14"><span class='ocrx_word' id='word_1_294' title='bbox 230 2104 274 2136; x_wconf 85' lang='lat' dir='ltr'>et</span> <span class='ocrx_word' id='word_1_295' title='bbox 295 2095 449 2136; x_wconf 85' lang='lat' dir='ltr'>multas</span> <span class='ocrx_word' id='word_1_296' title='bbox 474 2095 629 2150; x_wconf 85' lang='lat' dir='ltr'>passim</span> <span class='ocrx_word' id='word_1_297' title='bbox 655 2109 818 2144; x_wconf 81' lang='lat' dir='ltr'>manus,</span> <span class='ocrx_word' id='word_1_298' title='bbox 842 2108 969 2150; x_wconf 84' lang='lat' dir='ltr'>quam</span> <span class='ocrx_word' id='word_1_299' title='bbox 997 2108 1196 2149; x_wconf 78' lang='lat' dir='ltr'>magnam</span> <span class='ocrx_word' id='word_1_300' title='bbox 1218 2091 1374 2132; x_wconf 85' lang='lat' dir='ltr'>molem</span> <span class='ocrx_word' id='word_1_301' title='bbox 1401 2091 1524 2131; x_wconf 87' lang='lat' dir='ltr'>unius</span> <span class='ocrx_word' id='word_1_302' title='bbox 1548 2103 1670 2130; x_wconf 78' lang='lat' dir='ltr'>exer-</span> 
     </span>
     <span class='ocr_line' id='line_1_37' title="bbox 234 2152 854 2206; baseline -0.003 -13"><span class='ocrx_word' id='word_1_303' title='bbox 234 2152 361 2201; x_wconf 88' lang='lat' dir='ltr'>citus,</span> <span class='ocrx_word' id='word_1_304' title='bbox 384 2152 540 2192; x_wconf 87' lang='lat' dir='ltr'>rectius</span> <span class='ocrx_word' id='word_1_305' title='bbox 566 2152 672 2192; x_wconf 81' lang='lat' dir='ltr'>bella</span> <span class='ocrx_word' id='word_1_306' title='bbox 695 2166 854 2206; x_wconf 81' lang='lat' dir='ltr'>gerere.</span> 
     </span>
    </p>

    <p class='ocr_par' dir='ltr' id='par_1_18' title="bbox 233 2205 1675 2718">
     <span class='ocr_line' id='line_1_38' title="bbox 290 2205 1666 2264; baseline -0.004 -15"><span class='ocrx_word' id='word_1_307' title='bbox 290 2207 378 2249; x_wconf 86' lang='grc' dir='ltr'>ΙΙΙ.</span> <span class='ocrx_word' id='word_1_308' title='bbox 415 2208 582 2248; x_wconf 80' lang='lat' dir='ltr'>Relicto</span> <span class='ocrx_word' id='word_1_309' title='bbox 616 2210 760 2263; x_wconf 80' lang='lat' dir='ltr'>isaque</span> <span class='ocrx_word' id='word_1_310' title='bbox 793 2208 942 2249; x_wconf 79' lang='lat' dir='ltr'>castris</span> <span class='ocrx_word' id='word_1_311' title='bbox 977 2206 1194 2264; x_wconf 72' lang='lat' dir='ltr'>praesidio,</span> <span class='ocrx_word' id='word_1_312' title='bbox 1221 2205 1380 2262; x_wconf 78' lang='lat' dir='ltr'>egressi</span> <span class='ocrx_word' id='word_1_313' title='bbox 1417 2213 1538 2245; x_wconf 81' lang='lat' dir='ltr'>tanto</span> <span class='ocrx_word' id='word_1_314' title='bbox 1571 2217 1666 2244; x_wconf 90' lang='lat' dir='ltr'>cum</span> 
     </span>
     <span class='ocr_line' id='line_1_39' title="bbox 233 2264 1670 2317; baseline -0.005 -11"><span class='ocrx_word' id='word_1_315' title='bbox 233 2265 420 2306; x_wconf 84' lang='lat' dir='ltr'>tumultu</span> <span class='ocrx_word' id='word_1_316' title='bbox 453 2265 644 2306; x_wconf 82' lang='lat' dir='ltr'>invasere</span> <span class='ocrx_word' id='word_1_317' title='bbox 669 2266 773 2306; x_wconf 88' lang='lat' dir='ltr'>fines</span> <span class='ocrx_word' id='word_1_318' title='bbox 807 2266 1044 2315; x_wconf 79' lang='lat' dir='ltr'>Romanos,</span> <span class='ocrx_word' id='word_1_319' title='bbox 1067 2275 1112 2304; x_wconf 87' lang='lat' dir='ltr'>ut</span> <span class='ocrx_word' id='word_1_320' title='bbox 1135 2264 1187 2304; x_wconf 82' lang='lat' dir='ltr'>ad</span> <span class='ocrx_word' id='word_1_321' title='bbox 1222 2265 1366 2304; x_wconf 80' lang='lat' dir='ltr'>urbem</span> <span class='ocrx_word' id='word_1_322' title='bbox 1393 2275 1564 2317; x_wconf 84' lang='lat' dir='ltr'>quoque</span> <span class='ocrx_word' id='word_1_323' title='bbox 1588 2270 1670 2300; x_wconf 90' lang='lat' dir='ltr'>ter-</span> 
     </span>
     <span class='ocr_line' id='line_1_40' title="bbox 233 2318 1669 2378; baseline -0.005 -15"><span class='ocrx_word' id='word_1_324' title='bbox 233 2337 372 2375; x_wconf 71' lang='lat' dir='ltr'>rorem</span> <span class='ocrx_word' id='word_1_325' title='bbox 399 2321 666 2378; x_wconf 89' lang='lat' dir='ltr'>pertulerint.</span> <span class='ocrx_word' id='word_1_326' title='bbox 688 2323 946 2378; x_wconf 78' lang='lat' dir='ltr'>necopinata</span> <span class='ocrx_word' id='word_1_327' title='bbox 975 2323 1104 2363; x_wconf 87' lang='lat' dir='ltr'>etiam</span> <span class='ocrx_word' id='word_1_328' title='bbox 1143 2335 1204 2361; x_wconf 83' lang='lat' dir='ltr'>res</span> <span class='ocrx_word' id='word_1_329' title='bbox 1242 2321 1334 2376; x_wconf 86' lang='lat' dir='ltr'>plns</span> <span class='ocrx_word' id='word_1_330' title='bbox 1368 2318 1669 2375; x_wconf 76' lang='lat' dir='ltr'>trepidationis</span> 
     </span>
     <span class='ocr_line' id='line_1_41' title="bbox 236 2374 1670 2435; baseline -0.005 -15"><span class='ocrx_word' id='word_1_331' title='bbox 236 2379 354 2430; x_wconf 82' lang='lat' dir='ltr'>fecit,</span> <span class='ocrx_word' id='word_1_332' title='bbox 377 2379 488 2435; x_wconf 89' lang='lat' dir='ltr'>quod</span> <span class='ocrx_word' id='word_1_333' title='bbox 521 2378 628 2433; x_wconf 84' lang='lat' dir='ltr'>nihil</span> <span class='ocrx_word' id='word_1_334' title='bbox 661 2380 815 2430; x_wconf 78' lang='lat' dir='ltr'>minus,</span> <span class='ocrx_word' id='word_1_335' title='bbox 837 2394 963 2434; x_wconf 80' lang='lat' dir='ltr'>quam</span> <span class='ocrx_word' id='word_1_336' title='bbox 987 2393 1041 2419; x_wconf 91' lang='lat' dir='ltr'>ne</span> <span class='ocrx_word' id='word_1_337' title='bbox 1063 2379 1202 2419; x_wconf 79' lang='lat' dir='ltr'>victus</span> <span class='ocrx_word' id='word_1_338' title='bbox 1226 2392 1275 2418; x_wconf 80' lang='lat' dir='ltr'>ac</span> <span class='ocrx_word' id='word_1_339' title='bbox 1300 2391 1431 2432; x_wconf 86' lang='lat' dir='ltr'>prope</span> <span class='ocrx_word' id='word_1_340' title='bbox 1455 2378 1496 2416; x_wconf 91' lang='lat' dir='ltr'>in</span> <span class='ocrx_word' id='word_1_341' title='bbox 1521 2374 1670 2415; x_wconf 83' lang='lat' dir='ltr'>castris</span> 
     </span>
     <span class='ocr_line' id='line_1_42' title="bbox 236 2432 1673 2491; baseline -0.005 -13"><span class='ocrx_word' id='word_1_342' title='bbox 236 2439 433 2478; x_wconf 83' lang='lat' dir='ltr'>obsessus</span> <span class='ocrx_word' id='word_1_343' title='bbox 466 2436 602 2476; x_wconf 72' lang='lat' dir='ltr'>hostis</span> <span class='ocrx_word' id='word_1_344' title='bbox 636 2450 799 2476; x_wconf 84' lang='lat' dir='ltr'>memor</span> <span class='ocrx_word' id='word_1_345' title='bbox 833 2436 1123 2491; x_wconf 77' lang='lat' dir='ltr'>populationis</span> <span class='ocrx_word' id='word_1_346' title='bbox 1158 2445 1282 2484; x_wconf 85' lang='lat' dir='ltr'>esset,</span> <span class='ocrx_word' id='word_1_347' title='bbox 1309 2432 1446 2474; x_wconf 75' lang='lat' dir='ltr'>timeri</span> <span class='ocrx_word' id='word_1_348' title='bbox 1481 2440 1673 2488; x_wconf 82' lang='lat' dir='ltr'>poterat;</span> 
     </span>
     <span class='ocr_line' id='line_1_43' title="bbox 236 2485 1675 2550; baseline -0.005 -15"><span class='ocrx_word' id='word_1_349' title='bbox 236 2503 524 2550; x_wconf 83' lang='lat' dir='ltr'>agrestesque,</span> <span class='ocrx_word' id='word_1_350' title='bbox 548 2493 688 2548; x_wconf 84' lang='lat' dir='ltr'>pavidi</span> <span class='ocrx_word' id='word_1_351' title='bbox 708 2493 944 2533; x_wconf 84' lang='lat' dir='ltr'>incidentes</span> <span class='ocrx_word' id='word_1_352' title='bbox 965 2493 1113 2548; x_wconf 86' lang='lat' dir='ltr'>portis,</span> <span class='ocrx_word' id='word_1_353' title='bbox 1131 2507 1216 2532; x_wconf 88' lang='lat' dir='ltr'>non</span> <span class='ocrx_word' id='word_1_354' title='bbox 1235 2485 1582 2546; x_wconf 66' lang='lat' dir='ltr'>populationem,</span> <span class='ocrx_word' id='word_1_355' title='bbox 1596 2502 1675 2528; x_wconf 85' lang='lat' dir='ltr'>nec</span> 
     </span>
     <span class='ocr_line' id='line_1_44' title="bbox 237 2546 1674 2608; baseline -0.006 -15"><span class='ocrx_word' id='word_1_356' title='bbox 237 2551 489 2608; x_wconf 76' lang='lat' dir='ltr'>praedonum</span> <span class='ocrx_word' id='word_1_357' title='bbox 515 2565 663 2605; x_wconf 81' lang='lat' dir='ltr'>parvas</span> <span class='ocrx_word' id='word_1_358' title='bbox 687 2564 851 2599; x_wconf 83' lang='lat' dir='ltr'>manus,</span> <span class='ocrx_word' id='word_1_359' title='bbox 871 2550 957 2599; x_wconf 86' lang='lat' dir='ltr'>sed,</span> <span class='ocrx_word' id='word_1_360' title='bbox 978 2550 1123 2589; x_wconf 82' lang='lat' dir='ltr'>omnia</span> <span class='ocrx_word' id='word_1_361' title='bbox 1143 2564 1253 2588; x_wconf 66' lang='lat' dir='ltr'>vano</span> <span class='ocrx_word' id='word_1_362' title='bbox 1277 2558 1482 2603; x_wconf 76' lang='lat' dir='ltr'>augentes</span> <span class='ocrx_word' id='word_1_363' title='bbox 1507 2546 1674 2595; x_wconf 87' lang='lat' dir='ltr'>timore,</span> 
     </span>
     <span class='ocr_line' id='line_1_45' title="bbox 239 2604 1674 2663; baseline -0.005 -14"><span class='ocrx_word' id='word_1_364' title='bbox 239 2608 454 2650; x_wconf 77' lang='lat' dir='ltr'>exercitus</span> <span class='ocrx_word' id='word_1_365' title='bbox 477 2618 520 2648; x_wconf 88' lang='lat' dir='ltr'>et</span> <span class='ocrx_word' id='word_1_366' title='bbox 542 2607 731 2663; x_wconf 82' lang='lat' dir='ltr'>legiones</span> <span class='ocrx_word' id='word_1_367' title='bbox 750 2607 895 2647; x_wconf 79' lang='lat' dir='ltr'>adesse</span> <span class='ocrx_word' id='word_1_368' title='bbox 919 2606 1122 2654; x_wconf 86' lang='lat' dir='ltr'>hostium,</span> <span class='ocrx_word' id='word_1_369' title='bbox 1141 2616 1184 2645; x_wconf 87' lang='lat' dir='ltr'>et</span> <span class='ocrx_word' id='word_1_370' title='bbox 1206 2604 1362 2645; x_wconf 81' lang='lat' dir='ltr'>infesto</span> <span class='ocrx_word' id='word_1_371' title='bbox 1386 2604 1558 2658; x_wconf 72' lang='lat' dir='ltr'>agmine</span> <span class='ocrx_word' id='word_1_372' title='bbox 1582 2616 1674 2642; x_wconf 89' lang='lat' dir='ltr'>rue-</span> 
     </span>
     <span class='ocr_line' id='line_1_46' title="bbox 239 2661 1675 2718; baseline -0.005 -12"><span class='ocrx_word' id='word_1_373' title='bbox 239 2680 285 2706; x_wconf 83' lang='lat' dir='ltr'>re</span> <span class='ocrx_word' id='word_1_374' title='bbox 315 2665 368 2706; x_wconf 83' lang='lat' dir='ltr'>ad</span> <span class='ocrx_word' id='word_1_375' title='bbox 401 2666 564 2715; x_wconf 85' lang='lat' dir='ltr'>urbem,</span> <span class='ocrx_word' id='word_1_376' title='bbox 586 2664 845 2705; x_wconf 78' lang='lat' dir='ltr'>clamabant.</span> <span class='ocrx_word' id='word_1_377' title='bbox 904 2663 974 2704; x_wconf 91' lang='lat' dir='ltr'>Ab</span> <span class='ocrx_word' id='word_1_378' title='bbox 1007 2663 1071 2703; x_wconf 90' lang='lat' dir='ltr'>his</span> <span class='ocrx_word' id='word_1_379' title='bbox 1096 2663 1281 2718; x_wconf 73' lang='lat' dir='ltr'>proximi</span> <span class='ocrx_word' id='word_1_380' title='bbox 1305 2661 1475 2701; x_wconf 77' lang='lat' dir='ltr'>6audita</span> <span class='ocrx_word' id='word_1_381' title='bbox 1499 2661 1675 2709; x_wconf 83' lang='lat' dir='ltr'>incerta,</span> 
     </span>
    </p>
   </div>
   <div class='ocr_carea' id='block_1_4' title="bbox 244 2756 1681 2888">
    <p class='ocr_par' dir='ltr' id='par_1_19' title="bbox 244 2756 1681 2888">
     <span class='ocr_line' id='line_1_47' title="bbox 286 2756 1677 2800; baseline -0.006 -7"><span class='ocrx_word' id='word_1_382' title='bbox 286 2762 495 2800; x_wconf 63' lang='lat' dir='ltr'>5²*Longam</span> <span class='ocrx_word' id='word_1_383' title='bbox 529 2763 638 2792; x_wconf 77' lang='lat' dir='ltr'>venire</span> <span class='ocrx_word' id='word_1_384' title='bbox 670 2765 792 2791; x_wconf 78' lang='lat' dir='ltr'>noctem</span> <span class='ocrx_word' id='word_1_385' title='bbox 825 2759 934 2798; x_wconf 70' lang='lat' dir='ltr'>mites]</span> <span class='ocrx_word' id='word_1_386' title='bbox 981 2760 1060 2798; x_wconf 77' lang='lat' dir='ltr'>quia</span> <span class='ocrx_word' id='word_1_387' title='bbox 1075 2768 1201 2788; x_wconf 82' lang='lat' dir='ltr'>moram</span> <span class='ocrx_word' id='word_1_388' title='bbox 1225 2758 1402 2788; x_wconf 78' lang='lat' dir='ltr'>certamini</span> <span class='ocrx_word' id='word_1_389' title='bbox 1425 2762 1511 2787; x_wconf 75' lang='lat' dir='ltr'>esset</span> <span class='ocrx_word' id='word_1_390' title='bbox 1535 2756 1677 2786; x_wconf 58' lang='lat' dir='ltr'>factura„</span> 
     </span>
     <span class='ocr_line' id='line_1_48' title="bbox 244 2798 1678 2845; baseline -0.007 -9"><span class='ocrx_word' id='word_1_391' title='bbox 244 2805 334 2836; x_wconf 71' lang='lat' dir='ltr'>Adeo</span> <span class='ocrx_word' id='word_1_392' title='bbox 350 2806 463 2836; x_wconf 82' lang='lat' dir='ltr'>avidus</span> <span class='ocrx_word' id='word_1_393' title='bbox 487 2815 621 2845; x_wconf 74' lang='lat' dir='ltr'>pugnae,</span> <span class='ocrx_word' id='word_1_394' title='bbox 639 2809 678 2835; x_wconf 83' lang='lat' dir='ltr'>ut</span> <span class='ocrx_word' id='word_1_395' title='bbox 701 2810 847 2841; x_wconf 83' lang='lat' dir='ltr'>noctem,</span> <span class='ocrx_word' id='word_1_396' title='bbox 864 2813 939 2842; x_wconf 79' lang='lat' dir='ltr'>quae</span> <span class='ocrx_word' id='word_1_397' title='bbox 1026 2804 1046 2833; x_wconf 80' lang='lat'>6</span> <span class='ocrx_word' id='word_1_398' title='bbox 1070 2803 1193 2832; x_wconf 73' lang='lat' dir='ltr'>Audita</span> <span class='ocrx_word' id='word_1_399' title='bbox 1206 2803 1343 2837; x_wconf 67' lang='lat' dir='ltr'>incerta,</span> <span class='ocrx_word' id='word_1_400' title='bbox 1355 2811 1447 2840; x_wconf 78' lang='lat' dir='ltr'>eoque</span> <span class='ocrx_word' id='word_1_401' title='bbox 1461 2799 1607 2838; x_wconf 64' lang='lat' dir='ltr'>vaniora]</span> <span class='ocrx_word' id='word_1_402' title='bbox 1626 2798 1678 2827; x_wconf 84' lang='lat' dir='ltr'>lu-</span> 
     </span>
     <span class='ocr_line' id='line_1_49' title="bbox 247 2841 1681 2888; baseline -0.006 -8"><span class='ocrx_word' id='word_1_403' title='bbox 247 2849 456 2888; x_wconf 75' lang='lat' dir='ltr'>adventaret,</span> <span class='ocrx_word' id='word_1_404' title='bbox 493 2848 629 2888; x_wconf 83' lang='lat' dir='ltr'>longam</span> <span class='ocrx_word' id='word_1_405' title='bbox 674 2848 737 2878; x_wconf 84' lang='lat' dir='ltr'>sibi</span> <span class='ocrx_word' id='word_1_406' title='bbox 782 2848 939 2888; x_wconf 78' lang='lat' dir='ltr'>fingeret,</span> <span class='ocrx_word' id='word_1_407' title='bbox 985 2851 1089 2886; x_wconf 79' lang='lat' dir='ltr'>certa,</span> <span class='ocrx_word' id='word_1_408' title='bbox 1106 2847 1184 2886; x_wconf 79' lang='lat' dir='ltr'>quia</span> <span class='ocrx_word' id='word_1_409' title='bbox 1199 2846 1372 2877; x_wconf 71' lang='lat' dir='ltr'>audierant</span> <span class='ocrx_word' id='word_1_410' title='bbox 1387 2850 1536 2882; x_wconf 79' lang='lat' dir='ltr'>tantuin,</span> <span class='ocrx_word' id='word_1_411' title='bbox 1549 2851 1616 2872; x_wconf 87' lang='lat' dir='ltr'>non</span> <span class='ocrx_word' id='word_1_412' title='bbox 1634 2841 1681 2871; x_wconf 81' lang='lat' dir='ltr'>ri-</span> 
     </span>
    </p>
   </div>
  </div>
 </body>
</html>
