1925 3239
324 110 400 147 570
885 105 1022 142 ΤΙΤΙ
1063 105 1233 143 LIVII

113 207 298 239 U,C.455.
322 202 461 253 litum,
494 217 590 244 cum
625 204 778 259 quibus
813 204 864 246 nd
906 204 1085 259 primam
1118 205 1251 246 aciem
1288 215 1568 260 procurret-at,
1597 206 1661 248 -ire
1698 206 1751 249 ad

112 252 148 294 A.
167 250 205 280 c.

104 1925 242 1954 Vincunt

105 1969 246 2003 Romani.

223 253 296 284 ⁵397.
323 261 484 314 equites
508 260 650 314 jubet,
681 273 723 301 et
753 260 982 311 adhortari,
1012 268 1072 311 ut,
1094 262 1128 302 si
1167 262 1326 317 quando
1361 275 1552 317 umquam
1580 264 1752 318 equestri

322 331 393 370 ope
422 316 605 372 qcijutam
621 317 914 385 (empuhliram
944 318 1211 368 meminerint,
1234 319 1305 358 illo
1336 317 1401 359 die
1433 318 1686 369 adnitantur,
1707 326 1753 361 ut

321 373 476 413 ordinis
508 373 590 428 ejus
616 373 792 429 gloriam
828 374 1017 414 invictam
1048 381 1252 428 prce-stent.
1312 373 1505 415 Peditum
1539 376 1751 417 certamine

320 429 548 470 inmobilem
570 429 713 470 hostem
734 438 904 476 restare,-
935 444 1085 470 omnem
1102 430 1298 485 reliquam
1312 473 1315 476 ,
1328 424 1432 485 spem
1453 432 1494 471 in
1517 431 1651 486 inpetu
1679 445 1756 473 esse

321 487 512 542 equitum.
534 495 577 526 et
596 486 708 541 ipsos
729 487 980 538 nominatim
996 486 1192 540 juvenes,
1207 491 1238 511 ⁵⁸
1257 488 1344 543 pari
1368 489 1570 527 comitate
1587 498 1751 528 utrum·

322 557 420 598 que,
460 557 574 583 nunc
622 542 835 592 laudibus,
877 557 989 583 nunc
1040 543 1254 598 promissis
1305 554 1466 584 onerat.
1534 543 1753 595 Ceterum,

325 599 539 654 ”quando
562 612 614 638 ne
635 613 684 638 ea
703 613 872 654 quoque
897 608 1058 638 tentata
1083 600 1142 639 vis
1164 600 1401 653 proficeret,
1426 600 1604 640 consilio
1635 614 1752 655 gras-

323 655 516 705 sandum,
538 655 571 696 si
603 655 709 695 nihil
741 657 849 696 vires
877 655 1093 709 juvanent,
1125 665 1252 705 ratus,
1284 656 1529 711 Scipionem
1563 656 1751 712 legatum

325 711 514 753 hastatos
546 712 694 766 primae
726 711 905 766 legionis
936 712 1181 752 subtrahere
1209 727 1261 752 ex
1294 714 1399 762 acie,
1427 723 1469 752 et
1500 713 1552 753 ad
1585 723 1751 754 montes

325 768 559 823 proximos,
591 782 714 822 quam
751 777 893 823 posset
924 767 1224 817 occultissime,
1254 770 1571 810 circumducere
1596 769 1750 823 jubet:

324 825 422 865 inde
442 824 648 864 adscensu
669 825 815 866 abdito
836 839 859 864 a
882 835 1113 879 conspectu
1141 824 1301 880 erigere
1331 826 1380 866 in·
1395 837 1568 870 montesv
1582 840 1752 881 agmen,

325 895 555 935 aversoque
588 881 698 921 hosti
733 882 786 922 ab
823 891 944 936 tergo
978 891 1150 936 repente
1185 896 1227 921 se
1260 882 1495 923 ostendere.
1556 881 1749 936 Equites,

323 937 502 978 ducibus
528 937 723 986 tribunis,
747 938 855 978 haud
893 937 1027 978 multo
1060 937 1154 992 plus
1188 937 1393 988 hostibus,
1415 953 1541 992 quam
1576 938 1675 988 suis,
1696 953 1752 980 ex

322 993 540 1049 inproviso
561 1005 659 1034 ante
680 995 803 1048 signa
830 995 983 1044 evecti,
1007 995 1278 1049 praebuerunt
1309 996 1526 1035 tumultus.
1585 994 1752 1036 Adver-

323 1064 392 1091 sus
411 1051 605 1091 incitatas
630 1060 787 1090 turmas
806 1051 924 1090 stetit
942 1051 1106 1091 inmota
1121 1051 1377 1091 Samnitium
1398 1050 1522 1100 acies,
1541 1065 1617 1091 nec
1632 1061 1752 1106 parte

325 1107 407 1147 ulla
428 1107 525 1162 pelli
547 1117 622 1148 aut
643 1108 855 1162 perrumpi
883 1109 1036 1162 potuit.
1077 1106 1146 1157 Et,
1169 1117 1392 1163 postquam
1418 1108 1584 1148 irritum
1606 1108 1753 1163 incep-

323 1172 412 1204 tum
435 1174 537 1215 erat,
560 1164 716 1218 recepti
742 1174 839 1218 post
861 1165 983 1220 signa
1007 1164 1159 1219 proelio
1181 1175 1467 1204 excesserunt.
1528 1163 1675 1204 Crevit
1695 1179 1752 1206 ex

322 1234 373 1260 eo
397 1220 580 1261 hostium
604 1222 798 1271 animus3
831 1235 907 1261 nec
929 1221 1134 1261 sustinere
1156 1220 1273 1261 frons
1306 1220 1441 1276 prima
1464 1230 1548 1260 tam
1573 1220 1751 1275 longum

322 1285 535 1318 certamen
577 1277 967 1331 increscentemque
1011 1277 1165 1317 fiducia
1203 1277 1265 1317 sui
1307 1277 1392 1317 vim
1439 1277 1662 1331 potuisset,
1708 1277 1750 1317 ni

322 1334 505 1374 secunda
536 1334 647 1374 acies
671 1334 796 1388 jussu
829 1333 1014 1374 consulis
1047 1335 1088 1373 in
1123 1334 1304 1389 primum
1336 1333 1626 1377 subcessisset.
1686 1332 1754 1374 Ibi

322 1396 501 1445 integrae
534 1390 640 1430 vires
682 1392 837 1430 sistunt
878 1391 1148 1430 invehentem
1193 1405 1236 1430 se
1269 1390 1360 1444 jam
1404 1389 1667 1431 Samnitem:
1708 1398 1754 1431 et

321 1453 354 1475 ⁶⁰
371 1457 559 1502 tempore
582 1447 798 1502 inprovisa
818 1461 870 1487 ex
895 1447 1110 1487 montibus
1133 1447 1256 1501 signa
1284 1446 1528 1500 clamorque
1559 1446 1750 1487 sublatus

321 1505 348 1528 ⁶¹
368 1518 451 1544 non
477 1518 574 1544 vero
606 1512 768 1543 tantum
803 1511 917 1543 metu
942 1513 1126 1544 terruere
1160 1503 1414 1543 Samnitium
1449 1503 1628 1544 animos.
1651 1515 1752 1544 nam

321 1569 364 1600 et
397 1560 553 1600 Fabius
588 1560 769 1601 Decium
802 1559 1010 1614 collegam
1044 1560 1386 1615 adpropinquare
1418 1558 1689 1609 exclamavit,
1708 1569 1753 1600 et

320 1630 398 1672 pro
421 1631 464 1657 se
485 1618 664 1672 quisque
688 1616 820 1666 miles,
835 1615 970 1657 adesse
990 1616 1162 1657 alterum
1184 1615 1390 1666 consulem,
1411 1615 1548 1656 adesse
1566 1614 1750 1670 legioneS,

320 1674 475 1729 gaudio
508 1673 663 1714 alacres
698 1673 908 1724 fremunt3
945 1687 1144 1727 errorque
1180 1673 1291 1713 utilis
1335 1672 1540 1712 Romanis
1581 1671 1751 1713 oblatus

320 1731 434 1786 fugae
459 1729 781 1784 formidinisque
813 1730 1022 1770 Samnites
1055 1729 1250 1784 inplevit,
1273 1730 1458 1769 maxime
1492 1728 1674 1779 territos,
1694 1742 1751 1770 ne

319 1787 373 1827 ab
405 1787 537 1827 altero
568 1788 756 1827 exercitu
791 1786 956 1841 integro
989 1787 1234 1840 intactoque
1257 1785 1353 1826 fessi
1379 1785 1747 1839 obprimerentur:

319 1853 376 1894 et,
398 1843 497 1899 quia
519 1844 672 1898 passim
699 1844 740 1883 in
764 1841 909 1898 fugam
933 1843 1124 1898 dissipati
1149 1852 1261 1892 sunt,
1284 1842 1422 1882 minor
1443 1841 1596 1890 caedes,
1617 1855 1748 1896 quam

320 1915 397 1956 pro
439 1911 557 1940 tanta
587 1900 779 1949 victoria,
813 1900 906 1939 fuit.
940 1899 1019 1940 tria
1051 1899 1180 1939 millia
1213 1908 1256 1938 et
1288 1898 1586 1953 quadringenti
1621 1898 1745 1942 caesi:

318 1956 431 2012 capti
466 1954 670 1998 trecentik
693 1956 823 1996 ferme
845 1966 886 1996 ct
910 1956 1107 2012 triginta:
1141 1956 1262 2010 signa
1287 1955 1486 1995 militaria
1508 1963 1635 2010 capta
1667 1955 1749 1995 tria

317 2024 360 2055 et
383 2013 549 2068 viginti.
1760 2026 1764 2029 ’

374 2070 479 2113 XV.
503 2069 764 2111 Samnitibus
787 2067 914 2124 Apuli
938 2082 980 2108 se
1001 2076 1100 2108 ante
1119 2066 1318 2123 proelium
1342 2065 1682 2122 conjunxissent,
1703 2066 1749 2113 ni

788 2187 803 2209 Κ
827 2189 868 2219 ml
879 2193 1024 2218 trecentos
1037 2189 1131 2218 Gron.
1149 2188 1236 2217 Crev.

316 2302 472 2332 ostendit.
521 2300 597 2330 ideo
623 2300 715 2329 nobis
739 2298 875 2337 vulgata
898 2297 1010 2334 lectio,

318 2345 364 2375 M.
385 2345 548 2381 Fulvium,
567 2344 702 2373 minime
726 2342 793 2372 visa
815 2346 865 2371 est
886 2351 906 2371 a
930 2341 1011 2371 Livii

317 2398 418 2419 manu
436 2388 593 2427 profecta.

354 2434 392 2461 :38
404 2433 422 2451 '¹‘
436 2430 520 2460 Pari
531 2432 678 2459 comitale
689 2427 874 2467 utrumque]
887 2427 1011 2466 Quam-

319 2475 364 2503 vis
388 2473 471 2503 alter
493 2484 531 2503 ex
557 2473 606 2502 his
632 2472 716 2501 filius
740 2476 838 2507 esset,
857 2469 939 2499 nihil
964 2476 1012 2499 ta-

320 2526 395 2547 men
411 2517 440 2546 ei
461 2517 663 2556 praecipuum
682 2515 799 2544 tribuit
816 2513 944 2550 consul,
956 2513 1013 2542 sed

320 2569 430 2599 parem
449 2560 482 2589 in
501 2566 680 2597 utrumque
697 2557 888 2588 comitatem
905 2560 1013 2587 osten-

319 2603 378 2633 dit.

362 2649 402 2679 59
426 2644 566 2685 „Quando
588 2653 627 2673 ne
642 2655 680 2673 ea
695 2653 814 2683 quoqne
829 2646 950 2672 ΙειιΙα-ἀ
968 2642 1015 2670 vis

316 2687 496 2728 proficeret]
529 2687 590 2717 llic
619 2686 742 2726 aliquid
770 2686 879 2716 mendi
911 2684 1013 2714 lutere

318 2731 536 2769 suspicamur.
580 2731 700 2759 Sensus
731 2738 800 2758 esse
838 2729 948 2762 debet.
985 2728 1013 2757 si

318 2774 404 2804 forte
419 2773 582 2803 acciderct
605 2780 641 2802 nt
657 2783 696 2802 ca
719 2781 848 2812 quoqne
872 2773 918 2804 vis
941 2776 1013 2802 teu-

320 2822 393 2848 tata
407 2817 489 2847 nihil
505 2816 688 2857 proficeret.

1098 2296 1139 2326 60
1166 2294 1330 2334 Tbmpore]
1358 2294 1394 2323 In
1419 2300 1583 2334 tempore,
1604 2299 1750 2335 tempes-

1054 2339 1132 2369 tive.
1177 2340 1228 2367 Sic
1253 2338 1320 2368 Cic.
1339 2337 1358 2367 l.
1375 2338 1432 2367 111.
1457 2337 1496 2367 de
1520 2338 1614 2368 offic.
1639 2347 1671 2368 n.
1695 2339 1750 2370 58.

1056 2383 1109 2412 Ad
1123 2391 1242 2411 coermm
1257 2385 1396 2420 tempore
1412 2383 1495 2411 venie
1518 2382 1645 2410 (huius.

1099 2426 1134 2455 61
1166 2426 1241 2455 Non
1264 2434 1335 2454 vero
1357 2423 1502 2462 lantum]
1530 2424 1605 2454 Non
1630 2432 1745 2453 verum

1055 2472 1205 2503 tantum,
1225 2469 1244 2496 ἰ.
1261 2478 1288 2496 e.
1313 2477 1332 2496 a
1356 2476 1430 2496 vern
1446 2477 1544 2496 causa
1559 2465 1744 2506 profectum

1057 2518 1184 2541 metum
1203 2511 1388 2547 injecerunt
1406 2510 1621 2540 Samnitibus.
1658 2509 1746 2540 Nam

1057 2559 1091 2584 et
1106 2563 1226 2583 vanum
1244 2563 1373 2591 quoqne
1391 2553 1428 2582 iis
1443 2558 1599 2582 terrorem
1615 2551 1745 2582 obtule-

1058 2604 1149 2634 runt,
1166 2606 1284 2635 nempe
1300 2596 1452 2626 advenit«-
1469 2595 1608 2625 alterum
1627 2604 1746 2625 cousu-

1059 2641 1121 2670 lem
1140 2649 1213 2669 cum
1232 2640 1390 2669 exercitu.
1436 2639 1516 2668 Hoec
1539 2637 1627 2668 clara
1651 2643 1744 2675 sunt,

1058 2693 1118 2712 nec
1142 2682 1310 2712 sollicitari
1334 2682 1517 2711 debuerant
1538 2691 1656 2721 parum
1679 2679 1746 2710 ele-

1058 2727 1148 2765 ganti
1168 2725 1286 2755 Clerici
1311 2726 1511 2762 conjectura,
1529 2725 1583 2763 qui
1604 2725 1745 2756 otiosam

1058 2769 1211 2799 immittit
1242 2777 1368 2802 vocem,
1400 2767 1544 2807 legitque
1574 2776 1636 2798 non
1671 2776 1746 2800 vero

1057 2817 1182 2844 tantum
1202 2815 1296 2842 neocos
1313 2815 1410 2841 metu.
