1925 3239
610 127 730 167 LIB.
753 127 840 167 vn.
879 127 1006 168 CAP.
1034 128 1140 168 VIII.
1527 138 1606 177 407

163 226 418 269 dirimebat:
451 226 510 268 ibi
533 225 622 282 pari
646 225 777 268 ferme
795 225 1009 281 utrimque
1029 227 1167 282 spatio
1188 226 1232 268 in
1262 227 1403 270 medio
1434 244 1599 287 pugna-

161 293 251 326 tum
283 295 361 325 est.
423 283 568 324 Primo
599 284 718 325 stetit
746 282 951 338 ambigua
982 297 1058 339 spe
1100 298 1269 340 pugna;
1308 287 1596 343 nequidquam

159 355 275 396 saepe
313 341 479 383 conatis
521 340 735 395 equitibus
777 338 983 381 Romanis
1021 340 1168 396 inpetu
1209 341 1378 382 turbare
1407 342 1593 388 hostium

155 398 307 439 aciem.
369 397 602 452 Postquam
631 397 837 451 equestris
870 411 1015 452 pugna
1034 403 1066 424 ⁴¹⁴
1079 397 1252 450 effectu,
1272 413 1400 453 quam
1430 404 1595 444 conati-

157 454 249 503 bus,
274 455 418 495 vanior
438 463 552 504 erat3
582 453 777 495 consulto
803 453 918 508 prius
941 453 1152 496 dictatore
1181 455 1362 510 equiteS,
1385 459 1593 512 permissu

153 510 308 552 deinde
348 511 455 566 ejus,
491 509 646 551 relictis
687 511 822 565 equiS,
862 509 1093 552 ⁴⁵clamore
1135 508 1327 567 ingentih
1367 515 1594 568 provolant

153 578 252 608 ante
273 568 408 623 signa,
429 576 472 608 et
492 580 645 607 novam
669 566 884 621 integrant
907 581 1108 623 pugnam.
1132 583 1270 624 neque
1294 570 1490 613 sustineri
1514 587 1591 628 po-

152 633 304 675 terant,
320 624 361 664 ni
384 622 731 664 extraordinariae
748 623 945 665 cohortes
967 625 1056 680 pari
1080 639 1307 682 corporum
1328 627 1589 671 animorum-

152 694 233 734 que
256 681 406 722 robore
426 694 469 720 se
490 679 761 734 objecissent.

209 736 337 778 VIII.
367 736 488 778 Tunc
510 736 620 778 inter
652 737 853 792 primores
884 737 1062 779 duorum
1093 738 1349 794 populorum
1380 754 1445 782 res
1476 743 1590 797 geri-

150 802 232 834 tur.
255 793 463 848 quidquid
486 792 585 834 hinc
607 803 681 834 aut
711 793 827 834 illinc
846 798 877 820 ⁴⁶
891 796 1127 836 communis
1161 795 1280 836 Mars
1304 795 1401 841 belli
1435 798 1588 851 aufert,

148 849 386 906 multiplex,
406 864 534 904 quam
556 864 634 904 pro
657 864 847 902 numero,
867 850 1071 894 damnum
1090 861 1178 894 est:
1212 851 1363 908 vulgus
1384 854 1498 896 aliud
1520 870 1587 897 ar-

146 916 373 956 matorum,
394 905 511 947 velut
534 906 729 962 delegata
759 908 1017 962 primoribus
1048 923 1209 965 pugna,
1230 918 1430 952 eventum
1462 926 1586 955 suum

147 962 191 1003 in
224 963 378 1004 vi-rtute
407 963 544 1005 aliena
576 965 710 1018 ponit.
737 963 860 1005 multi
893 965 1106 1020 utrimque
1137 966 1310 1017 cadunt,
1334 966 1472 1022 plures
1494 969 1587 1011 vul-

145 1033 247 1060 nera
285 1020 518 1076 accipiunt.
576 1019 767 1063 Tandem
807 1021 972 1076 equites
1005 1022 1110 1064 alius
1142 1023 1270 1064 alium
1301 1023 1585 1079 increpantes,

146 1075 249 1130 quid
274 1076 417 1118 deinde
448 1084 625 1128 restaret,
645 1078 892 1133 quaerendO,
911 1078 945 1118 si
976 1093 1099 1134 neque
1127 1093 1174 1120 ex
1204 1078 1314 1135 equis
1338 1081 1585 1136 pepulissent

142 1132 303 1184 hostem,
323 1147 448 1190 neque
469 1134 624 1188 pedites
646 1134 868 1190 quidquam
896 1137 1084 1176 momenti
1099 1135 1291 1192 sileret-ent
1306 1136 1329 1177 .P
1358 1152 1482 1193 quam
1502 1146 1586 1180 ter-

144 1189 246 1230 tiam
273 1198 540 1245 exspectarent
563 1191 776 1247 pugnam?
804 1191 904 1247 quid
925 1198 1019 1233 mete
1047 1194 1163 1249 signa
1180 1192 1342 1248 seroces
1363 1194 1582 1249 prosiluis-

139 1253 238 1297 sent,
251 1253 289 1288 et
309 1247 441 1288 alieno
457 1256 689 1303 pugnarent
710 1247 794 1289 loco
808 1247 830 1289 (ἐ
855 1248 936 1289 His
958 1250 1067 1290 inter
1088 1264 1131 1290 se
1155 1251 1332 1291 vocibus
1356 1252 1580 1305 concitati,

139 1303 325 1345 clamore
346 1314 564 1355 renovato,
587 1304 775 1345 inferunt
799 1306 974 1360 pedem:
1006 1316 1049 1346 et
1074 1307 1256 1362 primum
1277 1308 1411 1362 gradu
1434 1323 1580 1350 move-

140 1369 239 1401 runt
258 1361 439 1411 hostem,
461 1360 613 1402 deinde
632 1361 908 1417 pepulerunt3
940 1372 1155 1418 postremo
1179 1363 1273 1418 jam
1304 1363 1416 1405 haud
1448 1365 1578 1408 dubie

1615 245 1657 278 U.
1673 246 1709 278 C.
1724 249 1798 281 3953.

1611 289 1650 321 Α.
1668 290 1705 320 C.
1721 294 1796 326 359,

1608 331 1706 364 Atrox

1607 384 1723 417 pugna.

140 1426 362 1459 avertunt:
393 1422 422 1444 ⁴⁷
439 1431 589 1472 neque,
613 1430 700 1458 tam
732 1420 839 1458 vires
861 1433 978 1472 pares
1001 1434 1097 1474 quae
1128 1421 1389 1476 superaverit
1412 1435 1491 1473 reS,
1514 1423 1576 1464 fa·
1589 1431 1764 1464 Vincuntur

138 1473 219 1514 cile
239 1475 355 1515 dictu
377 1483 454 1524 est,
473 1475 552 1515 nisi
575 1475 689 1538 quod
713 1484 916 1530 perpetua
936 1475 1107 1517 fortuna
1125 1477 1343 1532 utriusque
1365 1479 1511 1533 populi
1533 1491 1577 1522 et
1589 1475 1730 1508 Hernici.

137 1530 341 1571 extollere
359 1531 538 1580 animos,
559 1541 602 1572 et
623 1545 811 1572 minuere
831 1533 986 1586 potuit.
1048 1533 1192 1588 Usque
1212 1533 1262 1574 ad
1295 1543 1433 1575 castra
1462 1535 1578 1592 fugi-

137 1597 255 1627 entes
278 1586 491 1628 Heruicos
515 1587 734 1629 Romanus
749 1589 962 1643 sequitur:
986 1599 1220 1630 castrorum
1235 1589 1576 1646 obpugnatione,

135 1644 236 1698 quia
257 1659 395 1685 serum
418 1655 508 1685 erat
529 1645 628 1695 diei,
652 1645 908 1687 abstinuere.
965 1652 996 1671 4⁸
1015 1646 1101 1687 Diu
1125 1661 1210 1687 non
1237 1647 1479 1702 perlitatum
1510 1660 1573 1691 te·-

134 1710 284 1742 nuerat
313 1701 580 1752 dictatorem,
612 1716 664 1742 ne
693 1711 792 1742 ante
821 1701 1041 1744 meridiem
1072 1703 1242 1758 signum
1273 1704 1372 1744 dare
1400 1716 1572 1760 posset:

132 1757 247 1798 eoin
271 1767 438 1798 noctem
471 1766 652 1798 tractum
683 1768 773 1799 erat
802 1768 1029 1801 certamen.
1090 1759 1287 1801 Posteroi
1307 1761 1377 1802 die
1406 1761 1572 1805 deserta

132 1813 237 1870 fuga
265 1824 402 1856 castra
435 1814 809 1866 Hernicorumyet
838 1816 969 1856 saucii
1001 1815 1135 1858 relicti
1174 1817 1346 1871 quidam
1378 1817 1568 1872 inventi3

129 1885 371 1927 agmenque
393 1871 649 1926 fugientium
673 1880 704 1902 ‘¹⁹
718 1872 771 1913 ab
793 1872 943 1929 signiS‚
965 1888 1095 1928 quum
1118 1883 1271 1929 praeter
1305 1875 1468 1915 moenia
1496 1891 1568 1918 eo-

130 1942 222 1968 rum
265 1928 549 1983 infrequentia
580 1938 809 1984 conspecta
844 1929 999 1985 signa¹‘
1033 1938 1185 1980 essent,
1219 1930 1376 1981 fusum,
1408 1946 1457 1973 ac
1494 1947 1569 1987 per

130 1999 256 2039 agros
287 1985 451 2039 trepida
481 1984 585 2041 fuga
614 1986 802 2041 palatum
832 1996 911 2027 est.
972 1986 1065 2028 Nec
1096 1986 1303 2027 Romanis
1344 1988 1566 2030 incruenta

128 2042 310 2081 victoria
345 2041 440 2082 fuit.
472 2053 622 2096 quarta
663 2057 758 2097 pars
799 2043 980 2084 militum
1023 2043 1199 2094 amissa3
1240 2052 1298 2094 et,
1335 2044 1410 2084 ubi
1451 2044 1564 2087 haud

129 2098 269 2140 minus
289 2097 467 2153 jacturae
491 2098 585 2150 fuit,
608 2099 772 2154 aliquot
790 2100 953 2155 equites
977 2099 1161 2142 Romani
1184 2100 1388 2141 cecidere.

169 2202 185 2224 ¹¹
208 2206 328 2243 ingenti
342 2205 401 2234 del.
415 2205 510 2235 Gron.
639 2205 646 2227 ἱ
669 2205 797 2235 Postera
812 2206 908 2236 Gron.
924 2207 1014 2236 Crem
1141 2203 1158 2226 k
1178 2207 1271 2245 signa
1286 2211 1445 2246 conspecta
1457 2207 1540 2239 Eaed.

168 2283 382 2325 44*Effeclu
399 2296 496 2326 quam
513 2288 674 2318 conatibus
690 2287 813 2328 vanior]
861 2293 958 2317 vatur
974 2287 1008 2316 in
1025 2296 1090 2316 uno
1108 2286 1177 2316 MS.
1195 2290 1280 2316 teste
1298 2286 1474 2317 Gronovio.

125 2330 256 2359 Conatu
279 2329 367 2359 haud
391 2330 484 2367 levis,
500 2331 618 2360 effectu
644 2341 815 2371 propemo·
902 2330 1054 2361 48*Dizc
1085 2339 1146 2359 non
1177 2332 1371 2369 perlitatum
1409 2335 1561 2361 tenuerat

125 2372 204 2402 dum
222 2372 326 2406 irrita.
399 2387 402 2389 ·
531 2374 534 2379 '
859 2372 1060 2413 dictatorem]
1080 2373 1132 2402 Sic
1154 2381 1253 2412 supra
1268 2373 1324 2403 IV.
1341 2376 1393 2412 49,
1440 2373 1559 2404 Tenta-

167 2418 208 2446 45
237 2415 383 2446 Clamore
406 2415 544 2456 ingenti]
577 2415 738 2446 Ultimam
763 2426 818 2446 vo-
863 2422 933 2447 tum
965 2417 1005 2446 ab
1038 2417 1081 2446 ΙΛ-
1102 2415 1474 2447 Seartio....dz‘scussam
1502 2422 1572 2448 est.⁴

123 2468 210 2495 cem,
226 2459 384 2489 insertam
408 2468 427 2488 a
446 2459 592 2497 sigonio,
609 2460 818 2489 exturbat-<im
861 2460 934 2490 Vid.
951 2459 994 2489 ibi
1012 2464 1081 2490 not.
1102 2462 1151 2490 ll.

124 2506 240 2541 postea
270 2512 289 2532 a
316 2502 492 2539 Grouovio,
525 2504 748 2532 revocavimus
779 2513 819 2533 ex
904 2505 946 2536 49
968 2503 1017 2532 Ab
1043 2502 1156 2541 signis]
1190 2501 1385 2541 Legendum
1411 2503 1554 2542 videtur,

124 2547 322 2575 auctoritate
338 2551 465 2584 septem
485 2550 671 2581 nostrorum
688 2544 782 2575 codd.
862 2546 901 2576 ab
920 2545 1075 2584 Sigm'nis.
1114 2544 1454 2584 Agmenficgz'eutz'um
1471 2546 1555 2576 Her-

163 2588 206 2618 46
234 2589 416 2619 Communis
442 2589 529 2618 Mars
552 2588 635 2626 belli]
664 2589 816 2627 Sigonius
861 2589 1012 2619 nieorum
1019 2587 1139 2627 fusum
1155 2593 1201 2619 est
1216 2589 1256 2618 ab
1280 2588 1438 2627 Signinis,
1454 2599 1553 2628 quum

123 2631 265 2662 affirmat
281 2631 378 2661 libros
393 2632 511 2661 habere
528 2632 626 2664 bello:
651 2632 707 2661 sed
725 2641 816 2661 men-
853 2636 977 2671 proeter
991 2633 1107 2661 moem'a
1124 2641 1247 2668 eorum,
1264 2631 1298 2662 id
1321 2638 1384 2668 est,
1400 2632 1553 2671 Signino-

121 2674 209 2704 dose.
255 2675 349 2705 Nihil
379 2675 532 2704 usitatius
562 2685 601 2704 ea
630 2674 736 2704 forma
770 2675 815 2704 lo-
859 2685 932 2704 tum
965 2673 1186 2714 infrequentia
1214 2675 1434 2705 Hernicorum
1457 2677 1553 2714 signa

122 2717 256 2755 quendi,
276 2727 374 2758 quam
398 2718 453 2748 ille
475 2718 510 2748 in
534 2724 727 2748 contextum
754 2718 814 2747 im-
858 2721 1020 2757 conspecta
1033 2722 1142 2748 essent.
1185 2718 1299 2757 Signia
1322 2725 1393 2753 erat
1424 2718 1553 2748 colonia

122 2760 224 2790 misit.
856 2760 1020 2799 Romana,
1045 2770 1110 2791 non
1135 2760 1231 2801 longe
1262 2761 1302 2792 ab
1329 2762 1549 2792 Hernicorum

164 2805 203 2836 47
225 2803 337 2842 Neque
354 2808 421 2834 tam
438 2805 520 2834 vires
533 2803 642 2844 pares]
664 2803 815 2833 maceret
857 2804 965 2834 terris.

121 2847 225 2886 magis
245 2850 314 2877 tam
331 2857 430 2887 pares
453 2850 553 2880 vite-sn
573 2849 627 2887 qui
645 2847 723 2878 ordo
747 2857 813 2877 ser-

863 2888 1006 2930 :od4
