1991 3250
103 326 218 357 Albani
243 325 305 356 Ro-
318 306 466 360 visuri,
490 317 841 365 pervagarentur.

103 379 183 400 niam
208 370 265 400 mi-

101 417 206 455 grant.

96 1297 216 1326 leius

97 1351 184 1370 mons
201 1339 271 1369 urbi

94 1385 229 1414 additus.

316 96 366 130 *ἓ
865 92 1004 132 ΤΙΤΙ
1039 93 1208 132 LIVII

315 191 544 236 deficiente
565 192 762 246 consilio,
782 193 1106 250 rogitantesque
1127 194 1197 236 alii
1221 194 1341 246 alios,
1370 209 1486 237 nunc
1518 196 1560 238 in
1595 196 1756 240 limini.

319 250 398 291 bus
432 260 609 303 starent,
642 266 758 293 nunc
790 251 1019 293 errabundi
1051 252 1202 293 domos
1237 267 1348 316 suas,
1371 255 1401 277 ¹⁴¹¹
1419 253 1618 296 ultimum
1650 256 1753 298 illud

902 308 962 350 Ut
987 323 1085 349 vero
1107 309 1201 364 jam
1223 310 1418 365 equitum
1441 309 1602 352 clamor
1634 314 1753 354 exire

312 365 562 420 jubentium
595 366 797 416 instabat,
813 366 908 420 jam
931 364 1077 421 fragor
1102 375 1313 407 tectorum
1335 381 1432 422 quae
1458 367 1752 421 diruebantur,

319 422 480 464 ultimis
503 423 620 463 urbis
651 397 844 479 partib'us
868 422 1135 473 audiebatur,
1159 424 1383 486 pulvisque
1413 439 1468 464 ex
1492 425 1753 468 distantibus

317 480 423 524 locis
455 490 587 530 ortus,
615 480 731 520 velut
762 480 874 520 nube
906 479 1082 520 inducta
1115 495 1261 521 omma
1293 481 1558 536 inplev;erat
1595 484 1753 538 raptim

320 537 518 592 ”quibus
559 538 740 591 quisque
782 546 949 592 poterat
983 537 1119 586 elatis,
1142 551 1272 591 quum
1309 537 1440 579 larem
1476 553 1524 579 ac
1564 550 1752 594 penates,

318 602 530 649 tectaque,
551 594 593 633 in
615 594 771 649 quibus
793 603 916 634 uatus
937 593 1119 648 quisque
1153 594 1444 659 educatusque
1477 607 1603 647 esset,
1626 596 1753 638 relin-

317 661 495 706 quentes
517 651 710 692 exirent:
735 665 830 705 Jain
860 651 1086 691 continens
1120 665 1274 707 agmen
1305 652 1583 707 migrantium
1618 654 1754 709 inple·

318 717 436 748 verat
460 723 574 748 VlaS:
605 717 649 748 et
669 718 927 762 conspectus
948 707 1128 748 aliorum
1158 720 1306 749 mutua
1339 710 1610 751 miseratione
1644 712 1752 752 intc-

317 779 381 820 gi
369 766 470 805 abat
491 763 700 806 lacrimas.
726 778 935 819 vocesque
957 764 1088 805 etiam
1111 765 1371 807 miserabiles
1388 768 1751 820 exaudiebantur,

315 822 540 862 mulierum
569 823 800 878 praecipue,
822 836 954 876 quum
989 823 1161 863 obsessa
1192 824 1270 864 ab
1281 824 1454 864 armatis
1488 824 1647 880 templa
1677 841 1752 867 au-

315 888 442 934 gusta
475 879 758 934 praeteriient,
779 895 829 920 ac
851 878 967 919 velut
999 888 1148 934 captos
1182 880 1469 934 relinquerent
1504 880 1635 923 Deos.
1696 881 1753 924 E-

316 937 469 989 ¹·ressis
492 937 639 977 urbem
663 936 859 986 Albanis,
881 935 1102 976 Romanus
1127 937 1281 992 passim
1307 938 1478 991 publica
1500 939 1752 994 privataque

313 994 460 1033 onmia
482 1002 594 1034 tecta
613 994 777 1049 adaequ
769 1002 812 1034 lt
837 993 942 1043 solo,
965 1008 1134 1048 unaque
1159 993 1262 1035 hora
1293 995 1750 1060 1ο”ι]ιιειᾱιᾶηὲζςΨιῖοιιιῐῐι

313 1065 522 1092 annorum
546 1065 669 1106 opus,
691 1051 846 1106 quibus
869 1049 982 1091 Alba
1011 1059 1199 1101 steterat,
1221 1051 1393 1093 excidio
1425 1066 1474 1093 ac
1511 1053 1641 1094 ruinis
1677 1053 1752 1094 de-

311 1107 391 1148 dit.
451 1107 641 1163 Templis
666 1118 808 1149 tamen
833 1106 975 1150 Deum
999 1107 1079 1159 (ita
1100 1109 1214 1149 enini
1237 1108 1427 1151 edictum
1449 1110 1503 1151 ab
1535 1124 1634 1166 rege
1658 1109 1749 1152 fue-

315 1166 400 1214 rat)
423 1175 706 1220 temperatum
729 1176 808 1207 est.

371 1222 537 1264 XXX.
571 1221 713 1264 Roma
735 1222 901 1264 interim
925 1223 1080 1264 crescit
1101 1222 1225 1265 Albae
1249 1223 1397 1265 ruinis.
1420 1224 1664 1280 duplicatur
1687 1224 1749 1266 ci-

313 1277 430 1320 vium
456 1294 670 1320 numerus.
704 1280 917 1321 ¹⁷Coelius
950 1281 1121 1322 additur
1154 1282 1248 1322 urbi
1284 1297 1431 1333 mons3
1463 1292 1522 1332 et,
1535 1297 1629 1346 'quo
1666 1281 1749 1322 fre-

314 1337 513 1391 quentius
537 1336 817 1388 habitar3etui
839 1351 933 1378 eain
956 1338 1099 1379 sedem
1121 1338 1268 1379 Tullus
1291 1339 1420 1395 iegiae
1449 1340 1580 1396 capit,
1604 1339 1750 1394 ibique
1788 1364 1790 1366 v

311 1393 542 1435 habitavit.
597 1394 821 1450 Principes
843 1393 1110 1436 Albanorum
1136 1395 1224 1436 18ιιι
1250 1395 1413 1446 Patres,
1437 1407 1484 1437 ut
1507 1411 1557 1437 ea
1577 1410 1749 1452 quoque

311 1465 407 1506 pars
439 1451 688 1506 reipublicae
722 1459 943 1502 cresceiet,
976 1451 1083 1507 lewit
1111 1451 1275 1494 Tullios
1289 1460 1327 1504 ⁰¹,
1361 1453 1575 1504 Seivilios,
1609 1454 1750 1500 Quin-

309 1509 449 1551 ctios'²
452 1509 725 1565 ‚Geganios‚
744 1508 978 1560 Curiatios,
999 1509 1206 1551 Cloelios:
1233 1513 1262 1536 ¹⁹
1279 1509 1572 1567 templumque
1588 1510 1751 1552 wordi-

618 1604 640 1619 ¹¹¹
663 1600 768 1629 Julios
781 1601 878 1629 Gron.
892 1600 980 1630 Crev.
1156 1604 1172 1619 “
1198 1601 1342 1637 Quintius
1357 1601 1441 1632 Eaed.

354 1697 390 1726 14
413 1694 575 1725 Ultimum
587 1694 684 1735 illud]
700 1693 831 1725 Ultima
843 1694 900 1725 illa
912 1694 1002 1725 vice:

304 1739 588 1777 quemadmodum
614 1738 703 1779 apud
731 1738 826 1768 Curt.
850 1739 870 1768 l.
899 1738 952 1768 lv.
974 1747 1004 1768 c.

304 1785 359 1812 43.
379 1781 516 1823 hoc-jam
530 1785 633 1812 lertio.
661 1781 769 1821 Vulgo
782 1782 863 1812 editi
880 1781 1006 1813 habent

305 1827 464 1855 ultimum
491 1828 578 1863 illas,
604 1836 722 1865 nempe
748 1826 875 1863 domos,
890 1827 1004 1856 visuri.

304 1869 398 1899 Illud
410 1870 473 1907 legi
492 1871 634 1899 affirmat
650 1869 833 1899 Gronovius
851 1869 884 1900 in
902 1869 1005 1909 scrip-

304 1914 348 1942 tis
378 1913 532 1943 omnibus
559 1917 593 1943 ct
622 1913 864 1952 antiquioribus
895 1913 1004 1944 editis.

305 1956 457 1986 Firmant
485 1962 550 1986 tres
578 1967 596 1986 e
625 1958 745 1987 nostris
777 1957 871 1987 codd.
899 1957 1004 1987 vetu-

303 2000 469 2030 stissimus
499 1999 633 2039 quidem
660 2001 811 2030 onmium
839 2000 939 2030 habet
965 2002 1005 2031 il-

303 2044 370 2075 m.-
410 2044 466 2074 sed
501 2044 577 2074 duae
606 2045 735 2074 ultimae
770 2043 889 2074 litterae
919 2054 956 2075 as
984 2054 1005 2074 a

303 2087 488 2118 recentiore
517 2097 620 2118 manu
644 2094 738 2127 sunt,
764 2091 799 2118 et
824 2087 888 2118 alio
915 2093 1004 2119 atra-

303 2135 431 2160 mento.

349 2178 386 2205 15
411 2174 539 2216 Quibus
564 2176 696 2215 quisque
717 2174 860 2215 poterat]
890 2175 1004 2206 Helle-

300 2217 523 2257 nismns‚p1·0
551 2219 590 2248 iis
615 2228 686 2259 qnoe
710 2220 840 2259 quisque
857 2224 997 2260 poterat.

300 2261 998 2303 sic1.1V.c.39.„Quibuspoteratmu-

298 2306 355 2334 tiis
370 2307 476 2335 ductis
489 2315 608 2335 secunt-

346 2350 384 2378 lG
407 2348 754 2389 Quadringentorum]
771 2350 929 2389 Sequitur
941 2349 997 2380 Li·

298 2393 371 2421 vius
392 2392 535 2422 eundem
561 2392 741 2429 calculum,
759 2403 858 2432 quein
882 2393 1001 2431 virgil.

297 2434 327 2465 J.
344 2436 419 2466 [En.
434 2445 464 2466 v.
487 2437 562 2469 2276.
585 2442 619 2466 et
642 2436 812 2472 Justimis,
830 2436 849 2467 l.
875 2436 1001 2467 XLIII.

299 2489 329 2507 c.
352 2482 378 2508 l.
395 2480 573 2518 Dionysius
590 2489 666 2510 cnm
691 2480 855 2520 plerisque
880 2490 999 2510 nume-

298 2528 351 2552 rat
370 2532 473 2552 annos
490 2526 562 2555 433).
577 2524 695 2562 quibus
712 2523 794 2554 Alba
810 2525 955 2554 steterit.

347 2568 381 2598 17
411 2565 521 2596 Cwlius
541 2588 547 2595 .
567 2589 574 2596 .
595 2589 602 2596 .
617 2568 719 2607 mom]
736 2567 786 2598 De
805 2567 866 2597 hoc
884 2573 997 2598 monte

298 2607 362 2638 vicl.
389 2618 463 2646 quae
492 2609 614 2640 babent
641 2610 741 2641 Dion.
761 2611 854 2641 11.t·t
884 2611 944 2642 lii.
962 2618 997 2642 ct

297 2651 590 2682 '1''xc.lV...=Xnnal
608 2664 635 2682 c.
654 2655 707 2726 615.

339 2695 442 2725 iath-
456 2695 593 2725 Patres.
628 2717 655 2725 ..
670 2697 996 2738 1·wi1]r²2triciorum

296 2737 404 2769 ordini
423 2739 567 2781 ειεί5οιίρ5
573 2740 620 2775 it;
640 2745 686 2778 et,
705 2741 730 2770 si
748 2751 812 2779 qna
828 2743 998 2772 senatoria

296 2782 370 2813 lwa
386 2791 453 2811 νειμ
455 2783 560 2818 bant,
578 2784 610 2812 in
628 2793 666 2812 νη
683 2783 746 2813 all(
739 2785 809 2823 git.

343 2828 380 2859 19
400 2825 645 2866 Templumquc]
663 2826 752 2857 itcit
768 2828 908 2867 curiam,
922 2837 996 2868 quae

1048 1695 1198 1726 Hostilia
1235 1694 1404 1735 appellata
1442 1699 1506 1734 est,
1537 1696 1623 1736 quod
1661 1702 1750 1728 esset

1047 1739 1214 1779 templum
1238 1740 1369 1769 senatui
1394 1739 1434 1769 ab
1457 1750 1492 1770 se
1515 1746 1627 1771 aucto.
1643 1743 1750 1772 Sena-

1048 1788 1103 1812 tus
1121 1782 1233 1813 haberi
1251 1792 1317 1812 non
1334 1788 1479 1823 poterat,
1495 1784 1557 1814 nisi
1573 1785 1606 1814 in
1622 1784 1692 1815 loco
1706 1786 1747 1815 ab

1049 1827 1230 1866 auguribus
1255 1831 1459 1866 consecrato,
1478 1827 1566 1867 quod
1589 1831 1747 1869 templum

1048 1870 1291 1910 appellabatur.

1091 1915 1134 1944 ‘20
1162 1913 1278 1944 ordini
1308 1915 1349 1944 ab
1380 1925 1413 1944 se
1435 1914 1543 1954 aucto]
1575 1915 1624 1945 Eo
1643 1924 1747 1948 ,sensu

1049 1956 1113 1986 dici
1131 1957 1262 1987 videtur
1284 1957 1338 1988 hic
1361 1962 1480 1988 auctus
1506 1969 1526 1988 a
1546 1957 1646 1989 Tullo
1667 1960 1747 1990 ordo

1047 2002 1248 2039 senatorius,
1273 2001 1360 2040 quod
1383 2011 1497 2032 earum
1530 2003 1681 2042 gentium
1706 2003 1748 2038 ab

1048 2054 1087 2074 eo
1112 2054 1270 2075 numerus
1294 2049 1413 2075 anctus
1437 2050 1536 2081 esset,
1561 2056 1600 2076 ex
1627 2047 1746 2085 quibus

1047 2094 1218 2119 senatores
1249 2088 1457 2127 legebantur.
1502 2088 1619 2128 Neque
1654 2091 1747 2121 enim

1048 2132 1224 2162 verisimile
1241 2137 1291 2162 cst
1307 2132 1454 2172 ipsorum
1472 2138 1665 2164 senatorum
1684 2143 1747 2164 nu·

1047 2185 1176 2205 merum
1215 2180 1298 2206 tunc
1330 2182 1467 2206 auctum
1498 2177 1610 2206 fuisse.
1656 2177 1744 2209 Nam

1043 2218 1230 2259 imperante
1260 2218 1414 2256 Romulo,
1439 2225 1513 2259 post
1536 2221 1640 2250 ictum
1666 2230 1744 2251 cum

1040 2262 1140 2292 Tatio
1157 2263 1275 2299 foedus,
1292 2270 1484 2293 senatorum
1504 2273 1681 2294 nnmerum
1699 2265 1742 2294 ad

1042 2306 1202 2337 ducentos
1231 2307 1409 2337 accrevisse
1436 2317 1595 2347 perquam
1626 2307 1744 2347 proba-

1041 2349 1105 2382 bile
1128 2354 1187 2380 est.
1205 2349 1277 2380 vid.
1294 2356 1364 2380 not.
1385 2353 1434 2381 14.
1458 2351 1499 2381 ad
1516 2361 1544 2381 c.
1564 2354 1613 2384 17.
1629 2360 1741 2391 supra.

1043 2391 1246 2433 Tarquinius
1264 2394 1393 2424 Priscus
1406 2400 1521 2435 postea
1536 2400 1669 2424 centum
1684 2395 1742 2426 ad-

1043 2437 1148 2467 didit:
1177 2437 1255 2477 (vid.
1274 2437 1359 2468 infra
1375 2448 1402 2468 c.
1419 2436 1486 2477 35.)
1506 2444 1655 2476 tuncque
1675 2445 1743 2469 tre-

1043 2486 1158 2511 centos
1175 2481 1275 2511 fuisse
1291 2488 1460 2511 senatores
1476 2492 1515 2511 ex
1528 2481 1630 2511 Dion.
1642 2481 1663 2512 Ι.
1679 2481 1741 2514 111.

1043 2530 1187 2555 constat.
1234 2525 1350 2562 ltaque
1373 2524 1460 2563 qnod
1483 2535 1584 2564 supra
1607 2525 1744 2564 dicitur,

1043 2577 1061 2597 a
1081 2567 1180 2598 Tullo
1205 2569 1369 2609 principes
1393 2567 1595 2599 Albanorum
1621 2569 1655 2599 in
1681 2569 1743 2600 Pa·

1041 2617 1108 2641 tres
1128 2611 1230 2642 lectos
1247 2611 1359 2648 fuisse,
1373 2611 1404 2641 id
1419 2612 1466 2642 ita
1480 2611 1740 2651 intelligendum

1041 2655 1184 2692 videtur,
1216 2659 1254 2686 ut
1291 2655 1508 2695 patriciorum
1547 2655 1654 2686 ordini
1685 2657 1741 2687 ad·

1041 2699 1156 2738 scripti
1172 2698 1319 2729 fuerint:
1345 2698 1407 2728 nisi
1430 2700 1457 2729 si
1481 2699 1537 2738 qui
1560 2698 1646 2730 forte
1669 2699 1742 2731 loca

1040 2749 1113 2771 tum
1131 2743 1164 2772 in
1182 2742 1297 2772 ordine
1320 2744 1488 2774 senatorio
1510 2744 1663 2775 vacantia
1685 2753 1738 2774 ex-

1040 2785 1217 2826 pleverint.
