1925 3239
313 131 389 166 502
844 125 988 165 ΤΙΤΙ
1025 126 1205 165 LIVII

103 238 291 273 U.C.433.
318 236 454 271 tamen
491 227 575 270 sine
610 234 717 270 certa
742 226 920 283 pernicie
943 234 1114 283 possent.
1175 225 1297 271 Quod
1332 228 1385 279 si,
1415 235 1460 270 nt
1490 228 1573 273 illis
1603 230 1744 273 ἄεσαν.

106 284 146 318 Α·
163 283 201 316 C·
218 286 293 317 319.
317 300 404 327 rere
423 299 470 327 ex
494 283 693 339 Capitolio
713 285 881 326 armatis
902 285 944 325 in
965 284 1111 325 hostem
1133 283 1265 335 licuit,
1285 288 1381 340 (quo
1410 300 1508 340 saepe,
1536 288 1649 328 modo
1669 288 1740 328 ob,

318 342 415 383 sessi
445 343 486 382 in
515 340 732 382 obsidentes
760 343 991 395 eruperunt)
1013 342 1071 380 ita
1105 341 1219 382 nobis
1249 355 1358 396 cequo
1388 349 1462 382 ant
1491 343 1629 397 iniquo
1659 343 1742 387 loco

318 397 541 439 dimicandi
561 397 833 438 tantummodo
854 411 944 439 cum
963 397 1068 438 hoste
1105 398 1218 452 copia
1241 403 1352 453 esset.
1370 413 1448 438 non
1468 398 1566 439 milii
1579 400 1743 453 paterni

319 454 448 496 animi
468 452 618 495 indoles
638 453 680 493 in
701 452 865 494 consilio
886 453 1017 494 dando
1038 452 1199 495 deesset.
1259 452 1462 508 Equidem
1482 463 1645 496 mortem
1667 470 1745 510 pro

312 511 458 568 patria
474 509 714 566 prceclaram
735 523 812 550 esse
828 508 998 565 fateor:
1028 516 1064 550 et
1096 525 1155 551 me
1186 507 1250 550 vel
1280 509 1467 552 devovere
1493 524 1571 565 pro
1594 510 1746 566 populo

324 567 510 610 Romano
531 565 842 621 legionibusque,
863 565 926 606 vel
946 567 989 606 in
1009 566 1155 608 medios
1176 581 1235 606 me
1265 567 1462 607 inmittere
1482 567 1605 608 hostes
1623 582 1748 622 parm

323 631 386 665 tus
416 638 516 665 sum.
577 621 655 664 Sed
681 622 744 663 liic
775 623 958 676 patriam
992 622 1120 673 video,
1141 623 1205 663 liic
1236 622 1437 683 quidquid
1470 622 1749 669 Romanarum

324 678 522 737 legionum
543 685 610 719 est.
641 693 742 733 quae,
764 677 840 718 nisi
866 693 939 732 pro
970 693 1016 719 se·
1039 679 1135 733 ‘ipsis
1165 678 1220 720 ad
1248 687 1412 719 mortem
1447 694 1561 720 ruere
1592 680 1749 735 volunt,

324 736 423 794 quid
443 735 604 785 babent,
626 734 735 789 quod
760 741 887 775 morte
915 748 988 774 sua
1016 734 1206 776 servent?
1239 734 1357 776 Tecta
1387 735 1513 788 urbis,
1533 735 1642 777 dicat
1671 736 1753 778 alif

325 793 429 849 quis,
452 799 490 832 et
521 791 680 840 moenia,
703 797 740 831 et
768 805 855 831 eam
889 790 1063 841 turbam,
1084 806 1110 831 a
1139 806 1219 846 qua
1252 791 1342 832 urbs
1374 792 1578 833 incolitur.
1615 791 1749 845 immo,

326 847 497 894 hercule,
514 846 745 900 produntur
775 861 820 888 ea
851 847 1002 897 omnia,
1023 847 1149 888 deleto
1171 846 1240 888 lioc
1274 848 1461 899 exercitu,
1483 863 1559 890 non
1590 863 1755 893 servem·

325 911 405 949 tur.
469 902 572 947 Quis
592 904 695 945 enim
717 918 763 944 ea
793 902 1006 945 tuebitur?
1037 903 1205 944 Inbellis
1235 904 1412 945 videlicet
1441 912 1565 960 atque
1593 905 1756 949 inermis

325 958 574 1010 multitudo?
615 967 713 1011 tam,
743 959 914 1011 hercule,
944 975 1065 1015 quam
1094 975 1119 1000 a
1153 959 1368 1002 Gallorum
1398 961 1533 1015 inpetu
1562 961 1753 1017 defendit.

325 1017 399 1064 An
419 1032 445 1059 a
472 1015 579 1059 Veiis
596 1016 810 1060 exercitum
841 1014 1136 1071 Camillumque
1164 1017 1300 1059 ducem
1330 1016 1591 1071 inplorabunt
1609 1018 1631 1058 ,³2
1665 1017 1748 1062 Hic

328 1088 459 1117 onmes
478 1088 561 1129 spes
580 1087 748 1128 opesque
767 1080 872 1123 sunt,
890 1088 988 1129 quas
1007 1073 1200 1114 servando
1227 1073 1407 1128 patriam
1426 1089 1653 1117 servamus:
1683 1075 1752 1116 de-

327 1130 453 1172 dendo
485 1130 541 1171 ad
570 1144 699 1172 necem
728 1130 908 1185 patriam
942 1129 1157 1170 deserimus
1187 1145 1234 1170 ac
1259 1129 1481 1184 prodimus.
1551 1130 1612 1172 At
1631 1130 1755 1186 jizda

327 1194 446 1243 atque
467 1185 733 1243 ignominiosa
755 1185 904 1227 deditio
922 1193 988 1227 est.
1023 1185 1100 1227 Sed
1118 1201 1163 1227 ea
1185 1187 1337 1227 caritas
1352 1187 1498 1241 putriae
1519 1195 1590 1240 est,
1608 1195 1652 1228 ut
1671 1195 1755 1229 tam

327 1243 552 1300 ignominia
573 1257 672 1291 eam,
695 1257 815 1298 quam
836 1251 958 1283 morte
978 1250 1127 1292 nostra,
1149 1243 1182 1283 si
1205 1257 1299 1296 opus
1318 1243 1383 1292 sit,
1401 1258 1605 1286 servemus.
1650 1242 1757 1285 Sub„

329 1309 445 1342 eatur
481 1314 576 1356 ergo
616 1299 708 1349 ista,
739 1306 1060 1354 quantacumque
1098 1306 1169 1349 est,
1200 1299 1423 1355 indignitas
1441 1316 1455 1349 ,·
1501 1307 1539 1341 et
1560 1308 1758 1355 pareatur

329 1356 569 1406 necessitati,
591 1371 712 1412 qnam
744 1370 790 1395 ne
820 1355 900 1396 Dii
928 1355 1088 1410 quidem
1117 1362 1321 1409 superant.
1380 1355 1460 1406 Ite,
1487 1356 1676 1406 consules,
1696 1371 1760 1398 re-

333 1413 472 1456 dimite
493 1413 621 1453 armis
643 1412 860 1461 civitatem,
882 1427 1000 1467 quam
1022 1426 1120 1452 auro
1151 1413 1318 1467 majores
1335 1412 1455 1453 vestri
1473 1412 1730 1455 redemerunt.

120 1475 291 1515 Accipiun«
396 1470 448 1510 V.
481 1468 687 1510 Consules
713 1467 889 1523 profecti
923 1469 975 1509 ad
1004 1468 1205 1508 Pontium
1242 1469 1282 1509 iu
1317 1469 1604 1523 conloquium,
1627 1484 1757 1524 quum

124 1523 189 1550 ω’·
336 1528 389 1569 de
419 1526 583 1568 foedere
618 1526 753 1566 victor
785 1525 979 1579 agitaret,
1000 1534 1224 1579 negarunt,
1247 1525 1404 1579 injussu
1439 1527 1581 1580 populi
1616 1526 1759 1573 foedus

337 1583 426 1626 fieri
452 1597 598 1638 posse:
630 1596 708 1623 nec
730 1582 819 1622 sine
842 1581 1060 1623 fecialibus
1082 1583 1406 1636 ceremoniaque
1436 1582 1518 1622 alia
1548 1583 1756 1625 sollemni.

339 1639 490 1693 Itaque
522 1653 623 1689 non,
646 1646 689 1678 ut
724 1637 852 1692 vulgo
883 1639 1076 1687 credunt,
1111 1637 1397 1692 Claudiusque
1429 1639 1555 1679 etiam
1590 1639 1754 1691 scribit,

338 1697 502 1739 foedere
524 1710 607 1751 pax
633 1694 841 1745 Caudina,
860 1695 929 1735 sed
955 1697 983 1718 ¹³
1001 1708 1072 1749 per
1093 1695 1377 1750 sponsionem,
1399 1693 1514 1736 facta
1533 1703 1610 1736 est.
1642 1695 1758 1742 Quid

339 1753 451 1794 enim
476 1763 548 1792 aut
570 1751 843 1806 sponsoribus
869 1751 910 1791 in
945 1750 1107 1792 foedere
1140 1765 1244 1805 opus
1275 1761 1383 1791 esset
1417 1762 1487 1791 aut
1521 1752 1758 1803 obsidibus,

338 1810 414 1850 -ubi
440 1810 681 1865 precatione
704 1822 766 1847 res
800 1807 1074 1862 transigitur?
1098 1822 1172 1862 per
1205 1821 1319 1862 quein
1346 1807 1540 1862 populum
1556 1807 1660 1862 fiat,
1681 1823 1760 1863 quo

340 1866 472 1910 minus
493 1864 646 1922 legibus
667 1863 786 1904 dictis
805 1870 945 1916 stetur,
968 1870 1011 1904 ut
1033 1878 1121 1904 enm
1142 1863 1199 1904 ita
1220 1862 1546 1919 Jupiterferiat‚
1568 1863 1758 1921 quemad-

340 1922 500 1965 modum
520 1920 777 1978 afecialibus
790 1919 1145 1976 percusseriatnr.
1205 1920 1532 1975 Spopontlerunt
1554 1921 1764 1971 consules,

341 1980 486 2036 legati,
509 1987 754 2033 quaestores,
779 1977 936 2017 tribuni
962 1976 1166 2027 militum3
1189 1978 1443 2031 nominaque
1464 1977 1670 2029 omnium,
1688 1978 1761 2032 qui

342 2035 678 2092 spoponderunt,
709 2042 903 2073 exstant:
949 2033 1036 2083 ubi,
1068 2033 1101 2073 si
1133 2047 1187 2072 ex
1222 2032 1384 2073 foedere
1415 2043 1512 2074 acta
1544 2047 1606 2077 res
1638 2044 1773 2084 esset.

342 2104 625 2149 praeterquam
658 2090 838 2131 duorum
874 2089 1100 2139 fecialium,
1130 2104 1213 2129 non
1247 2100 1488 2140 exstarent3
1516 2099 1559 2130 et
1593 2099 1764 2146 propter

340 2147 619 2191 necessariam
643 2146 816 2188 foederis
839 2145 1083 2186 dilationem
1103 2146 1271 2186 obsides
1286 2146 1413 2186 etiam
1434 2147 1622 2187 sexcenti
1644 2146 1764 2201 equi-‚-

341 2214 404 2248 tes
427 2205 637 2259 imperati,
659 2202 730 2257 qui
753 2202 893 2257 capite
917 2202 1091 2250 luerent,
1111 2202 1142 2242 si
1167 2212 1293 2257 pacto
1316 2217 1396 2243 nou
1417 2211 1607 2243 staretur.
1627 2201 1765 2253 *Tem-

339 2276 421 2320 pus
442 2261 538 2303 inde
571 2270 773 2300 statutum
811 2259 1021 2299 tradendis
1054 2259 1274 2299 obsidibus
1306 2260 1580 2315 exercituque
1613 2258 1762 2301 inermi

340 2317 564 2360 mittendo.
637 2315 961 2370 Redintegravit
994 2315 1154 2364 luctum
1188 2315 1229 2354 in
1261 2316 1407 2359 eastris
1440 2315 1658 2356 consulum
1685 2315 1766 2356 ⁴ad-

341 2385 508 2424 ventus‚
534 2381 577 2413 ut
599 2373 670 2412 vix
692 2372 746 2412 ab
769 2371 818 2411 iis
840 2372 1100 2411 abstinerent
1132 2386 1293 2421 manus,
1315 2385 1495 2425 quorum
1529 2372 1765 2414 temeritate

341 2432 385 2474 in
407 2445 503 2472 eum
527 2429 666 2470 locum
689 2428 858 2470 deducti
884 2438 1048 2479 essent;
1080 2442 1257 2483 quorum
1279 2428 1450 2483 ignavia
1472 2427 1629 2470 foedius
1654 2428 1765 2478 iude,

340 2501 468 2542 (fuam
511 2485 738 2536 venissent,
767 2484 938 2525 abituri.
982 2484 1062 2524 illis
1112 2499 1193 2524 non
1238 2486 1387 2531 ducem
1432 2483 1635 2534 locorum,
1679 2498 1763 2527 uon

341 2543 653 2598 exploratorem
696 2540 847 2582 fuisse:
895 2540 1120 2581 belluarum
1165 2541 1291 2581 modo
1331 2555 1469 2585 caecos
1510 2540 1550 2581 in
1593 2540 1760 2587 foveam

341 2600 507 2648 missos,
568 2598 650 2638 Alii
675 2596 778 2637 alios
801 2597 968 2647 intueri,
989 2596 1264 2651 contemplari
1288 2611 1403 2637 arma
1424 2610 1525 2637 mox
1550 2596 1767 2647 tradenda,

341 2665 386 2697 et
408 2655 585 2696 inermes
607 2654 769 2697 futuras
791 2653 976 2704 dextram,
997 2654 1271 2709 obnoxiaque
1300 2667 1480 2710 corpora
1508 2652 1634 2694 hosti.
1664 2667 1764 2708 pros

328 2816 330 2818 ,
387 2791 421 2821 13
432 2788 450 2810 ¹*
466 2789 533 2820 Per
553 2789 763 2829 sponsionem]
785 2788 1029 2828 spondentibus
1076 2788 1150 2828 bus,
1164 2788 1318 2827 tribunis,
1335 2787 1440 2820 foedus
1451 2787 1579 2822 factum
1596 2788 1647 2819 iri.

339 2835 471 2870 mitum
495 2832 697 2871 consulibus,
715 2831 844 2872 leg-atis,
860 2832 1029 2871 quaestori-
