1991 3250
157 231 239 264 U.C
243 232 341 263 ..284

161 275 239 307 A.C
213 276 337 308 c..468

167 727 211 759 U.
227 728 263 759 c.
277 730 351 758 ess.

168 771 211 801 A.
227 772 262 801 C.
279 773 351 802 ‹167-

170 811 368 849 T.Numicio,

166 858 209 888 A.
218 857 361 897 virginio

165 901 257 934 Coss.

368 120 447 155 150
905 111 1276 158 ‘1¹1'r1mv11
1317 156 1328 165 ,

373 230 566 276 pugnare
587 217 738 258 iterum
758 215 912 272 religio
945 215 1093 258 fuerit.
1116 217 1253 259 omnis
1274 217 1335 258 ira
1356 216 1456 258 beni
1477 217 1531 259 ad
1561 219 1808 275 populatio*

374 289 472 317 nem
505 275 597 331 agri
632 274 771 316 vertit.
831 274 952 314 Alter
973 274 1121 316 consul
1143 274 1340 321 AEmilius
1373 275 1416 315 in
1451 274 1620 317 Sabinis
1651 277 1810 318 bellum

376 331 521 389 gessit.
531 309 596 373 0et
626 332 703 382 ibi,
724 332 822 386 quia
855 331 989 372 hostis
1011 331 1228 373 moenibus
1262 346 1305 373 se
1328 332 1517 383 tenebat,
1541 335 1692 374 vastati
1714 333 1808 389 agri

377 397 490 431 sunt.
550 388 769 430 incendiis
800 387 968 438 deinde,
991 403 1076 429 non
1108 389 1298 430 villarum
1333 389 1476 439 modo,
1497 389 1571 430 sed
1591 389 1721 437 etiam
1747 405 1813 440 vif.-

378 460 540 497 cor,um
562 447 714 501 quibus
747 445 990 500 frequenter
1021 445 1310 497 habitabatur,
1334 446 1484 487 Sabini
1507 446 1658 497 exciti,
1678 461 1809 501 quum

378 503 690 559 praedatoribus
712 502 1014 551 obeuntissent‚
1035 503 1207 558 ancipiti
1231 504 1383 560 proelio
1415 503 1607 558 digressi,
1632 513 1804 558 postero

379 560 447 601 die
479 560 657 601 retulere
689 570 825 600 castra
858 559 898 598 in
934 559 1087 599 tutiora
1118 559 1224 601 loca.
1285 560 1334 602 Id
1356 561 1454 601 satis
1476 560 1679 602 consuli
1663 561 1815 615 visum,

380 631 454 716 pur
475 631 552 674 pro
577 617 689 658 victo
711 616 964 670 relinqueret
987 615 1168 668 hostem,
1186 617 1368 674 integro
1376 618 1474 659 inde
1495 617 1705 664 decedens
1727 616 1814 661 bel-›-

397 689 422 715 o

441 729 617 773 LXIII.
649 728 769 770 Inter
788 728 885 770 haec
904 728 1027 781 bella,
1048 738 1248 771 manente
1267 730 1477 777 discordia
1496 730 1626 781 domi,
1646 729 1699 772 T.
1720 729 1816 774 Nu..

383 787 527 829 micius
562 787 746 838 Priscus,
768 786 821 826 A.
845 786 1057 845 Virginius
1089 787 1281 828 consules
1315 788 1432 830 facti.
1492 789 1593 831 Non
1619 788 1730 829 ultra
1751 788 1816 831 vi-,

383 845 560 886 debatur
581 844 714 885 latura
734 843 872 899 plebes
894 836 1137 886 dilitionem
1159 844 1335 900 agrariae
1365 846 1483 901 legis,
1504 846 1731 900 ultimaque
1755 844 1816 889 vis

384 903 623 959 parabatur,
637 916 766 966 quum
791 900 966 942 Volscos
987 901 1148 953 adesse,
1167 901 1283 942 fumo
1305 916 1359 944 ex
1390 902 1594 944 incendiis
1620 902 1813 944 villarum

384 960 568 1014 fugaque
598 958 844 1034 avrcestium,
866 959 1086 1016 cognitum
1115 968 1194 999 est.
1215 973 1265 1000 ea
1288 973 1352 1000 res
1374 969 1578 1010 maturam
1597 958 1685 1014 jam
1706 959 1818 1003 sedi«,

383 1017 544 1057 tionem
565 1023 620 1044 ⁴²³
611 1020 684 1057 acc
707 1029 838 1072 prope
861 993 1151 1072 eruompentem
1171 1017 1383 1072 repressit.
1430 1016 1652 1067 Consules,
1675 1015 1816 1058 coacti

383 1073 602 1129 extemplo
631 1074 682 1113 ab
715 1082 861 1113 senatu
896 1073 948 1115 ad
982 1073 1149 1125 bellum,
1169 1074 1323 1115 educta
1353 1089 1408 1115 ex
1443 1076 1548 1115 urbe
1573 1073 1820 1127 juventute,

384 1130 716 1186 tranquilliorem
740 1140 921 1171 ceteram
945 1130 1108 1186 plebem
1131 1130 1337 1172 fecer.unt
1387 1130 1444 1172 Et
1465 1131 1608 1172 hostes
1631 1130 1819 1185 quidem,

384 1196 426 1228 1'1'
418 1187 489 1229 ¹hil
522 1187 631 1228 aliud
665 1202 790 1243 quarn
827 1187 1003 1243 perfusis
1036 1202 1147 1229 vano
1169 1188 1320 1229 timore
1348 1188 1570 1239 Romanis,
1591 1187 1723 1235 citato
1745 1201 1822 1242 ag-

172 1258 374 1292 Beuumcum
388 1244 499 1285 mine
531 1246 699 1286 abeunt.
761 1244 980 1286 Numicius
1015 1244 1194 1286 Antium
1227 1246 1426 1286 adveisus
1461 1245 1650 1295 Volscos,
1683 1244 1822 1300 Virgi-

170 1304 281 1342 AEquis
293 1305 325 1332 et

173 1347 303 1378 Volscis.

175 1726 218 1806 '2³20

232 1727 270 1802 φρ

284 1728 305 1802 ιῒ-ὶθ

330 1726 360 1801 99*

307 1729 326 1801 0}oe

182 2100 220 2131 T.
236 2099 355 2132 Quinc-

183 2145 240 2179 tio,
257 2144 297 2174 Q.
314 2144 381 2171 Ser-

183 2187 258 2215 vilio
273 2188 358 2215 Coss.

184 2240 307 2271 Bellum

185 2284 345 2315 Sabinum.

387 1302 479 1343 nius
502 1312 647 1342 eontra
681 1301 844 1357 AEquos
880 1301 1197 1358 profectusgibi
1229 1318 1282 1343 cx
1308 1303 1464 1343 insidiis
1501 1316 1634 1358 prope
1668 1315 1824 1356 magna

388 1369 566 1414 accepta
594 1357 729 1424 clade,
766 1360 897 1399 virtus
931 1359 1108 1400 militum
1147 1373 1250 1410 rem,
1287 1361 1522 1415 prolipsam
1556 1358 1823 1414 neglegentia

386 1415 587 1467 consulis,
611 1416 804 1456 restituit.
866 1416 1057 1457 'Melius'
1050 1430 1090 1456 in
1113 1416 1274 1457 Volscis
1306 1417 1557 1472 imperatum
1584 1426 1662 1456 est.
1724 1414 1824 1466 Fusi

387 1474 525 1529 primo
549 1472 702 1529 proelio
734 1473 892 1524 hostes,
914 1474 1097 1529 fugique
1119 1473 1159 1513 in
1187 1475 1327 1514 urbem
1353 1474 1545 1524 Antium,
1566 1482 1613 1513 ut
1646 1481 1736 1513 tum
1758 1485 1825 1519 res

387 1540 523 1581 erant,
545 1530 904 1586 opulentissimam
928 1532 1026 1571 acti.
1051 1545 1175 1585 quam
1206 1531 1352 1572 consul
1374 1533 1622 1587 obpugnare
1643 1543 1728 1570 non
1752 1544 1826 1570 au-

389 1602 473 1638 sus,
500 1563 738 1638 Cenonem,
760 1587 873 1628 aliud
897 1588 1122 1643 oppidum,
1147 1602 1414 1643 nequaquam
1439 1599 1528 1629 tum
1551 1587 1824 1643 opulentum,

391 1645 445 1686 ab
480 1645 729 1685 Antiatibus
759 1645 888 1699 cepit.
951 1644 1068 1685 Dum
1093 1644 1224 1700 AEqui
1250 1645 1480 1699 Volscique
1504 1645 1726 1685 Romanos
1746 1657 1825 1684 ex·-

391 1703 550 1744 ercitus
575 1712 734 1752 tenent,
758 1702 906 1742 Sabini
930 1716 1064 1756 usque
1086 1702 1138 1742 ad
1167 1711 1310 1757 portas
1333 1703 1449 1743 uibis
1481 1700 1770 1758 populantes
1761 1714 1827 1740 in·

392 1773 568 1800 cessere.
592 1759 745 1800 deinde
777 1760 856 1814 ipsi
889 1761 1035 1815 paucis
1059 1768 1156 1814 post
1186 1759 1333 1799 diebus
1356 1760 1409 1800 ab
1431 1760 1601 1800 <luobus
1622 1756 1825 1798 exerciti-

393 1817 487 1865 bus,
512 1825 691 1871 utroque
726 1830 799 1872 per
832 1816 937 1856 iram
968 1816 1142 1857 consule
1175 1816 1367 1872 ingresso
1400 1817 1445 1858 in
1478 1815 1598 1867 fines,
1623 1814 1715 1871 plus
1737 1813 1826 1866 cla-

393 1873 526 1921 dium,
548 1888 677 1928 quam
701 1873 948 1925 intulerant,
971 1885 1242 1929 aeceperunt.

453 1930 616 1972 LXIV.
651 1930 857 1971 Extiemo
880 1945 992 1971 anno
1017 1945 1167 1986 pacis
1156 1930 1314 1985 aliquid
1339 1930 1448 1982 fuit3
1478 1929 1566 1980 sed,
1589 1937 1637 1971 ut
1654 1941 1830 1992 semper

394 1987 513 2036 alias,
536 1987 730 2029 solli‹itae
751 1989 984 2028 certamine
1009 1987 1184 2028 Patrum
1208 1998 1251 2028 et
1274 1987 1420 2043 plebis.
1483 1986 1597 2027 Irata
1624 1985 1772 2041 plebs
1763 1999 1830 2026 in-

397 2054 551 2085 teresse
583 2044 872 2085 consularibus
903 2045 1090 2086 comitiis
1123 2044 1275 2085 noluit.
1337 2044 1418 2085 Per
1451 2043 1599 2084 Patres
1630 2043 1829 2083 clientes-

398 2115 479 2155 que
515 2101 690 2142 Patrum
724 2102 963 2142 ⁴⁹consules
998 2102 1129 2143 cleati
1162 2101 1212 2142 T.
1248 2101 1494 2150 Quinctius,
1530 2100 1586 2147 Q.
1609 2099 1829 2141 Servilius.

399 2157 579 2198 similem
603 2171 760 2198 annum
786 2159 915 2214 priori
939 2160 1133 2200 consules
1156 2159 1331 2209 habent,
1354 2158 1556 2198 seditiosa
1584 2157 1719 2207 initia,
1741 2155 1830 2196 bel·

398 2214 440 2256 lo
462 2214 616 2255 deinde
637 2224 816 2255 exteino
841 2225 876 2256 tr
880 2216 1080 2271 anquilla.
1141 2216 1303 2266 Sabini,
1328 2215 1629 2256 Crustuminos
1651 2226 1829 2277 campos

399 2273 534 2313 citato
565 2271 736 2327 agmine
768 2273 1034 2328 transgressi,
1056 2288 1188 2328 quum
1221 2273 1359 2314 caedes
1382 2282 1424 2313 et
1448 2271 1645 2317 incendia
1666 2271 1828 2311 circum

401 2329 608 2370 Anienem
633 2329 792 2380 flumen
816 2329 1029 2380 fecissent,
1052 2345 1077 2371 a
1097 2341 1219 2385 porta
1241 2344 1373 2385 prope
1396 2328 1567 2370 Collina
1591 2327 1829 2367 moenibus-

401 2401 484 2441 que
519 2386 641 2442 pulsi,
677 2387 870 2442 ingentes
906 2397 1045 2427 tamen
1083 2388 1246 2442 praedis
1280 2387 1502 2427 hominum
1545 2397 1833 2439 pecorumque

401 2457 540 2499 egere.
563 2458 668 2498 quos
702 2443 904 2484 Servilius
935 2444 1082 2485 consul
1117 2443 1272 2485 infesto
1295 2443 1485 2485 exeicitu
1511 2442 1742 2489 insecutus,
1766 2442 1831 2496 ip·
1893 2458 1898 2463 ·
1924 2447 1942 2472 ”²

401 2514 492 2540 sum
516 2500 686 2554 quidem
713 2515 867 2556 agmen
890 2502 1067 2556 ulipisci
1091 2502 1223 2555 aequis
1247 2502 1350 2542 locis
1374 2514 1458 2540 nou
1491 2499 1657 2554 potuit·
1692 2496 1848 2553 popu?

400 2556 605 2598 lationem
628 2557 735 2598 adeo
740 2535 890 2598 O'efluse
913 2558 1030 2609 lecit,
1053 2567 1101 2598 ut
1121 2558 1229 2599 nihil
1255 2558 1363 2600 bello
1386 2558 1594 2598 intactum
1624 2531 1835 2609 relinque-

987 2644 1053 2668 ⁰ac
1070 2639 1128 2669 dcl.
1145 2640 1240 2669 Gron-

1926 2686 1931 2691 ·
1989 2675 1991 2694 s

445 2703 487 2732 43
512 2702 558 2732 At·
575 2712 673 2741 1¹²⁰}’f'
694 2704 927 2744 erumpentem]
952 2705 1095 2735 Revoca·
1140 2704 1226 2743 bem]
1245 2705 1366 2734 Odiosa
1378 2704 1543 2743 repetitio.
1575 2702 1742 2740 Legamus
1755 2708 1833 2730 cum
1894 2694 1917 2729 ,’
1990 2699 1991 2703 ’

402 2745 511 2775 vimus
536 2745 732 2784 particulam
756 2757 795 2777 uc
799 2758 904 2786 ‚qum
928 2759 965 2778 c
971 2754 1035 2777 sztit
1062 2749 1095 2777 in
1140 2748 1294 2784 Dujxtio:
1319 2749 1459 2777 consules
1477 2747 1591 2782 creati,
1612 2745 1647 2777 Γ.
1663 2745 1834 2786 Onintius,

404 2792 486 2818 vett.
515 2788 626 2824 editis,
655 2793 687 2818 vt
719 2789 751 2819 in
791 2791 944 2820 omnim·
977 2801 1032 2821 nos
1037 2793 1095 2821 tiis
1140 2791 1184 2831 Ο.
1215 2791 1382 2827 Sa‘vitius.
1411 2792 1549 2822 similem
1580 2786 1833 2830 aunumpn'ori

404 2831 551 2870 scriptis,
568 2841 605 2860 :ic
618 2811 750 2861 ’uidetur
766 2843 836 2862 ιιυςι
828 2835 958 2863 vasaria.
1141 2835 1267 2866 liabent.

450 2878 492 2909 49
521 2875 666 2906 (huszcles
676 2877 778 2907 cnuti
794 2898 802 2906 .
814 2897 822 2906 .
838 2899 846 2908 .
858 2898 865 2907 .
885 2880 1023 2908 consules
1038 2879 1097 2908 Ιια-
