1925 3239
308 98 386 133 428
855 96 998 134 T1T1
1038 96 1214 134 LIVII

87 208 131 238 U.
151 209 277 242 0407.
304 195 534 237 concordia
555 195 752 237 ordinum
785 196 921 236 otium
955 206 1079 245 esset,
1103 211 1154 236 ue
1187 196 1313 237 nimis
1346 196 1458 239 laetae
1493 213 1557 240 res
1589 209 1743 251 essent,

89 251 129 281 A·
145 252 183 281 C.
201 255 276 282 3⁴5·
307 253 547 306 pestilentia
584 253 801 292 civitatem
836 253 985 292 adorta
1020 253 1167 307 coegit
1202 263 1395 293 senatum
1429 255 1634 308 imperare
1669 257 1743 297 de-

304 309 516 358 cemviris,
539 318 586 349 ut
607 309 737 348 libros
760 307 993 362 Sibyllinos
1017 309 1297 362 inspicerent3
1319 323 1549 364 eorumque
1572 313 1738 352 monitu

306 363 612 404 lectisternium
652 364 748 404 fuit.
810 363 970 404 Eodem
1007 379 1119 404 anno
1155 365 1369 405 Satricum
1402 367 1455 404 ab
1495 366 1744 408 Antiatibus

305 419 476 460 colonia
507 420 704 468 deducta,
729 419 1007 472 restitutaque
1041 421 1155 468 urbs,
1177 435 1304 473 quam
1342 421 1480 463 Latini
1513 422 1743 463 diruerant.

91 486 206 515 Foedus
222 495 292 515 cum
306 485 348 515 et
370 490 467 515 cum
492 475 924 529 Karthaginiensibus
946 474 1096 529 legatis
1120 475 1267 515 Romae
1286 475 1428 516 foedus
1449 477 1596 527 ictum,
1614 492 1745 532 quum

90 529 538 576 Karthagini-amicitiam
573 545 623 571 ac
656 531 905 570 societatem
940 541 1133 583 petentes
1170 532 1394 571 venissent.
1458 531 1574 572 Idem
1609 534 1746 575 otium

91 571 279 643 ἷῗὸἓῗῗζοῧ.
308 587 424 626 domi
447 586 634 640 forisque
657 586 812 625 mansit
831 584 882 625 T.
907 584 1076 626 Manlio
1109 585 1342 641 Torquato,
1365 587 1416 627 C.
1442 587 1611 628 Plautio
1645 603 1747 631 con-

90 655 130 686 A.
149 656 185 685 C.
203 659 276 686 34⁴.
309 642 494 682 sulibus:
525 641 901 682 ³⁵semunciarium
925 650 1090 681 tantum
1114 656 1167 682 ex
1193 643 1382 682 unciario
1407 642 1549 683 foenus
1572 643 1749 694 factum,

90 699 130 727 T·
150 699 280 746 Manlio,
308 708 350 737 et
371 699 458 736 ³⁶in
485 698 708 752 pensiones
731 710 874 750 aequas
907 697 1093 746 triennii,
1117 698 1174 737 ita
1209 709 1260 737 ut
1288 707 1438 752 quarta
1469 713 1652 752 praesens
1686 714 1750 739 es-

92 741 272 813 &glanno
309 761 386 800 set,
409 753 564 792 solutio
587 753 682 793 aeris
704 752 827 792 alieni
854 751 1096 807 dispensata
1118 763 1194 792 est.
1215 756 1247 778 ³⁷
1263 763 1306 793 et
1336 755 1396 794 sic
1428 769 1599 808 quoque
1632 767 1749 809 parte

175 805 181 812 '
308 809 444 862 plebis
478 808 661 856 adfecta,
683 808 787 848 fides
823 816 962 848 tamen
1002 808 1172 862 publica
1209 810 1383 862 privatis
1422 810 1749 851 difficultatibus

308 865 452 918 potior
489 864 540 904 ad
578 878 721 904 curam
756 865 921 904 senatui
956 863 1052 904 fuit.
1117 865 1286 905 Levatae
1318 865 1504 905 maxime
1540 880 1618 915 res,
1650 867 1750 921 quia

310 921 472 960 tributo
494 934 544 960 ac
567 919 732 960 delectu
758 933 1057 973 supersessum.
1116 919 1261 960 Tertio
1284 934 1394 960 anno
1419 930 1514 975 post
1536 922 1748 962 Satricum

95 987 137 1017 U.
155 986 192 1016 c.
208 989 280 1020 409.
310 977 553 1016 restitutum
577 990 601 1015 a
626 975 804 1025 Volscis,
828 974 895 1015 M.
920 974 1112 1015 Valerius
1137 975 1318 1025 Corvus,
1340 977 1570 1017 secundum
1601 977 1750 1018 consul

94 1030 134 1060 A.
152 1030 279 1087 22:²43.
309 1046 407 1072 cum
431 1031 482 1072 C.
508 1031 693 1071 Poetelio
716 1031 868 1080 factm,
889 1045 1019 1084 quum
1043 1045 1096 1071 ex
1123 1031 1246 1072 Latio
1267 1031 1515 1072 nunciatum
1547 1042 1670 1082 esset,
1693 1033 1750 1074 le-

96 1073 284 1144 ῗῗ“ὲ“ξὲῗ
311 1097 434 1141 gatos
456 1088 510 1127 ab
532 1087 666 1127 Antio
696 1088 922 1128 circumire
953 1086 1134 1141 populos
1168 1087 1415 1127 Latinorum
1448 1088 1499 1127 ad
1531 1089 1753 1129 concitan-

94 1158 170 1186 telio
187 1158 273 1186 Coss.
311 1144 411 1184 dum
438 1143 620 1193 bellum;
650 1143 895 1197 priusquam
933 1142 1024 1196 plus
1059 1142 1246 1183 hostium
1281 1142 1414 1192 fieret,
1438 1143 1603 1184 Volscis
1636 1158 1753 1184 arma

97 1199 466 1240 Bellnmcuminferre
498 1199 659 1253 jussus,
696 1199 746 1239 ad
788 1198 1000 1238 Satricum
1038 1198 1228 1239 exercitu
1276 1198 1431 1239 infesto
1469 1200 1624 1253 pergit.
1666 1214 1751 1253 quo

97 1253 225 1283 volscis.
311 1270 441 1308 quum
465 1255 661 1295 Antiates
682 1254 838 1308 aliique
862 1254 1006 1294 Volsci
1039 1254 1287 1309 praeparatis
1314 1254 1406 1308 jam
1442 1265 1553 1305 ante,
1584 1256 1617 1295 si
1651 1256 1752 1309 quid

310 1313 365 1352 ab
390 1311 530 1351 Roma
564 1320 818 1359 moveretur,
842 1310 978 1364 copiis
1012 1310 1316 1359 obem-usserit,
1348 1310 1460 1350 nulla
1493 1325 1610 1350 mora
1644 1311 1752 1351 iuter

311 1367 500 1407 infensos
523 1366 691 1406 diutino
715 1367 814 1406 odio
835 1366 1068 1406 dimicandi
1100 1365 1214 1405 facta
1244 1375 1322 1405 est.
1382 1365 1544 1415 Volsci,
1569 1366 1752 1407 ferocior

311 1424 362 1462 ad
389 1422 692 1471 rebellandum,
715 1436 842 1475 quam
866 1422 916 1461 ad
951 1421 1208 1470 bellandum,
1231 1434 1350 1476 gem,
1373 1423 1604 1462 certamine
1635 1423 1754 1472 victi,

311 1478 416 1532 fuga
447 1478 581 1518 effusa
613 1478 766 1518 Satrici
799 1477 961 1518 inoenia
995 1486 1157 1531 petunt.
1190 1487 1246 1526 et,
1270 1491 1321 1517 ne
1354 1477 1394 1516 in
1431 1478 1561 1517 muris
1580 1477 1754 1531 quidem

312 1536 413 1574 satis
437 1535 560 1574 firma
581 1548 670 1588 spe,
691 1547 820 1587 quum
845 1546 1003 1573 corona
1026 1532 1208 1572 militum
1241 1533 1383 1573 cincta
1409 1533 1501 1587 jam
1533 1534 1655 1573 scalis
1685 1548 1756 1574 ca-

312 1599 483 1644 peretur
513 1591 628 1639 urbs,
647 1590 699 1630 ad
731 1599 914 1643 quatuor
944 1588 1077 1628 millia
1108 1588 1306 1639 militum,
1335 1599 1489 1642 praeter
1518 1589 1755 1629 multitudi-

312 1659 409 1685 nem
443 1645 656 1694 inbellem,
678 1659 767 1685 sese
798 1645 1008 1685 dedidere.
1069 1643 1290 1698 Oppidum
1322 1644 1510 1684 dirutum
1542 1655 1671 1698 atque
1693 1645 1756 1685 in-

313 1715 515 1742 censum:
549 1702 601 1742 ab
625 1701 715 1741 aede
738 1710 902 1741 tantum
928 1699 1085 1740 Matris
1109 1699 1296 1740 Matutae
1318 1700 1560 1740 abstinuere
1593 1702 1752 1755 ignem.

315 1757 470 1797 Praeda
507 1757 650 1796 omnis
688 1755 813 1796 militi
851 1757 964 1796 data.
1025 1754 1162 1795 Extra
1192 1755 1380 1809 praedam
1410 1764 1591 1809 quatuor
1624 1756 1757 1796 millia

313 1813 557 1853 deditorum
589 1812 748 1853 habita.
780 1825 852 1852 eos
885 1812 1052 1852 vinctos
1083 1811 1232 1852 consul
1262 1820 1361 1851 ante
1399 1825 1569 1851 currum
1605 1812 1755 1852 trium-

313 1868 451 1922 phans
471 1868 585 1923 egit:
619 1868 801 1908 venditis
823 1867 976 1908 deinde
996 1880 1194 1922 magnam
1227 1867 1452 1921 pecuniam
1482 1867 1525 1906 in
1558 1867 1754 1907 aerarium

311 1925 493 1979 redegit.
553 1924 677 1974 Sunt,
699 1924 771 1977 qui
795 1923 905 1964 hanc
938 1922 1253 1963 multitudinem
1285 1924 1501 1977 captivam
1536 1937 1755 1964 servorum

313 1979 443 2020 fuisse
474 1979 687 2020 scribant:
722 1980 848 2034 idque
880 1978 1017 2033 magis
1050 1978 1277 2019 verisimile
1307 1988 1386 2029 est,
1422 1992 1550 2032 quam
1588 1979 1755 2019 deditos

313 2048 510 2076 venusse.
1763 2064 1766 2066 -

98 2097 142 2127 13.
161 2097 287 2127 0410·
373 2089 605 2132 XXVIII.
637 2089 734 2131 Hos
774 2089 968 2130 consules
1004 2089 1138 2130 secuti
1182 2098 1281 2129 sunt
1315 2088 1382 2129 M.
1406 2088 1564 2130 Fabius
1600 2088 1756 2138 Dorso,

97 2139 283 2211 ςέο-ξφ·
317 2146 406 2186 Ser.
430 2146 642 2200 Sulpicius
677 2145 941 2186 Camerinus.
1000 2145 1252 2185 Auruncum
1288 2145 1386 2184 inde
1422 2145 1575 2185 bellum
1605 2145 1660 2185 ab
1693 2159 1757 2185 re-

100 2183 283 2262 ge}‚F}„1¹;,'i',
315 2202 490 2256 pentiua
515 2201 790 2256 populatione
811 2211 1021 2255 coeptum.
1044 2209 1260 2255 metuque,
1284 2214 1334 2240 ne
1357 2201 1399 2240 id
1423 2199 1582 2242 factum
1619 2215 1755 2255 popu·

97 2267 147 2294 cio
163 2266 250 2296 Coss.
318 2260 343 2298 li
369 2259 507 2306 unius,
531 2258 757 2297 consilium
781 2257 919 2297 omnis
942 2257 1126 2296 nominis
1151 2256 1291 2296 Latini
1315 2265 1438 2305 esset,
1461 2257 1646 2297 dictator
1668 2256 1754 2296 vel-

97 2309 241 2381 2222}OE
258 2310 290 2339 L.
317 2323 361 2354 ut
383 2314 582 2354 adversus
605 2321 813 2353 armatum
841 2312 934 2366 jam
959 2312 1128 2352 Latium
1152 2312 1199 2352 L.
1225 2311 1374 2352 Furius
1397 2322 1580 2362 creatus,
1597 2313 1754 2368 magis·

353 2439 393 2467 35
420 2436 681 2466 Semunciarium
701 2456 707 2463 .
719 2433 864 2474 ..smnuq
882 2435 927 2465 Ut
952 2445 1010 2474 pro
1052 2440 1103 2465 tes
1118 2436 1178 2464 sub
1196 2435 1295 2464 finem
1312 2435 1424 2473 primi,
1439 2434 1589 2471 secundi,
1606 2439 1640 2464 et
1663 2436 1755 2465 tertii

310 2481 459 2508 centenis
491 2479 636 2508 nummis
666 2478 822 2507 dimidius
853 2487 1011 2507 nummus
1054 2479 1133 2508 anni
1150 2482 1415 2506 numerarentur.

309 2523 342 2551 in
376 2521 523 2560 singulos
546 2529 656 2559 *annos
687 2519 898 2558 penderetur.
934 2519 1009 2551 vid.
1096 2520 1222 2553 37*Ec
1243 2522 1289 2549 siv
1310 2517 1442 2559 qunque]
1463 2518 1504 2548 Et
1520 2519 1668 2556 quamvis
1685 2522 1759 2556 post

309 2568 378 2593 not.
391 2568 443 2597 93.
460 2564 501 2593 ad
518 2573 545 2592 c.
566 2565 612 2593 16.
628 2571 738 2602 supra.
1053 2562 1134 2591 talia
1157 2571 1312 2591 concessa
1335 2561 1523 2590 levamenta
1553 2570 1627 2600 pars
1652 2561 1754 2600 plebis

354 2608 394 2635 36
422 2606 460 2636 In
478 2607 641 2645 pensiones
662 2614 768 2643 nequas
791 2605 935 2641 triennii,
961 2606 1010 2633 ita
1054 2605 1162 2633 adhuc
1186 2604 1361 2639 laboraret,
1389 2603 1486 2632 fidem
1511 2607 1623 2632 tamen
1649 2603 1758 2641 publi-

309 2652 348 2677 ut
378 2653 498 2687 qum-ta
523 2656 665 2686 proesens
693 2649 785 2685 esset]
806 2647 931 2676 Totum
963 2656 1006 2676 ως
1052 2657 1138 2682 can),
1151 2647 1245 2684 cujus
1263 2647 1402 2675 interest
1417 2645 1497 2674 solvi
1513 2645 1690 2681 creditum,
1705 2655 1755 2674 se-

309 2690 455 2720 alienum
499 2694 639 2728 quatuor
673 2690 883 2727 pensionibus
926 2688 1006 2717 solvi
1052 2696 1150 2718 natus
1175 2690 1338 2727 potiorem
1362 2688 1479 2718 hahuit
1503 2687 1753 2718 difficultatibus

303 2732 435 2771 jussum
461 2739 523 2769 cst,
542 2734 588 2761 ita
611 2737 646 2761 ut
666 2737 783 2769 quarta
802 2741 874 2770 pars
891 2732 1003 2760 statim
1053 2731 1276 2768 molestiisque
1296 2731 1442 2769 privatis.

310 2781 623 2815 n·praescntaretur;
638 2779 703 2803 tres
716 2774 831 2811 rrliqui
845 2772 1008 2811 quadran—
