1925 3239
140 237 184 269 U.

141 281 180 312 Α.

141 783 286 816 Quatuor

139 831 247 864 gentes
263 827 297 856 in

139 869 269 899 Etruria

351 119 426 160 57⁸
912 115 1054 155 TITI
1090 117 1265 156 LIVII

201 237 327 269 C.456.
353 219 404 260 ad
427 219 582 260 ostium
609 218 716 260 Liris
740 217 875 269 fluvii,
896 222 1038 273 ⁸⁰quae
1063 216 1302 259 Minturnae
1323 217 1560 273 adpellata;
1590 218 1720 262 altera
1741 219 1784 261 ἰι

196 281 234 313 c.
251 283 324 317 296-
355 276 462 317 saltu
487 276 685 326 Vescino,
709 275 932 316 Falernum
957 275 1236 330 contingente
1257 288 1422 329 agrum,
1442 276 1513 316 ubi
1537 275 1698 332 Sinope
1718 276 1783 318 di-

354 333 468 374 citur
489 332 643 374 Graeca
667 333 765 372 urbs
788 331 930 380 fuisse,
954 331 1153 371 Sinuessa
1173 331 1324 371 deinde
1345 332 1399 372 ab
1424 331 1586 373 colonis
1621 332 1782 374 Roma-

354 389 420 430 nis
441 388 666 444 adpellata.
724 387 926 428 Tribunis
946 387 1080 443 plebis
1103 388 1322 443 negotium
1345 388 1490 436 datum
1513 397 1593 439 est,
1614 399 1661 430 ut
1695 389 1781 444 ple-

354 446 536 487 beiscito
561 445 786 500 juberetur
823 444 871 484 P.
895 444 1172 499 Sempronius
1207 453 1361 499 praetor
1390 445 1632 486 triumviros
1667 446 1709 486 in
1736 459 1786 486 ea

354 499 449 543 loca
478 502 641 543 colonis
663 501 920 541 deducendis
941 515 1094 542 creare.
1127 515 1218 550 nec,
1240 501 1310 556 qui
1343 501 1518 542 nomina
1537 502 1700 551 darent,
1722 501 1783 542 fa-

353 558 436 599 cile
465 558 806 607 inveniebantur,
832 558 934 612 quia
964 557 1006 597 in
1036 559 1260 598 stationem
1294 572 1336 597 se
1371 571 1502 614 prope
1534 568 1782 613 perpetuam

354 614 521 656 infestae
545 614 745 670 regionis,
769 628 852 654 non
877 614 916 654 in
951 627 1091 669 agros,
1114 614 1226 654 mitti
1258 614 1471 655 rebantur.
1529 613 1699 655 Avertit
1728 614 1783 655 ab

353 672 414 712 eis
435 672 546 712 curis
581 680 773 711 senatum
811 669 1322 725 Etruriae·ingravescens
1358 670 1529 720 bellum,
1549 679 1593 712 et
1623 671 1781 712 crebrae

352 726 489 769 literae
511 727 657 783 Appii,
676 727 902 777 monentis,
922 741 974 766 ne
997 727 1180 781 regionis
1196 727 1287 782 ejus
1306 736 1468 767 motum
1488 726 1782 783 neglegerent:

354 791 528 839 quatuor
558 789 698 841 gentes
726 781 907 838 conferre
936 798 1066 833 arma,
1101 783 1308 834 Etruscos,
1347 781 1562 832 Samnites,
1599 784 1783 834 Umbros,

356 839 516 882 Gallos.
532 842 630 897 jam
651 847 789 881 castra
811 838 1137 895 bg'f'arz’amjocta
1150 853 1243 889 esse,
1263 839 1363 894 quia
1381 853 1482 880 unus
1513 839 1619 881 locus
1644 853 1785 895 capere

135 913 303 942 conferunt
355 903 514 939 tantam
534 896 835 938 multitudinem
864 910 943 936 non
965 897 1104 951 possit.
1135 900 1164 922 ⁸¹
1183 896 1254 937 Ob
1277 896 1386 946 haec,
1407 906 1449 938 et
1470 896 1587 951 (jam
1608 897 1782 952 adpete-

138 963 225 984 arma
236 956 343 985 adver-
358 954 430 995 bat
452 956 639 1010 tempus)
660 953 957 995 comitiorum¹¹
978 968 1127 994 caussa
1154 952 1202 993 L.
1226 952 1478 994 Volumnius
1510 952 1658 994 consul
1692 953 1781 994 Ro-

136 998 193 1029 s'us
206 999 296 1030 Rom.

130 1581 243 1616 Fabius
258 1596 306 1615 re-

345 1024 468 1052 mam
501 1020 723 1052 revocatus
744 1026 752 1051 :
784 1009 856 1064 qui
891 1009 1020 1065 prius,
1042 1024 1168 1064 quam
1204 1009 1256 1050 ad
1292 1008 1541 1064 suffragium
1569 1010 1782 1051 centurias

351 1077 540 1118 vocaret,
559 1067 601 1108 in
621 1067 873 1108 concionem
896 1066 1104 1106 advocato
1128 1065 1303 1122 populo,
1324 1065 1457 1107 multa
1482 1066 1535 1107 de
1565 1067 1782 1122 magnitu-

350 1124 450 1166 dine
473 1124 569 1165 belli
594 1123 762 1167 Etrusci
783 1122 996 1163 disseruit.
1013 1123 1110 1178 jam
1130 1129 1230 1173 tum,
1250 1137 1374 1177 (letum
1395 1123 1475 1177 ipse
1495 1121 1554 1163 ibi
1580 1137 1669 1164 cum
1697 1122 1784 1164 col--

350 1180 440 1239 lega
461 1196 544 1221 rem
558 1181 715 1235 pariter
732 1180 907 1236 gesserit,
922 1178 1049 1235 faisse
1067 1186 1225 1219 tantum
1248 1178 1407 1230 bellum,
1420 1186 1464 1220 uc
1484 1193 1552 1219 nec
1572 1178 1668 1222 duce
1688 1194 1783 1233 uuo,

350 1252 417 1279 nec
437 1238 614 1279 exercitu
630 1237 719 1293 geri
734 1231 937 1291 potnerit}
967 1236 1171 1277 accessisse
1184 1242 1328 1290 postea
1348 1235 1430 1277 clici
1459 1234 1641 1287 Umbros,
1660 1243 1699 1278 et
1719 1237 1784 1276 in-

344 1302 502 1350 gentem
521 1295 736 1335 exercitum
759 1292 991 1334 Gallorum.
1050 1292 1261 1333 ,Adversus
1281 1299 1456 1347 quatuor
1468 1291 1642 1347 populos
1662 1296 1695 1318 ⁸2
1706 1292 1783 1333 du-

349 1355 428 1392 ces*
449 1350 624 1392 consules
646 1350 716 1391 illo
737 1350 801 1390 die
820 1349 947 1405 deligi
974 1349 1255 1390 meminissent.
1275 1362 1327 1399 se,
1349 1349 1429 1389 uisi
1449 1348 1675 1403 confideret,
1693 1362 1781 1390 eum

346 1422 535 1450 consensu
548 1407 692 1463 populi
715 1406 893 1449 Romani
914 1405 1108 1446 consulem
1129 1404 1379 1446 declaratum,
1400 1405 1469 1456 iri,
1487 1405 1558 1461 qui
1577 1405 1688 1447 hund
1705 1405 1781 1446 du-

350 1464 410 1505 bie
430 1471 515 1505 tum
527 1465 688 1519 primus
708 1464 884 1504 omnium
905 1463 1047 1503 ductor
1068 1462 1280 1513 habeatur,
1300 1462 1534 1504 dictatorem
1548 1461 1684 1519 fuisse
1712 1476 1779 1504 ex-

346 1521 491 1575 templo
512 1521 728 1562 dicturum.

400 1577 564 1620 XXII.
600 1577 772 1618 Nemini
811 1576 988 1617 dubium
1028 1583 1132 1625 erat,
1163 1575 1266 1630 quin
1298 1575 1353 1621 Q.
1387 1575 1544 1616 Fabius
1581 1574 1774 1617 omnium

130 1632 323 1660 susanscos.
341 1649 551 1676 consensu
583 1635 892 1684 destinaretur3
922 1646 1104 1687 eumque
1135 1643 1177 1672 et
1199 1638 1228 1658 ⁸³
1248 1632 1561 1687 praerogativae,
1580 1637 1611 1658 ⁰⁴
1625 1640 1668 1673 et
1695 1632 1781 1687 pri-

129 1673 266 1712 eligitur.

335 1841 384 1888 .L·
403 1841 473 1872 Vol.
488 1841 578 1871 Crcv.

344 1706 416 1734 mo
439 1701 601 1733 vocatae
623 1705 770 1733 omnes
792 1689 997 1731 centuriae
1020 1688 1236 1730 consulem
1259 1703 1357 1730 cum
1383 1689 1430 1730 L.
1453 1688 1684 1730 Volumnio
1713 1688 1781 1730 di-

386 1803 401 1824 q
425 1797 467 1837 (et
479 1796 555 1836 jam
569 1798 640 1837 adp.
653 1803 748 1837 temp.
771 1794 974 1867 comitigrum)
992 1795 1033 1825 L.
1052 1796 1120 1825 Vol.
1146 1796 1241 1824 Gron.
1260 1791 1338 1836 (ου’.
1354 1805 1383 1824 a.
1399 1793 1434 1834 e.)
1459 1795 1653 1826 comitiorum
1673 1803 1781 1825 caussa

751 1845 761 1859 ¹
783 1840 858 1869 duos
888 1848 969 1869 rron.

336 2841 495 2863 inanum.

387 1930 429 1958 80
450 1927 534 1968 ‚Quae
555 1926 735 1957 Minturnae
757 1924 936 1965 appellata]
964 1924 1042 1955 «lam

343 1969 594 2002 Mintur-narum
605 1969 809 2000 mentionem
821 1968 901 1998 feeit
916 1968 1043 2006 Livius,

343 2023 445 2053 supra
457 2014 552 2044 VIlI.
573 2017 620 2044 10.
638 2019 672 2043 et
693 2015 739 2042 ll.
756 2016 789 2042 et
805 2011 864 2042 IX.
881 2013 932 2042 ⁵25.
978 2012 1044 2041 lta-

347 2067 412 2096 que
428 2067 494 2087 non
512 2066 596 2087 nova
611 2057 673 2086 hoe
690 2056 761 2085 loco
779 2054 855 2084 urbs
880 2054 1044 2092 conditur,

343 2100 401 2130 sed
416 2110 549 2130 necesse
564 2105 615 2129 est
635 2100 707 2137 jam
724 2103 802 2128 ante
820 2098 862 2127 ibi
878 2098 1037 2137 oppidum

342 2143 458 2182 fuisse,
474 2143 561 2182 quod
581 2148 693 2173 tannen
717 2142 781 2172 alio
806 2141 938 2170 nomine
962 2148 1038 2171 ante

344 2186 432 2217 hanc
462 2186 624 2217 coloniam
654 2185 831 2225 deductam
861 2184 1040 2224 appellare-

317 2243 321 2245 ·
344 2234 415 2267 tur,
432 2229 710 2269 quemadmodum
738 2238 812 2257 uiox
838 2234 1041 2257 memoratur

345 2273 467 2312 Sinope
482 2273 559 2303 urbs
576 2272 691 2302 Graeca
706 2272 869 2302 Sinuessa:
888 2280 1006 2300 nomen
1025 2281 1042 2299 a

345 2316 470 2346 colonis
486 2317 661 2355 accepisse.
709 2314 771 2344 Ubi
793 2321 904 2343 amem
930 2314 1041 2343 Livius

346 2359 522 2399 appellavit
551 2362 649 2388 antea
686 2358 890 2392 Minturnas,
920 2357 1042 2386 intelli-

347 2402 457 2443 genda
472 2402 597 2432 scilicet
619 2411 658 2431 ea
681 2405 731 2430 est
756 2400 831 2429 urbs
855 2400 906 2429 cui
931 2406 1044 2438 poste-1

347 2445 529 2475 Minturnae
550 2454 670 2473 nornen
693 2444 768 2473 fnit.
814 2442 865 2472 Sic
889 2448 921 2472 et
946 2444 1042 2473 Sinu-

345 2498 452 2518 essam
477 2487 696 2527 nuncupavit,
712 2486 733 2516 l.
750 2485 840 2516 vlu.
857 2496 885 2516 c.
908 2489 953 2515 ll.
968 2496 1039 2515 eain

348 2532 462 2561 urbem
494 2541 568 2569 quaa
598 2536 679 2560 tuuc
711 2530 868 2569 temporis
908 2530 1040 2568 Sinope,

348 2582 461 2614 postea
476 2574 631 2603 Sinuessa
645 2573 811 2613 appellata
826 2577 886 2601 est.

391 2620 427 2648 81
460 2616 506 2646 Oe»
521 2618 597 2653 hac,
619 2619 661 2657 (et
679 2615 755 2657 jam
778 2616 944 2655 appetebat
962 2618 1042 2644 lem-

338 2667 418 2700 ραι)
437 2661 635 2689 comiriorwn
658 2669 758 2689 causa
781 2659 820 2689 L.
838 2657 1040 2697 Volumnius]

343 2703 409 2733 'Pro
432 2702 492 2732 hac
516 2702 657 2732 lectione
680 2705 770 2732 stant
794 2710 920 2731 veteres
945 2701 1038 2738 editi,

346 2745 412 2776 duo
434 2746 547 2785 scripti
571 2755 589 2776 e
609 2746 838 2781 Gronoviauis,
861 2751 894 2774 et
923 2754 1037 2775 omnes

347 2789 462 2819 nostri.
509 2788 551 2819 Et
575 2798 653 2818 sane
677 2789 734 2818 illa
757 2789 842 2827 sapit
868 2788 1036 2818 Lisianam

553 2831 736 2863 Gronovius
773 2831 940 2862 ediderat:
990 2829 1037 2862 Ob

1086 1925 1152 1954 hoec
1170 1924 1212 1964 (el
1226 1922 1302 1965 jam
1319 1926 1484 1965 appetebat
1499 1929 1625 1965 tempus
1645 1925 1784 1955 comitio-

1087 1968 1175 2006 rum)
1191 1968 1232 1998 L.
1250 1969 1455 1999 Volumnius:
1473 1968 1582 1998 miuus
1598 1967 1780 2007 eleganter,

1088 2020 1148 2040 nec
1169 2012 1248 2041 satis
1273 2013 1368 2042 firma
1392 2012 1548 2042 librorum
1571 2012 1781 2041 auctoritate.

1089 2055 1209 2084 Sensus
1224 2062 1275 2085 est
1289 2067 1295 2084 ε
1321 2055 1392 2085 Hac
1407 2055 1447 2085 de.
1463 2063 1576 2091 causa,
1592 2053 1634 2084 ad
1655 2053 1780 2084 haben-

1082 2097 1123 2127 da
1145 2099 1294 2135 coniitia,
1313 2107 1455 2137 quorum
1472 2098 1544 2137 jam
1567 2103 1701 2137 tempus
1723 2106 1781 2137 ap·

1085 2141 1337 2181 propinquabat.
1356 2162 1384 2171 .-

1127 2185 1166 2214 8‘2
1192 2184 1300 2215 Duces
1324 2185 1477 2223 consules]
1504 2183 1657 2223 Sigonius
1679 2180 1779 2212 dede.

1085 2233 1134 2256 rat
1158 2227 1254 2257 duos.-
1278 2228 1496 2267 sregeratque‚
1520 2232 1560 2257 ut
1580 2231 1671 2256 recte
1687 2224 1780 2264 judi-

1086 2274 1139 2299 cat
1155 2270 1351 2306 Gronovius,
1367 2272 1432 2300 vim
1456 2270 1632 2300 sententiae
1655 2268 1773 2310 puerili

1087 2313 1160 2343 lusu
1177 2314 1209 2343 in
1227 2315 1371 2344 numeris
1388 2318 1528 2352 quinum·
1541 2316 1574 2342 et
1588 2313 1660 2343 duo.
1683 2312 1780 2343 Anti-

1086 2357 1140 2394 qui
1154 2357 1233 2387 editi
1245 2361 1278 2387 et
1288 2358 1400 2397 scripti
1414 2366 1527 2386 omnes
1539 2356 1642 2386 nostri
1654 2354 1778 2385 habent

1086 2401 1189 2429 duces.

1130 2446 1170 2473 83
1196 2441 1441 2481 Proerogativoe]
1468 2441 1706 2480 Reponendum
1730 2441 1777 2470 vi·

1085 2485 1182 2515 detur
1192 2486 1420 2526 proerogativu.
1466 2484 1618 2523 Sigonius
1641 2483 1774 2523 quidem

1084 2529 1116 2558 in
1149 2536 1218 2560 not.
1244 2529 1284 2559 ad
1313 2528 1351 2558 V.
1376 2531 1434 2558 48.
1458 2527 1539 2557 (luas
1570 2527 1668 2558 fuisse
1692 2535 1775 2567 prae·

1086 2573 1246 2610 rogatis-as
1269 2572 1435 2601 centurias
1461 2575 1570 2610 putat,
1593 2579 1697 2600 unum
1716 2569 1774 2609 ju-

1087 2615 1231 2651 niorum,
1248 2615 1384 2645 alteram
1401 2614 1579 2644 seniorum.
1601 2612 1664 2643 Sed
1680 2612 1772 2643 locus

1087 2657 1160 2688 libri
1176 2657 1295 2688 xxw.
1313 2657 1451 2694 Liviani,
1469 2667 1497 2686 c.
1513 2657 1565 2687 22.
1582 2656 1667 2687 unde
1684 2655 1772 2686 vide-

1083 2705 1140 2731 tur
1162 2701 1245 2733 hanc
1269 2701 1456 2741 opinionem
1479 2700 1657 2741 sumpsisse
1678 2699 1770 2739 Sigo-

1083 2744 1172 2782 nius,
1189 2746 1217 2775 ei
1242 2744 1351 2785 potius
1369 2747 1544 2783 repugnat.

1124 2789 1164 2819 8⁴
1187 2787 1236 2821 Ec
1250 2789 1359 2831 primo
1380 2785 1510 2828 vocam]
1529 2784 1602 2817 vid.
1618 2793 1718 2825 supra
1739 2793 1769 2815 e.
