1991 3250
402 129 476 170 178
951 126 1089 166 ΤΙΤῙ
1124 126 1296 165 LIVII

349 244 376 272 ·.
404 227 495 268 sine
525 224 610 268 ullo
640 235 880 268 commeatu
916 225 1060 268 fuisse.
1103 226 1179 267 *ni
1219 225 1278 266 ita
1312 232 1437 277 esset,
1468 221 1594 268 mults
1627 226 1826 284 privatim

343 301 369 319 a·
405 284 599 325 ferebant
622 283 793 324 Volscio
821 283 990 339 ¹judices
1009 286 1032 324 ².
1071 283 1217 329 Quum
1247 282 1296 322 ad
1322 282 1536 337 judicium
1559 284 1618 324 ire
1648 298 1730 325 non
1754 299 1830 325 au-

403 341 536 391 deret,
568 353 716 380 omnes
750 355 811 381 eae
851 354 929 389 reS,
962 340 1005 380 in
1043 354 1174 380 unum
1210 348 1508 394 congruentes,
1541 339 1651 381 haud
1693 341 1841 396 magis*

403 397 578 439 dubiam
621 396 938 436 damnationem
978 395 1155 445 Volscii,
1196 410 1323 451 quam
1374 395 1573 436 Kaesonis
1621 397 1829 438 ⁵Volscio

404 462 513 496 teste
533 452 686 503 fuerat,
709 452 939 493 faciebant.
1000 450 1051 491 In
1082 466 1200 492 mora
1221 452 1381 493 tribuni
1404 460 1539 503 erant,
1561 452 1631 507 qui
1655 453 1833 494 comitia

403 519 636 565 quaestores
668 509 825 549 habere
855 509 908 549 de
934 522 1021 557 reo,
1045 508 1124 548 nisi
1157 508 1270 563 prius
1302 509 1450 549 habita
1474 508 1525 549 de
1555 508 1649 564 lege
1675 519 1832 559 essent,

404 578 603 622 passuros
635 566 868 619 negabant.
911 565 970 604 ita
1002 573 1197 605 extracta
1228 573 1405 620 utraque
1439 579 1502 613 res
1536 566 1578 606 in
1608 565 1832 606 consulum

405 623 633 664 adventum
657 632 734 661 est.
795 621 881 666 Qui
905 621 978 660 ubi
1005 620 1312 676 triumphantes
1338 621 1497 662 victore
1519 635 1617 662 cum
1639 623 1833 662 exercitu

403 681 554 720 urbem
580 678 778 726 inierunt,
799 677 898 731 quia
919 676 1132 717 silentium
1155 677 1207 717 de
1234 677 1327 731 lege
1349 687 1453 728 erat,
1477 677 1692 733 perculsos
1715 691 1835 732 mag-

403 748 462 776 na
483 749 578 791 pars
600 734 831 775 credebant
850 733 1056 774 tribunos.
1098 732 1159 773 At
1179 733 1254 783 illi,
1271 735 1447 786 (etenim
1469 746 1710 775 extremum
1733 733 1834 774 anni

398 792 493 847 jam
525 794 632 840 erat)
662 800 859 845 quartum
891 789 1156 848 adfectantes
1185 790 1463 841 tribunatum,
1488 792 1530 835 iu
1559 790 1835 832 comitiorum

372 871 374 874 ·
405 848 762 904 disceptationem
785 847 838 887 ab
861 845 954 902 lege
972 854 1187 886 certamen
1217 848 1473 888 averterant.
1512 856 1555 888 et
1578 861 1709 902 quum
1732 861 1836 888 con-

404 905 516 946 sules
556 903 692 945 nihilo
734 904 874 944 minus
922 903 1119 944 adversus
1162 903 1529 945 continuationem
1579 905 1838 954 tribunatus,

404 975 534 1016 quam
566 962 599 1002 si
630 961 698 1001 lex
730 960 972 1000 minuendae
1004 973 1090 1000 suae
1122 959 1356 1013 majestatis
1386 974 1534 1001 caussa
1564 959 1836 1016 promulgata

405 1018 600 1069 ferretur,
615 1017 906 1066 tetendissent,
923 1016 1104 1056 victoria
1121 1016 1365 1056 certaminis
1386 1030 1512 1072 penes
1526 1017 1720 1057 tribunos
1739 1016 1837 1057 fuit.

408 1074 572 1116 Eodem
603 1088 716 1115 anno
739 1073 890 1128 AEquis
920 1088 1003 1128 pax
1035 1081 1098 1112 est
1123 1073 1364 1127 petentibus
1395 1073 1508 1113 data.
1569 1073 1746 1122 Census,
1772 1087 1837 1113 res

406 1132 548 1188 priore
570 1146 682 1171 anno
704 1130 918 1179 inchoata,
944 1128 1184 1185 perficitur:
1218 1129 1344 1184 idque
1367 1129 1381 1151 ⁶
1397 1130 1573 1170 lustrum
1596 1130 1651 1170 ab
1671 1129 1839 1184 origine

409 1189 523 1229 urbis
556 1187 770 1229 decimum
806 1187 1041 1227 conditum.
1110 1186 1300 1226 Fuerunt
1336 1200 1464 1226 censa
1500 1185 1660 1226 civium
1696 1185 1839 1242 capita

408 1253 582 1286 centum
621 1243 925 1299 septemdecim
959 1242 1090 1282 millia
1122 1251 1311 1283 trecenta
1339 1243 1633 1283 novemdecim
1649 1248 1678 1282 ¹¹.
1720 1242 1839 1283 Con-

409 1301 546 1342 sulum
579 1315 732 1356 magna
755 1299 872 1340 domi
905 1299 1086 1354 bellique
1116 1313 1166 1339 eo
1197 1313 1309 1339 anno
1332 1299 1469 1354 gloria
1500 1301 1607 1340 fuit:
1650 1299 1764 1353 quod
1795 1308 1838 1339 et

410 1358 515 1399 foris
549 1371 692 1413 pacem
731 1369 944 1413 peperere,
974 1364 1014 1396 et
1046 1355 1177 1406 (lomi,
1208 1356 1288 1396 etsi
1318 1370 1406 1397 non
1435 1369 1632 1406 concorS,
1662 1362 1677 1385 ⁷
1698 1356 1839 1397 minus

411 1423 568 1464 tamen,
593 1428 720 1468 quam
742 1413 857 1463 alias,
881 1412 1036 1453 infesta
1055 1412 1207 1452 civitas
1238 1411 1334 1452 fuit.

470 1470 622 1512 XXV.
649 1470 696 1510 L.
719 1469 941 1511 Minucius
964 1469 1063 1509 inde
1084 1478 1126 1508 et
1148 1467 1199 1509 C.
1223 1468 1406 1509 Nautius
1425 1468 1617 1509 consules
1640 1467 1740 1509 facti
1761 1466 1839 1508 du-

194 1143 340 1172 Lustrum

194 1185 358 1215 decimum.

197 1481 240 1513 U.
258 1481 295 1512 C.
312 1481 386 1515 ⁶296.

194 1527 238 1556 A.
256 1526 384 1575 C3456.
412 1542 453 1568 as
473 1527 656 1568 residuas
688 1527 786 1567 anni
812 1526 964 1581 prioris
987 1540 1152 1566 caussas
1184 1534 1458 1580 exceperunt.
1520 1524 1679 1566 Eodem
1709 1524 1840 1566 modo

194 1569 360 1647 &fg-'m‘
413 1584 608 1626 consules
627 1583 780 1638 legem,
799 1583 954 1623 tribuni
964 1581 1177 1636 judicium
1193 1582 1425 1623 cleVolseio
1445 1581 1719 1636 inpediebant
1735 1597 1745 1623 ε
1768 1580 1844 1622 sed

196 1655 315 1684 Nautio
329 1656 370 1685 11.

415 1642 460 1683 in
481 1641 765 1696 quaestoribus
789 1639 910 1681 novis
935 1638 1066 1693 major
1090 1639 1167 1689 vis,
1191 1638 1324 1693 major
1344 1640 1572 1680 auctoritas
1594 1648 1695 1679 erat.
1728 1637 1840 1679 Cum

196 1699 282 1728 coss.

428 1733 438 1750 ²
451 1730 594 1771 judicem
608 1730 704 1758 Gron.
722 1728 813 1759 crev.
900 1734 915 1748 ¹¹
939 1734 1055 1758 centum
1069 1730 1203 1766 triginta
1219 1728 1277 1757 cluo
1291 1729 1393 1758 millia
1407 1728 1632 1768 quadringenta
1644 1738 1750 1758 novem
1763 1728 1847 1759 Eaed.

455 1808 476 1836 4
501 1806 552 1836 Ni
572 1807 621 1835 ita.
644 1805 735 1844 esset]
768 1805 892 1835 Praeter
913 1809 1105 1843 qua-stores,
1149 1807 1316 1844 oporteret
1330 1804 1370 1834 ab
1386 1813 1425 1834 eo
1439 1804 1759 1843 magistratu,cujus
1770 1810 1843 1835 erat

414 1850 470 1888 qui
487 1848 617 1889 publice
634 1854 668 1879 et
682 1850 713 1878 vi
735 1849 948 1887 magistratus
962 1848 1014 1879 sui
1029 1847 1106 1877 Vol·
1143 1847 1346 1886 jurisdictio,
1363 1857 1482 1887 nempe
1499 1848 1613 1887 primis
1636 1848 1842 1888 temporibus

413 1893 518 1923 scium
543 1892 756 1928 accusabam,
773 1891 871 1921 multi
896 1891 1050 1931 privatim
1073 1895 1107 1920 et

412 1945 474 1966 suo
498 1936 632 1965 nomine
656 1944 734 1964 eum
758 1935 792 1964 in
810 1935 866 1973 jus
886 1934 1058 1971 vocabant,
1074 1938 1108 1964 et

414 1989 525 2009 coram
543 1979 658 2017 judice
680 1988 793 2008 secum
810 1978 993 2017 disceptare
1009 1978 1108 2016 juhe-

413 2022 508 2059 bant,
525 2021 718 2062 spondendo
734 2031 767 2051 se
794 2025 916 2050 certam
942 2020 1105 2060 quandam

410 2065 567 2107 ,pecuniae
598 2074 764 2094 summani
796 2064 944 2101 (laturos,
976 2064 1001 2093 si
1034 2073 1107 2093 rens

414 2109 571 2148 probaret
593 2118 660 2137 non
679 2109 726 2137 ita
741 2118 774 2137 se
799 2118 867 2137 reni
893 2107 1022 2137 habere.
1069 2106 1108 2136 ln

417 2152 603 2181 intentione
620 2151 685 2181 litis
698 2157 790 2181 actor
806 2156 839 2180 et
851 2161 924 2181 reus
940 2161 973 2180 se
991 2153 1109 2180 mutuo

416 2196 592 2234 sponsione
630 2196 872 2234 provocabant3
912 2203 944 2223 et
978 2193 1109 2232 utrique

418 2247 552 2268 necesse
578 2243 649 2267 erat
673 2238 847 2277 spondere,
873 2246 920 2273 se,
947 2237 1008 2266 nisi
1040 2245 1108 2267 rem

418 2281 574 2321 probaret
589 2281 637 2310 ita
649 2291 721 2310 esse
737 2280 1015 2319 ‹puzinad{nodum
1033 2289 1111 2309 con-

419 2325 586 2360 tenderet,
610 2329 734 2353 certam
760 2323 936 2362 (pinnulam
963 2324 1111 2362 pecnnia:

419 2376 600 2404 summanr,
617 2376 690 2405 quae
708 2367 897 2403 finiebatur,
913 2365 1111 2395 soluturum.

418 2409 495 2448 vid.
518 2411 592 2441 Asc.
618 2409 693 2439 l'ed.
718 2410 750 2439 in
770 2410 790 2439 Ι.
810 2411 830 2439 ῐ.
855 2411 887 2438 in
912 2409 1060 2445 Verrem,
1079 2418 1112 2439 n.

425 2456 495 2484 116.
539 2453 673 2484 'salium
709 2454 921 2492 sponsionum
961 2463 1010 2481 ext
1025 2451 1113 2492 mpla

422 2496 521 2526 habes
553 2495 641 2536 apud
671 2495 739 2525 Cic.
764 2497 825 2526 Ill.
853 2497 891 2524 (le
916 2495 979 2524 Off.
1004 2505 1035 2524 n.
1060 2499 1111 2528 77.

420 2539 495 2569 vat.
525 2539 613 2569 Max.
640 2539 661 2568 l.
685 2540 726 2569 11.
752 2551 779 2569 e.
808 2544 837 2569 8.
887 2540 982 2568 Porro
1009 2549 1110 2576 quarm

423 2583 616 2622 actor-sbrie
630 2579 775 2622 judicem
792 2592 846 2611 reo
863 2581 997 2618 dicitnr,
1016 2582 1073 2610 int«
1089 2582 1114 2610 l-

423 2625 594 2663 ligentliun
612 2634 659 2654 cst
677 2626 717 2654 ab
729 2637 767 2654 co
785 2626 981 2655 nominatim
1004 2625 1111 2655 oti‘crri

427 2679 461 2698 ac
479 2669 614 2707 proponi
632 2668 774 2707 aliquem
792 2680 809 2696 (-
827 2668 1009 2705 jndicibus,
1025 2669 1112 2707 apud

424 2721 523 2750 quem
537 2711 657 2748 dejure
672 2713 843 2750 utriusque
855 2712 1111 2752 disceptaretur:

424 2755 481 2793 qui
498 2755 523 2783 si
541 2755 734 2793 probari-rtur
750 2765 816 2790 rco,
834 2754 1020 2793 iumjudex
1037 2764 1114 2783 con-

423 2798 549 2827 venisse
578 2797 757 2827 'lici-batur.
801 2798 914 2836 Quum
939 2803 1051 2827 antoni
1079 2798 1112 2826 in

415 2840 569 2880 ‚singulas
583 2840 826 2879 litesjudicem,
841 2841 889 2870 vol
899 2840 1030 2879 jndices
1044 2840 1114 2878 (lari

1152 1900 1171 1919 a
1188 1890 1335 1927 consule,
1352 1895 1465 1930 postea
1480 1901 1497 1921 a
1516 1897 1676 1930 praetore3
1701 1895 1793 1921 actor
1808 1897 1845 1921 et

1152 1943 1226 1963 reus
1244 1935 1467 1964 communiter
1489 1934 1529 1964 ab
1552 1944 1592 1964 eo
1614 1934 1843 1974 postulabant,

1151 1983 1190 2007 ut
1206 1977 1259 2007 hic
1275 1978 1330 2015 qui
1348 1983 1547 2007 convenerat
1562 1978 1622 2008 sibi
1633 1978 1734 2018 judex
1751 1978 1846 2008 dare-

1152 2027 1218 2050 tur.
1265 2021 1512 2060 Nonnunquam
1537 2026 1630 2051 actor
1653 2031 1709 2052 reo
1732 2021 1845 2059 dabat,

1153 2069 1192 2093 ut
1216 2064 1285 2103 ipse
1302 2062 1448 2105 judicem
1472 2064 1601 2101 diceret,
1625 2065 1646 2094 i.
1670 2074 1700 2095 e.
1724 2075 1802 2095 eum
1825 2074 1844 2096 e

1146 2107 1328 2145 judicibus,
1344 2117 1442 2146 quein
1466 2108 1528 2147 ipsi
1548 2108 1726 2146 videretur,
1742 2107 1844 2148 elige·

1154 2154 1205 2181 ret
1231 2156 1265 2180 et
1287 2160 1306 2181 a
1329 2151 1528 2190 ,magistratu
1554 2150 1746 2191 postularet.
1788 2151 1844 2189 Sic

1154 2193 1251 2231 infra,
1268 2205 1296 2224 c.
1315 2194 1366 2225 56.
1395 2193 1563 2233 Virginius
1585 2194 1731 2235 Appium
1755 2205 1846 2234 com-

1155 2236 1258 2279 pellat
1275 2237 1324 2267 his
1343 2238 1465 2268 verbis:
1502 2237 1606 2268 (Intus
1628 2243 1758 2269 tantum
1781 2239 1846 2269 cri-

1157 2281 1252 2310 minis
1267 2279 1451 2320 nijudicem
1469 2281 1561 2311 dices.
1603 2281 1760 2312 Ceterum
1777 2281 1846 2312 An-

1156 2323 1248 2353 dreas
1265 2329 1299 2353 et
1316 2325 1508 2354 vetustiores
1533 2324 1610 2354 editi
1635 2324 1759 2354 habent
1782 2324 1844 2354 hoc

1157 2366 1227 2396 loco
1264 2365 1412 2407 juslicc’s:
1457 2368 1592 2407 optiinm
1630 2367 1845 2406 mem'branae,

1156 2415 1240 2439 teste
1271 2410 1447 2447 Gronovio,
1468 2409 1602 2452 judicis.
1647 2411 1762 2449 [taque
1791 2410 1849 2441 ille

1157 2454 1262 2483 credit
1279 2453 1407 2484 Livium
1431 2454 1596 2493 scripsisse
1611 2450 1751 2493 judices,
1769 2454 1847 2492 quia

1158 2505 1276 2535 nempe
1294 2496 1405 2534 multi,
1421 2502 1455 2526 et
1469 2496 1553 2526 alins
1569 2496 1670 2527 alium
1696 2497 1847 2528 ferebant

1157 2539 1454 2577 Volsciojudicem.

1202 2582 1377 2613 51*l'0!scio
1405 2581 1495 2622 teste]
1534 2581 1585 2613 Ob
1613 2583 1847 2614 testimonium

1158 2626 1291 2656 voizcii.

1200 2671 1219 2698 (ι’
1245 2669 1416 2699 Lustrum.
1429 2689 1435 2696 .
1452 2689 1459 2697 .
1470 2688 1479 2697 .
1492 2668 1665 2708 decimum]
1690 2668 1764 2699 vid.
1778 2672 1848 2700 not.

1159 2716 1187 2740 ἢ.
1212 2712 1251 2740 :nl
1268 2723 1295 2740 ι·.
1314 2714 1342 2741 13.
1367 2712 1462 2749 liujus
1480 2711 1564 2742 libri.

1201 2758 1216 2786 7
1244 2754 1365 2784 Minus.
1379 2776 1386 2784 .
1401 2778 1408 2785 .
1429 2753 1559 2795 ilfistu]
1595 2755 1707 2786 Minus
1730 2757 1847 2787 vexata

1157 2796 1336 2828 discordiis.
