1925 3239
504 115 627 155 LIB.
665 115 736 155 IX.
782 116 914 155 c-AP.
941 116 1084 156 XLIV.
1421 125 1495 160 549

53 216 109 258 Et
129 225 272 260 escum
297 218 730 276 Karthaginiensibus
749 219 897 261 eodem
922 235 1034 260 anno
1056 219 1198 261 foedus
1223 222 1348 263 tertio
1369 237 1491 265 reno·
1506 239 1544 270 U.
1564 240 1600 269 c
1618 243 1691 274 447

51 284 223 318 vatum:
255 253 491 332 legatisque
513 290 675 328 εοιυιη,
697 277 769 331 qui
804 277 923 318 adid
947 288 1164 328 venerant,
1186 280 1366 320 comiter
1398 283 1540 321 inu-A-
1562 283 1598 313 (3-
1618 289 1677 313 ³05·

53 344 154 372 nefa
175 333 316 373 missa
1504 327 1702 366 Karthagini-

111 388 280 430 XLIV.
314 389 612 431 Dictatorem-
623 359 733 430 idem
777 403 912 429 annus
954 389 1106 431 habuit
1148 390 1198 431 P.
1243 390 1488 433 Cornelium
1503 372 1705 442 {ngzffiatu

55 444 316 500 Scipionem,
338 461 436 487 curn
467 447 671 502 magistro
701 446 892 501 equitum
928 446 976 486 Ρ.
1004 446 1141 487 Decio
1175 447 1316 488 Mum.
1339 450 1393 489 ab
1425 450 1489 500 iis,
1504 456 1674 485 liusdicta

57 512 228 557 propter
259 517 355 558 quae
388 503 517 544 creati
551 512 685 553 erant,
717 503 892 543 comitia
924 504 1162 544 consulania
1201 504 1361 568 habita,
1391 505 1598 571 quia¹l⁰sso

55 569 202 599 neuter
236 559 457 600 consulum
502 568 697 615 potuerat
738 559 847 600 bello
888 561 1048 601 abesse.
1110 560 1203 601 Cre
1196 571 1251 601 1t1
1296 563 1489 603 consules
1505 549 1541 613 ξ
1561 585 1596 614 (
1613 545 1689 615 23}

56 614 104 655 L.
130 615 392 664 Postumius,
415 616 482 656 Ti.
505 616 742 657 Minucius.
804 616 899 657 Hos
922 616 1116 657 consules
1151 617 1250 657 Piso
1275 618 1330 664 Q
1356 619 1536 659 FabioL.
1554 630 1660 657 Postu-

52 681 96 711 et
119 671 169 712 P.
192 671 329 713 Decio
352 650 557 729 sdbgerst,
574 673 745 713 biennio
761 683 948 722 exemto,
962 688 1047 728 quo
1066 673 1292 715 Claudium
1317 675 1488 716 Volum
1504 681 1576 706 ‘¹¹¹⁰
1593 673 1641 699 Γί-

55 729 272 783 niumque,
294 741 338 770 et
360 729 605 770 Cornelium
630 744 726 770 cum
753 728 919 770 Marcio
942 730 1136 770 consules
1159 731 1294 771 factos
1317 733 1490 773 tradidi·
1504 715 1643 787 &gisum

55 799 161 826 mus,
174 787 434 827 memoriane
455 786 644 842 fugerit
636 801 677 826 in
701 786 923 827 annalibus
945 787 1201 842 digerendis,
1219 802 1271 828 an
1295 789 1490 830 consulto

55 842 176 883 binos
218 843 426 894 consules,
467 843 593 884 falsos
636 852 763 893 ratus,
807 844 1125 893 transcenderit,
1165 845 1373 885 incertum
1413 855 1489 887 est.

55 896 217 940 Eodem
238 915 350 941 anno
373 900 413 940 in
428 914 625 955 campum
650 899 864 940 Stellatem
888 901 978 955 agri
1003 900 1211 965 Campani
1234 902 1272 942 S
1266 903 1486 943 nnnitium
1504 915 1585 942 Coss.
1601 913 1633 942 in

52 956 314 997 incursiones
355 956 499 998 factae.
559 956 711 1010 Itaque
753 958 881 998 ambo
923 957 1132 1006 consules,
1175 958 1216 998 in
1269 960 1486 1000 Samnium
1503 957 1659 985 samnium

51 1013 185 1064 missi,
206 1027 335 1067 quum
359 1014 544 1054 diversas
566 1014 775 1069 regioneS,
797 1012 1018 1054 TiFernum
1052 1014 1313 1065 Postumius,
1337 1017 1488 1056 Bovia-
1502 1003 1587 1028 ⁶⁰¹¹*

51 1082 153 1109 num
188 1069 424 1120 Minucius,
454 1070 684 1125 petissent3
719 1070 928 1110 Postumii
963 1071 1075 1125 prius
1107 1071 1237 1111 ductu
1270 1072 1320 1112 ad
1353 1072 1488 1113 Tifer-

51 1140 152 1166 num
177 1137 429 1202 pugnatum.
491 1126 573 1167 Alii
600 1127 709 1167 haud
742 1127 868 1167 dubie
901 1127 1113 1168 Samnites
1138 1128 1288 1178 victos,
1309 1133 1340 1154 ⁸⁴
1354 1144 1403 1170 ac
1428 1131 1489 1170 vi-

55 1182 163 1238 ginti
190 1182 351 1224 millia*
375 1184 596 1224 hominum
618 1193 745 1238 capta
767 1184 961 1225 tradunt:
995 1184 1063 1224 alii
1089 1183 1187 1224 Mai
1193 1194 1232 1224 te
1258 1199 1382 1249 aequo
1404 1186 1489 1226 dis-

52 1253 234 1291 cessum,
245 1249 289 1282 et
312 1240 597 1291 Postumium,
617 1251 776 1280 metum
800 1241 1065 1281 simulantem
1091 1252 1299 1281 noctulno
1324 1243 1487 1293 itinere,

52 1295 160 1337 clam
193 1298 243 1339 in
269 1307 433 1338 montes
454 1298 600 1352 copias
622 1297 877 1339 abduxisse:
907 1298 1050 1338 hostes
1074 1307 1244 1338 secutos
1276 1298 1360 1338 duo
1394 1300 1489 1340 mil-

53 1353 110 1394 lia
130 1354 228 1394 inde
245 1354 350 1395 locis
374 1354 546 1395 munitis
568 1363 610 1394 et
633 1354 745 1409 ipsos
768 1355 1022 1395 consedisse.
1067 1354 1243 1404 Consul,
1268 1364 1313 1394 ut
1334 1357 1489 1397 stativa

52 1419 146 1450 tuta
162 1411 423 1475 copiosaque
444 1417 504 1464 (et
529 1411 589 1452 ita
609 1411 748 1460 erant)
772 1411 927 1465 petisse
951 1411 1176 1461 vide1etur,
1199 1420 1421 1466 postquam
1446 1423 1488 1453 et

55 1467 329 1509 munimentis
351 1477 488 1509 castra
510 1467 709 1518 firmavit,
730 1476 773 1507 et
794 1468 908 1508 omni
933 1468 1135 1523 adparatu
1159 1482 1296 1508 rerum
1320 1469 1488 1510 utilium

54 1524 462 1576 instruxit31elicto
486 1524 608 1565 firmo
630 1524 845 1579 praesidio,
867 1524 919 1565 de
941 1525 1088 1580 vigilia
1119 1525 1256 1575 teitia,
1278 1539 1361 1579 qua
1391 1527 1488 1566 duci

55 1581 250 1635 proxime
280 1590 434 1636 p,otest
464 1581 686 1636 expeditas
720 1580 908 1635 legiones
940 1558 1012 1622 ad&
1025 1581 1248 1635 collegam,
1277 1591 1320 1622 et
1349 1582 1488 1637 ipsum

54 1637 253 1678 adversus
284 1638 388 1679 alios
420 1638 651 1687 sedentem,
672 1637 805 1678 ducit.
838 1638 911 1688 ibi,
934 1647 1107 1678 auctore
1139 1638 1376 1688 Postumio,
1400 1639 1488 1679 Mi-

55 1695 204 1734 nucius
217 1709 314 1735 cum
334 1695 530 1735 hostibus
549 1695 671 1750 signa
688 1694 879 1752 confert3
898 1705 939 1734 et
945 1709 1099 1749 ,quum
1113 1709 1268 1758 anceps
1288 1695 1484 1758 proelium
1500 1702 1650 1732 Samnites

53 1750 97 1790 in
119 1751 299 1792 multum
319 1751 402 1792 diei
435 1751 720 1815 processisset,
744 1761 833 1792 tum
867 1726 1112 1792 Postumius
1144 1751 1322 1806 integris
1353 1752 1486 1807 legio·
1500 1747 1675 1776 vincuntur.

53 1807 179 1848 nibus
199 1808 406 1849 defessam
431 1823 523 1864 ⁴jam
546 1809 680 1849 aciem
703 1808 887 1849 hostium
913 1809 1131 1863 inproviso
1161 1808 1341 1849 invadit.
1393 1797 1487 1850 Tta-

52 1878 291 1919 que‚quum
315 1865 518 1906 lassitudo
541 1880 589 1906 ac
610 1864 781 1928 vulnera
802 1865 945 1921 fugam
971 1878 1141 1929 quoque
1165 1865 1485 1920 praepedissent,

52 1921 275 1962 occidione
295 1923 423 1963 occisi
446 1922 602 1972 hostes,
625 1922 748 1977 signa
770 1936 901 1962 unum
922 1930 965 1962 et
986 1921 1140 1976 viginti
1171 1932 1322 1984 capta:
1357 1931 1485 1976 atque

50 1977 150 2018 inde
171 1979 229 2019 ad
244 1988 383 2019 castra
406 1979 616 2019 Postumii
637 1989 888 2033 pelrectum.
949 1977 1016 2018 Ibi
1040 1978 1124 2018 dno
1147 1979 1330 2019 victores
1361 1993 1484 2019 exer-

50 2034 160 2075 citus
181 2035 450 2091 perculsum
433 2050 526 2090 Jam
545 2036 659 2076 fama
677 2035 840 2075 hostem
861 2035 997 2075 adorti
1018 2033 1203 2075 fundunt
1219 2034 1482 2090 fugantque:

50 2091 172 2147 signa
194 2092 393 2132 militaria
414 2107 488 2132 sex
507 2101 550 2132 et
571 2092 725 2147 viginti
744 2102 884 2146 capta,
904 2101 946 2131 et
969 2092 1200 2146 imperator
1223 2091 1483 2133 Samnitium

52 2124 214 2189 Statius
255 2149 434 2199 Gellius,
465 2149 673 2203 multique
706 2148 775 2189 alii
808 2148 1018 2198 mortales,
1053 2156 1097 2188 et
1132 2158 1270 2188 castra
1306 2157 1484 2203 utraque

50 2213 199 2261 capta:
235 2215 280 2246 et
309 2208 340 2228 ⁸⁵
358 2205 611 2257 Bovianum,
641 2205 713 2246 ubi
735 2214 902 2261 postero
923 2205 991 2245 die
1012 2212 1206 2260 coeptum
1228 2205 1484 2261 obpugnari,

603 2315 619 2337 k
639 2315 708 2346 add.
722 2316 790 2345 inde
806 2317 904 2345 Gron.

95 2405 134 2435 33
164 2403 244 2433 Cum
272 2403 590 2442 Carthaginiensibus
617 2424 644 2434 ..
659 2426 666 2433 .
676 2402 744 2442 foe-
832 2406 872 2434 84
889 2404 937 2434 Ae
953 2405 1070 2443 viginti
1085 2407 1189 2435 millia
1207 2406 1385 2447 hom-inum]
1404 2406 1485 2437 Vul-

51 2447 111 2477 dus
139 2448 230 2477 terlio
267 2447 470 2485 renovatum]
508 2447 587 2477 Tria
622 2447 745 2477 foedera
789 2448 857 2485 gati
874 2447 1001 2477 addunt
1015 2449 1090 2478 inde
1112 2454 1190 2478 ante
1214 2450 1403 2480 hominum.-
1426 2449 1484 2480 sed

51 2489 277 2520 Romanorum
307 2500 382 2520 cum
413 2490 743 2528 Carthaginiensibus
789 2494 905 2520 eontra
920 2491 1118 2530 scriptorum
1136 2491 1247 2521 fidem.

53 2537 129 2563 ante
146 2534 273 2563 Punica
294 2533 379 2563 bella
402 2540 564 2563 memorat
588 2533 697 2572 Polyb.
721 2533 743 2563 l.
830 2537 869 2564 85
899 2534 1091 2571 Bovianum,
1114 2535 1168 2564 ubi
1181 2541 1304 2574 postero
1328 2535 1379 2565 die
1403 2545 1484 2576 σαφ-

51 2577 109 2606 111.
156 2577 301 2607 Primum
320 2576 419 2606 refert
444 2577 483 2606 ad
507 2577 649 2615 primuni
667 2586 745 2606 con-
788 2576 872 2614 tum]
891 2577 995 2606 Vacat
1007 2579 1144 2607 omnino
1156 2578 1320 2617 particula
1331 2579 1394 2608 ubi.
1418 2579 1483 2608 Sed

51 2620 179 2649 stitutae
206 2620 239 2649 in
264 2620 345 2649 urbe
372 2620 478 2650 Roma
503 2619 664 2650 libertatis
686 2629 742 2649 an-
788 2623 821 2649 et
844 2625 911 2649 tres
937 2630 955 2649 e
984 2620 1074 2650 libris
1101 2621 1229 2650 nostris.
1247 2622 1483 2660 antiquissimi,

53 2671 145 2693 num.
190 2663 378 2693 Secundum
396 2673 459 2702 quo
473 2669 622 2702 tempore
638 2664 742 2693 ictum
787 2662 1064 2701 quemadmodum
1088 2663 1241 2694 nonnulli
1263 2674 1281 2693 e
1304 2664 1485 2694 Gronovia-

51 2704 165 2742 fuerit,
190 2715 255 2735 non
285 2706 392 2736 docet.
437 2705 590 2735 Tertium
629 2706 743 2746 Pyrrhi
788 2707 849 2743 nis,
868 2705 992 2736 habent
1007 2711 1117 2745 coepta.
1156 2707 1237 2737 Inde
1253 2709 1481 2747 suspicamur:

53 2747 138 2778 bello
168 2748 294 2778 factum
324 2749 425 2779 fuisse
451 2749 575 2779 scribit.
630 2749 742 2779 Livius
788 2749 973 2780 Bovianum
996 2751 1070 2780 urbs
1092 2754 1215 2789 postero
1236 2750 1288 2780 die
1309 2756 1408 2790 (κερέα
1431 2761 1483 2790 op·
1587 2765 1611 2786 e

0 2806 2 2812 =
53 2791 151 2822 unius
167 2798 300 2821 tantum
315 2796 392 2822 ante
408 2792 471 2822 hoc
493 2798 626 2833 tempus
643 2792 743 2823 foede·
783 2793 942 2831 pugnari.
986 2792 1082 2833 Quod
1121 2793 1303 2823 Glareanus
1342 2795 1483 2824 miratur

53 2834 96 2864 ris
112 2835 277 2873 meminit,
294 2835 316 2865 l.
331 2835 406 2866 Vll.
423 2845 451 2866 c.
466 2837 521 2869 27.
787 2835 983 2873 Bovianum,
1002 2835 1088 2875 quod
1111 2846 1211 2877 supra
1233 2847 1262 2867 c.
1278 2839 1330 2868 31.
1345 2841 1481 2876 captum

831 2890 862 2918 N
884 2891 911 2918 n
935 2884 959 2919 :3
