1969 3239
627 132 747 170 ΜΒ.
774 132 841 170 iv.
882 133 1010 170 CAP.
1037 132 1118 170 ΙΝ.
1227 109 1231 112 ’
1505 136 1583 170 233

151 230 338 270 militum
359 235 390 258 2⁶
407 229 544 271 honos
565 229 734 281 Maenii,
754 230 787 270 si
809 238 986 285 peteret,
1004 230 1298 272 consularibus
1319 231 1506 273 comitiis
1522 242 1586 274 est
1600 246 1640 277 U.
1657 247 1694 279 c.
1710 245 1786 279 346.

155 288 370 327 exclusus.
1598 291 1637 322 A·
1657 292 1694 322 C·
1711 292 1787 322 406.

217 343 328 384 LlV.
359 343 501 384 Creati
524 342 718 383 consules
742 352 840 383 sunt
869 342 950 383 Cn.
973 342 1198 384 Cornelius
1231 343 1403 394 Cossus,
1431 344 1477 387 L.
1502 345 1582 386 Fu·
1600 361 1657 391 Cn.
1675 361 1792 390 Come-

156 399 242 439 rius
267 400 530 441 Medullinus
554 400 721 440 iterum.
781 399 881 440 Non
905 399 1006 440 alias
1038 401 1195 455 aegrius
1228 400 1347 456 plebs
1379 400 1490 451 tulit,
1514 402 1586 442 tri-
1599 402 1800 456 lio‚13.1-*uriu

157 457 330 497 bunicia
352 457 432 498 sibi
454 457 629 497 comitia
651 470 735 496 non
756 457 998 499 commissa.
1021 470 1118 497 eum
1135 456 1324 497 dolorem
1347 459 1587 512 quaestoriis
1600 447 1780 520 ἓίἑξῗζρς

155 514 344 554 comitiis
379 513 504 553 simul
536 513 737 563 ostendit,
758 522 802 553 et
836 512 924 552 ulta
957 523 1035 563 est,
1057 524 1158 554 tunc
1191 514 1374 568 primum
1412 513 1789 570 plebeiispieb2;;‚·m.

157 571 441 623 quaestoribus
463 570 635 610 creatis:
659 570 718 608 ita
742 579 800 619 ut,
817 570 859 609 in
881 580 1065 623 quatuor
1085 571 1293 620 creandis,
1311 570 1382 611 uni
1407 572 1587 626 patricio
1600 575 1698 623 deque
1712 575 1774 604 dis·

161 626 214 666 Κ.
241 627 374 667 Fabio
394 626 608 666 Ambusto
630 626 936 681 relinqueretur
958 627 1102 679 locus;
1134 636 1216 668 tres
1248 627 1418 682 plebeii,
1441 628 1498 674 Q.
1522 618 1718 668 Si-coe‘hae‘

156 682 252 734 lius,
279 683 326 723 P.
349 682 501 731 AElius,
526 682 575 723 P.
599 682 762 737 Pupius
787 682 1114 724 clarissimarum
1138 683 1394 725 familiarum
1415 683 1589 738 juveni-

158 740 235 780 bus
259 739 571 796 praeferrentur.
621 739 832 785 Auctores
856 739 985 781 fuisse
1005 750 1090 781 tam
1114 740 1235 781 liberi
1261 740 1419 799 populo
1438 741 1588 782 suffra-

156 797 215 852 gii
245 796 386 837 [cilios
416 795 598 850 accipio,
619 810 674 836 ex
707 795 869 837 familia
898 797 1174 838 infestissima
1205 797 1406 838 Patribus
1439 808 1522 838 tres
1546 799 1588 839 in

153 868 251 894 eum
274 867 432 893 annum
459 853 652 894 tribunos
686 853 821 908 plebis
852 864 1032 905 creatos,
1055 854 1284 895 multarum
1316 868 1588 909 magnarum-

155 924 238 965 que
268 923 405 950 rerum
439 909 593 950 molem
626 916 656 938 '2⁷
672 910 917 950 avidissimo
952 911 1058 951 adeo
1099 911 1259 966 populo
1292 921 1587 954 ostentantes:

156 981 286 1022 quum
309 966 615 1018 adfirmassent,
637 966 742 1008 nihil
764 981 807 1007 se
839 977 1044 1018 moturos,
1068 968 1102 1008 si
1135 982 1188 1008 ne
1221 968 1462 1023 quaestoriis
1494 970 1588 1023 qui-

155 1024 252 1064 dem
279 1024 481 1074 comitiis,
503 1038 599 1078 quae
631 1024 719 1064 sola
752 1023 992 1078 promiscua
1024 1024 1138 1080 plebi
1175 1023 1460 1079 Patribusque
1494 1025 1591 1065 reli-

158 1080 319 1135 quisset
341 1091 524 1130 senatus,
547 1080 647 1121 satis
669 1080 797 1121 animi
818 1081 977 1136 populo
999 1091 1109 1122 esset
1131 1081 1182 1122 ad
1204 1081 1260 1130 id,
1283 1082 1396 1135 quod
1427 1082 1590 1123 tamdiu

156 1136 328 1187 vellent,
349 1148 392 1178 et
417 1152 489 1192 per
510 1138 622 1192 leges
645 1137 804 1178 liceret.
868 1137 952 1178 Pro
972 1138 1137 1193 ingenti
1162 1138 1305 1192 itaque
1335 1138 1515 1179 victoria
1546 1139 1589 1179 id

157 1193 237 1234 fuit
269 1194 407 1249 plebi:
439 1199 470 1219 ‘²³
484 1204 828 1249 quaesturamque
858 1209 951 1235 eam
973 1200 1005 1224 ‘2⁹
1019 1210 1105 1235 non
1137 1193 1310 1235 honoris
1342 1195 1472 1249 ipsius
1504 1196 1589 1236 fine

156 1252 452 1302 aestimabaiit3
494 1250 564 1290 sed
600 1250 838 1306 patefactus
870 1252 923 1292 ad
959 1252 1227 1293 consulatum
1262 1266 1313 1292 ac
1349 1252 1587 1307 triumphos

155 1307 273 1348 locus
298 1309 418 1348 novis
442 1308 686 1348 hominibus
710 1308 946 1349 videbatur.
994 1314 1027 1336 ³⁰
1046 1308 1195 1349 Patres
1217 1317 1381 1358 contra,
1403 1323 1489 1349 non
1514 1323 1588 1364 pro

155 1365 496 1415 communicatis,
519 1365 589 1404 sed
613 1379 689 1419 pro
720 1365 882 1405 amissis
914 1365 1162 1415 honoribus,
1185 1364 1387 1406 fremere:
1418 1380 1589 1421 negare,

158 1420 208 1460 Si
228 1436 272 1461 ea
295 1422 352 1462 ita
384 1422 480 1470 sint,
502 1420 645 1461 liberos
676 1420 872 1461 tollendos
902 1436 1001 1462 esse:
1033 1422 1102 1477 qui
1128 1421 1238 1476 pulsi
1267 1422 1466 1476 majorum
1490 1423 1588 1473 loco,

155 1485 433 1533 cernentesque
449 1478 552 1517 ulios
570 1478 610 1517 in
622 1477 875 1532 possessione
891 1479 1106 1534 dignitatis
1123 1493 1218 1529 succ,
1239 1477 1348 1519 Salii
1366 1478 1588 1520 Flamines-

155 1549 230 1589 que
258 1541 288 1562 ⁵²¹
305 1549 499 1590 nusquam
528 1534 625 1584 alio,
655 1549 776 1589 qnam
805 1535 861 1574 ud
887 1535 1196 1590 sacy-{ficundum
1218 1549 1296 1589 pro
1319 1535 1485 1590 populo,
1504 1536 1589 1577 sine

155 1591 334 1646 imperiis
382 1605 428 1631 ac
464 1592 735 1647 potestatibus
783 1591 1080 1647 relinquuntur.
1143 1591 1323 1632 Irritatis
1367 1592 1588 1647 utriusque

155 1648 288 1702 partis
309 1647 475 1696 animis,
497 1662 628 1702 quum
651 1658 693 1688 et
714 1647 886 1702 spiritus
918 1648 1061 1703 plebes
1093 1648 1325 1699 sumsisset,
1347 1659 1390 1689 et
1421 1659 1503 1689 tres
1535 1649 1588 1691 ad

155 1704 401 1759 popularem
443 1719 633 1744 caussam
677 1704 941 1745 celeberrimi
984 1706 1169 1746 nominis
1211 1704 1384 1745 haberet
1431 1706 1587 1758 duces;

157 1760 306 1802 Patres
329 1760 474 1801 omnia
494 1761 734 1815 quaestoriis
765 1761 965 1811 comitiis,
984 1763 1061 1802 ubi
1093 1770 1321 1816 utrumque
1350 1761 1466 1816 plebi
1489 1762 1588 1803 lice-

155 1828 234 1868 ret,
269 1818 421 1859 similia
453 1817 544 1858 fore
577 1826 812 1868 cernenteS,
848 1819 1020 1859 tendere
1049 1819 1102 1859 ad
1140 1818 1362 1859 consulum
1396 1819 1587 1870 comitia,

153 1889 251 1928 quae
274 1875 461 1915 nondum
484 1875 726 1930 promiscua
747 1884 902 1915 essent.
964 1875 1073 1916 Icilii
1105 1884 1254 1916 contra
1284 1874 1478 1916 tribunos
1510 1877 1588 1916 mi-

155 1930 279 1971 litum
318 1932 522 1972 creandos
555 1932 710 1982 dicere,
748 1940 790 1972 et
827 1931 1000 1972 tandem
1036 1931 1265 1987 aliquando
1297 1932 1589 1987 inpartiendos

157 1987 270 2045 plebi
294 1988 490 2028 honores.

215 2044 306 2086 LV.
339 2045 422 2086 Sed
442 2044 555 2086 nulla
576 2053 666 2085 erat
693 2044 924 2086 consularis
949 2044 1077 2096 actio,
1099 2059 1228 2100 quam
1252 2044 1509 2101 inpediendo
1531 2046 1588 2097 id,

199 2155 241 2185 QG
265 2154 372 2185 Honos
393 2155 508 2185 Moeniz·
537 2176 565 2185 ..
581 2177 609 2186 ..
631 2156 851 2186 consularibus

156 2200 289 2228 comdiis
319 2203 363 2228 est
393 2198 553 2237 exclusus]
584 2200 725 2229 Senatus
756 2209 850 2239 spem

156 2241 289 2272 honoris
314 2242 435 2272 Maenio
458 2241 594 2278 ademit,
618 2243 751 2272 indictis
775 2252 851 2272 con-

156 2285 319 2315 sularibus
343 2285 498 2320 comitiis,
515 2285 550 2314 in
574 2286 690 2324 quibus
716 2286 799 2315 ratio
816 2296 850 2315 e-

152 2329 207 2367 jus
225 2329 336 2358 haberi
354 2337 418 2357 non
436 2333 577 2367 poterat.

199 2375 237 2405 Ξῖ
264 2372 452 2401 Acidissimo
495 2371 584 2410 adeo]
655 2371 851 2402 Avidissimo

158 2415 294 2455 proinde
313 2427 323 2453 ς
348 2424 467 2454 nempe
484 2414 563 2452 quia
578 2413 693 2444 multae
709 2420 744 2444 et
760 2424 851 2454 mag-

159 2467 210 2488 uae
229 2468 278 2488 res
293 2458 560 2488 ostentabantur.

202 2504 242 2532 ¹26
266 2501 542 2542 choestu²·anzque
556 2510 629 2530 eam
647 2510 707 2530 mm
724 2499 852 2531 honori-s

158 2546 258 2584 ipsius
269 2545 345 2584 fine
358 2543 574 2583 oestimubant]
603 2544 683 2574 Haec
699 2544 769 2583 ipsa
785 2543 850 2573 lee-

161 2591 207 2618 tio
224 2596 273 2618 est
288 2588 390 2618 trium
408 2598 426 2617 e
444 2588 562 2617 nostris
579 2587 672 2616 codd.
693 2586 743 2616 vel
767 2588 852 2626 opti-

159 2641 302 2661 morum.
345 2631 451 2669 Alius,
481 2635 677 2669 quffsluram
715 2639 853 2668 namque

159 2684 231 2704 eam
343 2674 439 2714 fine;
473 2674 560 2713 quod
584 2683 699 2713 parum
732 2673 852 2702 differt.

159 2717 249 2747 Olim
265 2717 346 2747 editi
362 2721 621 2757 quoesturrzmque
643 2726 705 2746 non
730 2717 854 2745 honoris

158 2761 256 2799 ips-im
267 2760 375 2799 finem
400 2762 625 2792 mamaeam,-
662 2769 760 2798 quain
788 2759 854 2788 lec-

161 2804 287 2833 tionem
317 2808 407 2833 recte
436 2805 547 2842 arguit
575 2803 771 2840 Gronovius,
802 2812 853 2832 os-

162 2846 334 2885 tenditque
366 2845 399 2876 τὶ
419 2849 520 2885 finem
546 2846 740 2877 mendosum
771 2855 851 2876 csse.

894 2155 966 2186 vox
988 2165 1061 2186 eam
1083 2160 1136 2186 est
1161 2157 1195 2186 in
1222 2155 1376 2185 omnibus
1397 2154 1466 2186 fere
1490 2156 1590 2197 scrip-

895 2206 950 2228 tls.

939 2243 980 2276 99
1006 2241 1083 2271 IVon
1116 2241 1240 2271 honoris
1267 2242 1366 2281 ipsius
1383 2240 1472 2280 fine]
1515 2239 1589 2271 Non

893 2284 1016 2314 honore
1039 2285 1109 2324 ipso
1133 2289 1254 2322 tenus;
1279 2294 1345 2314 non
1368 2285 1454 2314 tanti
1481 2284 1590 2322 niodo,

894 2328 1012 2367 quanti
1041 2328 1109 2367 ipse
1138 2338 1197 2368 pei·
1222 2338 1255 2357 se
1281 2332 1455 2367 quaesturae
1486 2327 1590 2357 honos

895 2372 994 2411 pretii
1009 2376 1092 2401 erat.

938 2415 1008 2445 30*
1018 2414 1140 2445 Patres
1157 2437 1165 2444 .
1176 2435 1185 2443 .
1200 2436 1209 2451 ‚
1225 2423 1287 2443 nnn
1300 2423 1360 2453 pro
1376 2414 1592 2443 communica-

895 2457 948 2498 tis]
977 2458 1091 2489 Patres
1113 2458 1275 2494 fremunt,
1293 2457 1512 2496 indignantur
1531 2466 1590 2496 pro

894 2500 1088 2538 honoribus,
1117 2510 1182 2530 non
1211 2507 1374 2539 tanquam
1405 2500 1589 2530 communi-

895 2545 988 2581 catis,
1012 2544 1070 2574 sed
1091 2548 1252 2582 tanquam
1280 2543 1419 2573 amissis.
1462 2544 1549 2582 Quia
1572 2554 1589 2573 e

896 2593 1040 2625 quatuor
1062 2587 1246 2626 quaestoriis
1273 2586 1351 2616 locis
1379 2587 1444 2616 tria
1471 2585 1590 2626 plebeii

896 2630 1055 2660 tenebant
1070 2642 1080 2668 3
1106 2630 1217 2659 Patres
1236 2635 1422 2668 queruntur
1435 2639 1500 2659 non
1516 2636 1590 2659 tan-

897 2676 969 2703 tum
988 2674 1252 2703 communicatos
1276 2683 1345 2702 esse
1363 2683 1437 2702 cum
1457 2672 1589 2712 plebeiis

898 2715 1051 2752 honores,
1069 2716 1124 2745 sed
1141 2715 1238 2755 plane
1255 2716 1390 2746 amissos
1406 2716 1478 2746 sibi.

940 2759 1194 2799 31¹*Nusquam
1219 2759 1296 2799 aliu]
1322 2759 1372 2789 Ad
1396 2758 1480 2789 nihil
1503 2758 1590 2788 aliud

898 2802 1048 2832 adhibiti.
1233 2809 1237 2812 ’

1944 3189 1951 3233 .-,)
