1991 3250
649 93 769 133 LIB.
796 93 847 132 11.
884 93 1014 130 CAP.
1042 91 1154 130 XXI.
1222 110 1226 113 ·
1557 101 1627 133 105

184 207 304 237 mum
326 193 533 252 pedestris
560 191 693 248 acies,
715 203 944 252 postquam
968 193 1212 249 juventutis
1236 207 1430 249 proceres
1457 207 1628 250 aequato

184 266 341 308 genere
361 267 520 309 pugnae
540 267 681 295 secum
707 261 868 308 partem
895 250 1064 307 periculi
1086 251 1342 291 sustinentes
1362 251 1485 292 vidit.
1517 252 1628 294 Tum

183 310 357 351 demum
379 310 535 366 inpulsi
559 309 716 359 Latini,
737 308 1012 364 perculsaque
1035 307 1258 349 inclinavit
1279 307 1406 348 acies.
1452 308 1596 363 Equiti
1612 316 1626 329 '⁴

184 365 350 408 admoti
380 367 495 423 equi,
519 376 567 408 ut
599 366 791 421 persequi
824 365 990 406 hostem
1015 369 1196 421 posset'.
1229 375 1376 406 secuta
1405 373 1448 405 et
1479 367 1627 420 pedes-

184 423 260 464 tris
283 424 410 465 acies.
461 423 544 474 Ibi,
568 422 673 463 nihil
696 437 774 463 nec
790 421 955 473 divinae
987 436 1063 462 nec
1086 422 1286 463 humanae
1309 421 1403 477 opis
1427 422 1628 464 Dictator

183 481 529 535 p1·aetermittenS‚
552 480 687 521 aedem
721 479 889 520 Castori
919 480 1085 520 vovisse
1117 478 1273 520 fertur:
1315 494 1364 520 ac
1397 481 1628 533 pronunci-

179 551 272 578 asse
301 537 427 579 militi
458 537 649 594 praemia,
673 537 745 591 qui
777 538 953 591 primus,
984 538 1057 591 qui
1089 537 1315 586 secundus,
1347 547 1488 577 castra
1521 537 1621 577 hos-

181 594 289 636 tium
321 595 532 635 intrasset.
569 604 796 647 tantusque
822 595 946 634 ar-:lor
978 594 1074 644 fuit,
1097 603 1144 634 ut
1164 593 1316 634 eodem
1346 593 1512 648 inpetu,
1539 609 1624 649 quo

177 650 376 692 fuderant
400 651 582 702 hostem,
608 650 792 691 Rom-..ni
826 660 965 692 castra
995 661 1213 706 caperent.
1275 650 1375 691 Hoc
1408 651 1536 692 modo
1567 653 1620 692 ad

175 706 317 750 lacum
349 707 566 764 Regillum
590 718 826 763 pugnatum
852 719 929 748 cst.
983 707 1184 748 Dictator
1207 716 1250 748 et
1275 707 1481 763 magister
1502 709 1623 763 equi-

179 774 270 805 tum
293 765 604 819 triumphantes
626 766 668 806 in
695 766 841 805 urbem
866 765 1038 805 rediere.

235 821 376 862 XXI.
406 821 609 863 Triennio
645 823 798 863 deinde
832 837 909 862 nec
946 831 1061 862 certa
1091 835 1191 876 an‚
1224 835 1300 861 nec
1332 822 1490 862 bellurn
1525 821 1829 866 suisne-ass-

177 876 386 920 Consules
419 880 475 926 Q.
509 877 691 920 Cloelius
723 889 766 920 et
803 879 895 920 183Τ.
939 879 1122 919 Lartius,
1185 877 1293 919 Inde
1323 878 1376 918 A.
1418 874 1671 947 Sempro-¹1}-
1688 876 1814 949 {49⁶3

175 935 274 976 nius
296 944 340 976 et
362 935 430 977 M.
458 935 693 977 Minucius.
756 936 838 977 His
863 936 1110 977 consulibus
1144 937 1173 961 ¹⁹
1188 935 1300 975 aedes
1333 936 1518 977 Saturno
1549 923 1815 995 (le-AJCJJSO'

176 991 345 1034 dicata:
378 995 412 1036 22
426 993 667 1034 Saturnalia
689 994 908 1033 institutus
932 993 1064 1033 festus
1089 992 1193 1033 dies.
1253 993 1308 1033 A.
1329 992 1483 1034 deinde
1517 994 1621 1035 Pos-

178 1050 339 1090 tumius
362 1058 405 1090 et
425 1049 476 1091 T.
501 1051 722 1107 Virginius
747 1050 941 1091 consules
973 1049 1092 1090 facti.
1133 1051 1162 1072 ‘2¹
1181 1048 1282 1090 Hoc
1312 1050 1483 1090 demum
1508 1066 1621 1093 anno
1634 1068 1725 1100 uc.
1743 1075 1815 1102 258.
1990 1086 1991 1100 ,

177 1106 231 1147 ad
264 1106 483 1162 Regillum
504 1107 644 1149 lacum
677 1118 932 1163 pugnaturn,
955 1107 1067 1162 apud
1095 1107 1303 1161 quosdam
1334 1107 1534 1159 invenio3
1567 1109 1815 1150 A.A.c.49÷.
1989 1116 1991 1152 l

178 1162 469 1216 Postumium,
499 1165 600 1220 quia
630 1165 794 1221 collega
833 1165 977 1205 dubiae
1009 1164 1107 1205 fidei
1140 1162 1284 1215 fuerit,
1317 1179 1360 1204 se
1398 1166 1623 1207 consulatu

176 1221 423 1274 abdicasse3
454 1222 707 1263 dictatorem
731 1222 828 1263 inde
851 1221 1029 1263 factum.
1079 1220 1206 1261 Tanti
1230 1235 1388 1262 errores
1414 1222 1623 1278 inplicant

177 1288 435 1334 temporum,
457 1280 579 1321 aliter
600 1280 714 1336 apud
736 1279 842 1320 alios
864 1279 1071 1321 ordinatis
1099 1279 1435 1334 magistratibus,
1460 1289 1521 1331 ut,
1544 1295 1622 1321 nec

176 1336 251 1390 qui
281 1335 477 1377 consules
506 1339 538 1360 ⁹2
553 1337 787 1378 secundum
819 1336 1042 1390 quosdam,
1064 1349 1142 1376 nec
1173 1335 1275 1390 quid
1306 1350 1477 1391 quoque
1508 1351 1620 1378 anno

177 1403 322 1433 actum
354 1394 423 1443 sit,
456 1393 500 1434 in
530 1403 650 1434 tanta
679 1402 892 1434 vetustate
922 1407 1009 1433 non
1041 1407 1180 1433 rerum
1213 1393 1357 1444 modo,
1387 1394 1457 1433 sed
1489 1394 1621 1435 etiam
1987 1395 1991 1422 ’-

177 1459 416 1499 auctor-um,
438 1450 629 1506 digerere
652 1451 802 1506 possis.
862 1449 948 1505 Ap.
981 1449 1185 1490 Claudius
1203 1450 1358 1491 deinde
1380 1460 1422 1490 et
1447 1450 1496 1491 P.
1522 1451 1620 1492 Ser·
1986 1455 1989 1494 i

176 1506 303 1547 vilius
333 1507 527 1548 consules
562 1507 679 1549 facti.
746 1506 931 1562 Insignis
963 1507 1033 1548 hic
1065 1521 1200 1548 annus
1230 1518 1295 1547 est
1325 1508 1484 1548 nuncio
1514 1508 1618 1549 Tar·
1632 1516 1673 1547 U.
1690 1519 1725 1548 C.
1742 1521 1819 1550 259.
1986 1510 1987 1522 ³

176 1564 313 1619 quinii
336 1565 500 1605 mortis.
550 1563 752 1605 Mortuus
775 1574 837 1604 est
861 1563 1026 1616 Cumis,
1046 1579 1131 1619 quo
1154 1577 1198 1604 se
1219 1573 1318 1619 post
1340 1564 1492 1606 fractas
1514 1581 1617 1623 opes
1633 1562 1671 1592 A.
1686 1562 1812 1593 0⁴9³·

481 1643 495 1658 ¹³
517 1637 687 1678 Equitibzcs
701 1639 798 1667 Gron.
816 1638 910 1669 Crev.
1036 1644 1052 1664 ³*
1070 1644 1194 1677 possent
1209 1639 1295 1669 Eaed.

173 1704 263 1736 Dial.
279 1708 310 1736 3.
341 1706 635 1746 antesignanorum
660 1707 794 1737 nornine
818 1708 869 1737 in-

171 1748 279 1788 telligi
315 1754 423 1780 totam
461 1751 605 1789 primam
641 1752 762 1782 aciem.
801 1752 868 1780 sive

173 1791 332 1823 Hastatos
348 1794 537 1833 legionum:
563 1803 629 1824 non
647 1795 734 1833 quod
751 1796 770 1824 ii
790 1800 868 1824 ante

172 1837 287 1866 omnia
301 1838 396 1876 signa
412 1845 536 1875 essent,
552 1837 716 1877 siquidem
733 1848 794 1868 sua
811 1838 868 1868 11:1-

172 1880 295 1918 buere3
330 1882 388 1910 sed
414 1883 492 1919 quia.
522 1888 600 1911 ante
628 1882 795 1921 praecipna
823 1881 870 1911 le-

173 1923 310 1961 gionum
333 1924 440 1964 signa,
459 1934 532 1964 quae
556 1925 687 1964 longius
711 1925 751 1955 ab
775 1926 870 1956 hoste

173 1968 441 1998 removebantur.

220 2013 257 2041 1³5*
291 2011 328 2041 T.
357 2010 506 2050 Lartius]
544 2011 608 2042 Hic
635 2012 780 2042 dictator
807 2012 870 2042 hoc

173 2062 260 2083 anno
276 2055 402 2094 primus
419 2061 549 2085 creatu:
564 2056 629 2085 suit
653 2066 691 2085 ex
716 2056 868 2097 Dionysii

172 2099 354 2135 sententia,
371 2105 408 2128 ut
427 2099 498 2137 jam
523 2100 757 2130 annotavimus
781 2101 823 2130 ad
839 2110 867 2130 e.

175 2142 226 2171 18.
252 2150 362 2180 supra.

220 2184 400 2218 l9*.ffi'des
424 2184 581 2224 Satur-no]
622 2185 780 2225 Legimus
805 2187 868 2217 Sa-

170 2228 272 2257 turni.
308 2228 382 2258 vid.
404 2228 490 2259 infra
511 2235 580 2259 not.
605 2230 647 2259 ad
670 2229 692 2259 l.
712 2230 749 2260 V.
771 2240 799 2259 e.
817 2233 869 2261 23.

172 2269 253 2300 Haec
281 2271 367 2301 aedes
393 2271 459 2302 fuit
486 2273 640 2302 aerarium
667 2273 780 2313 populi
805 2274 869 2304 Ro-

171 2314 276 2352 mani,
294 2315 329 2344 in
345 2325 410 2354 quo
426 2320 499 2345 tum
520 2317 675 2355 pecunia,
693 2322 767 2346 tum
793 2325 870 2347 aeta

170 2357 305 2396 publica
320 2359 586 2389 asservabantur.
609 2363 633 2398 †
646 2359 728 2389 Eam
745 2361 868 2391 descri-

169 2400 217 2430 bit
234 2401 382 2431 Maerob.
400 2402 571 2438 Saturni.
590 2402 614 2431 Ι.
631 2412 658 2432 c.
680 2406 709 2432 9,.

214 2446 255 2475 90
286 2445 500 2484 Saturnalia]
541 2445 772 2476 Saturnalibus
797 2456 869 2476 mos

168 2486 234 2517 fuit
257 2490 373 2519 crebra
396 2490 545 2519 convitia
568 2490 709 2528 agitare,
733 2494 767 2519 et
790 2490 869 2520 mit—

170 2534 239 2561 tere
255 2532 316 2561 sibi
335 2532 476 2562 invicem
496 2543 599 2571 quum
625 2532 690 2562 alia
712 2542 866 2569 munera,

166 2578 243 2605 tum
259 2576 362 2605 etiam
379 2585 503 2606 cereos.
548 2576 637 2616 Quin
663 2576 722 2615 ipsi
741 2576 866 2606 domini

169 2626 278 2648 servos
312 2628 387 2649 suos
425 2621 581 2649 conviviis
614 2619 802 2649 liberalibus
832 2626 868 2650 et

168 2662 312 2701 opiparis
336 2662 558 2701 accipiebant,
577 2663 681 2701 iisqne
698 2663 868 2693 ministra-

169 2703 260 2734 bant.
306 2706 369 2736 Hae
391 2706 485 2736 feriae
510 2706 764 2736 celebrabantur
788 2716 817 2737 a.
835 2707 868 2737 d.

170 2746 259 2778 xlv.
277 2747 353 2779 Kal.
368 2748 507 2780 Januar.
537 2760 574 2780 ac
597 2750 705 2789 primo
730 2759 798 2779 uno
816 2749 868 2779 die

169 2790 433 2823 absolvebantur.
479 2793 653 2832 Augustus
677 2802 731 2823 eas
759 2793 869 2823 triduo

168 2835 290 2867 servari
305 2835 421 2876 jussit.
465 2836 539 2868 vid.
556 2836 706 2870 Maeror..
723 2835 745 2868 l.
768 2837 795 2868 Ι.
812 2837 871 2868 Sa«

914 1711 1007 1738 turn.
1024 1717 1119 1747 capp.
1138 1712 1168 1742 7.
1185 1714 1220 1739 et
1239 1713 1288 1741 lo.
1314 1714 1348 1740 et
1372 1708 1462 1750 Lips.
1478 1710 1614 1741 Saturn.

914 1750 936 1780 l.
954 1751 981 1781 1.
998 1761 1092 1791 capp.
1110 1755 1141 1783 3.
1158 1758 1192 1782 et
1213 1757 1243 1783 4.

958 1796 994 1826 91
1031 1795 1104 1826 Hoc
1130 1796 1259 1827 demum
1288 1796 1388 1836 anno]
1422 1797 1475 1828 Ita
1501 1804 1615 1828 narrat

912 1838 1115 1878 Dionysius:
1155 1846 1256 1879 atque
1289 1840 1377 1870 hanc
1407 1843 1612 1871 sententiam

916 1882 1029 1912 firmat
1053 1884 1122 1922 ipse
1145 1882 1258 1913 Livius
1282 1884 1382 1919 infra,
1400 1884 1481 1914 dum
1498 1886 1615 1915 scribit

916 1935 1004 1955 anno
1019 1927 1174 1964 sequenti
1186 1927 1312 1957 Volscis
1327 1927 1453 1958 bellum
1466 1928 1614 1967 illatum,

914 1975 1092 2008 propterea
1130 1971 1218 2008 quod
1247 1970 1372 2001 auxilia
1403 1981 1616 2012 comparave-

916 2020 1004 2051 rant,
1023 2023 1097 2052 quae
1121 2013 1251 2044 Latinis
1276 2014 1462 2045 mitterent.
1509 2015 1613 2054 Cujus

914 2056 1046 2094 injuriae
1062 2056 1227 2087 ultionem
1242 2058 1357 2088 statim
1371 2064 1527 2088 executos
1542 2069 1613 2089 esse

914 2099 1082 2130 Romanos
1107 2107 1181 2139 post
1203 2111 1351 2140 pugnam
1377 2102 1419 2132 ad
1441 2101 1613 2141 Regillum

913 2142 1023 2173 lacum
1056 2142 1152 2183 longe
1181 2144 1393 2175 verisimilius
1421 2150 1483 2182 est,
1512 2156 1613 2184 quam

913 2187 948 2216 in
981 2187 1141 2225 quintum
1174 2195 1248 2228 post
1277 2198 1404 2218 annum
1435 2189 1612 2226 rejecisse23

913 2231 1002 2268 quod
1029 2240 1068 2260 ex
1097 2230 1181 2261 Livii
1210 2233 1400 2262 narratione
1425 2233 1613 2263 conficitur.

913 2273 1006 2303 Adde
1027 2274 1116 2312 quod
1133 2273 1170 2304 A.
1187 2275 1392 2312 Postumius,
1409 2279 1483 2306 tum
1509 2286 1612 2314 quum

914 2327 932 2347 a
951 2316 1043 2348 Livio
1066 2323 1273 2348 memoratur
1296 2326 1427 2349 creatus
1451 2329 1521 2349 esse
1546 2319 1614 2349 dir·-

913 2363 1014 2397 tator,
1034 2361 1149 2401 (supra
1172 2372 1199 2392 c.
1224 2361 1288 2399 19.)
1322 2362 1469 2392 nondum
1496 2363 1613 2393 consul

910 2403 1041 2434 fuerat:
1068 2405 1157 2443 quod
1179 2412 1346 2445 repugnat
1368 2405 1431 2444 legi
1451 2407 1490 2434 ale
1509 2406 1614 2436 ‹licta-

911 2452 984 2477 tore
1012 2448 1156 2489 creando
1178 2448 1268 2487 latae,
1295 2449 1364 2489 ipso
1392 2455 1478 2479 teste
1506 2449 1612 2489 Livio,

912 2500 1014 2530 supra
1030 2501 1058 2521 c.
1083 2493 1132 2522 18.
1169 2493 1215 2522 At
1231 2492 1293 2522 hoc
1310 2502 1398 2522 anno
1414 2493 1530 2522 consul
1547 2498 1613 2529 est,

912 2543 950 2564 ac
967 2534 1107 2573 proinde
1124 2534 1268 2565 dictator
1283 2535 1349 2575 legi
1366 2542 1490 2576 potest.

955 2577 1239 2617 22*Secundum]
1260 2578 1356 2609 Post:
1376 2585 1413 2609 ut
1425 2588 1541 2609 sensus
1555 2580 1613 2616 sit,

912 2621 1071 2659 quosdam
1100 2630 1172 2652 esse
1200 2621 1366 2660 c'onsules,
1394 2623 1513 2661 quibus
1541 2623 1615 2660 qui-

914 2673 991 2693 nam
1009 2666 1231 2695 successerint
1248 2665 1380 2696 definiri
1405 2675 1470 2696 nou
1495 2667 1613 2705 possit.

914 2706 1020 2737 Possis
1034 2706 1144 2746 legere
1154 2709 1328 2739 secundum
1341 2719 1429 2750 quos,
1441 2710 1509 2739 sivo
1525 2719 1615 2749 quos-

914 2759 1014 2780 nam.-
1044 2757 1084 2780 ut
1107 2751 1275 2782 incertum
1302 2753 1346 2782 sit
1370 2754 1505 2791 quinum
1530 2761 1616 2793 prar-

915 2793 1090 2834 cesserint,
1107 2796 1244 2836 quinam
1261 2797 1369 2828 secuti
1385 2796 1521 2827 fuerint.
