1925 3239
504 84 628 122 ΜΒ
658 75 744 121 vn.
786 83 922 121 CAP.
951 81 1125 120 xxxii.
1483 89 1559 124 433

134 182 314 225 Romam·
333 189 568 240 senatusque
600 184 742 235 verbis,
763 189 808 224 ut
843 180 987 237 Capua
1019 182 1116 222 u7l7e
1150 180 1434 238 Campanoque
1463 199 1617 240 ugron
1634 199 1671 230 C
1686 199 1763 230 412.

128 240 384 282 abstinerent.
447 240 558 282 Haec
582 241 734 289 leuatis
755 240 980 295 agentibus
1012 239 1052 279 in
1087 239 1270 279 concilio
1307 218 1562 282 Samnitium
1575 246 1613 276 X·
1630 244 1668 275 C·
1682 244 1755 274 340.

130 297 237 337 adeo
259 308 323 337 est
345 297 544 338 ferociter
569 311 830 353 responsum,
852 306 899 336 ut
921 310 1005 336 non
1037 295 1170 336 solum
1197 305 1389 351 gesturos
1411 311 1454 337 se
1474 311 1565 338 esse

130 354 320 394 dicerent
356 355 395 394 id
433 355 600 404 bellum,
624 354 694 394 sed
731 354 1000 408 magistratus
1033 367 1177 392 eorum
1199 366 1221 392 e
1245 353 1362 393 culia
1393 355 1565 408 egressi,

133 411 343 451 stantibus
367 411 531 466 legatiS,
555 387 778 465 piaetectos
799 410 1036 450 coholtium
1061 419 1288 460 vocarent3
1321 410 1458 464 iisque
1479 411 1565 451 cla-

131 480 174 506 ra
198 482 302 508 voce
324 468 593 532 impei··a7·,ent
615 476 662 506 ut
685 467 953 521 praedatum
944 481 987 506 ln
1016 479 1162 522 agrum
1198 465 1466 522 Campanum
1491 481 1566 508 ex·-

132 524 293 578 templo
319 524 699 578 proticisceientur.

189 579 534 621 XXX11.Hac
566 581 778 636 leg-itione
811 579 994 620 Romam
1031 579 1172 629 relata,
1196 580 1343 635 positis
1374 580 1565 621 omnium

132 636 306 677 aliarum
348 650 484 677 rerum
520 639 646 686 curis,
685 637 845 687 Patres,
879 637 1100 677 fecialibus
1133 637 1182 677 ad
1217 651 1281 676 res
1316 637 1566 692 repetendas

131 694 284 742 missis,
309 693 516 748 belloque,
535 695 635 748 quia
658 708 741 733 non
763 694 1051 740 redderentur,
1073 693 1264 733 sollemni
1290 707 1406 734 more
1427 694 1566 734 indic-

133 762 192 800 to,
211 751 502 800 decreverunt,
521 761 567 790 ut
592 750 727 805 primo
745 765 915 805 quoque
937 760 1128 804 tempore
1149 751 1200 790 de
1221 765 1269 790 ea
1293 764 1334 790 re
1356 751 1407 791 ad
1429 764 1567 805 popu-

132 807 219 847 lum
242 806 444 847 ferretur:
470 807 680 862 jussuque
712 806 857 871 populi
889 807 1081 847 eonsules
1113 808 1239 847 ambo
1270 822 1368 847 curn
1399 806 1566 847 duobus

134 865 187 904 ab
219 864 323 904 urbe
345 865 602 904 exercitibus
627 864 824 919 profecti,
849 863 1072 904 Valer'ius
1062 878 1102 904 in
1138 863 1435 918 Campaniam,
1460 863 1566 904 Cor-

133 920 296 961 nelius
289 935 329 960 in
355 921 590 971 Samnium,
615 921 682 961 ille
704 921 754 961 ad
781 929 967 960 montem
992 920 1199 969 Gaurum,
1224 921 1292 960 hic
1315 921 1364 960 ad
1400 920 1563 961 Saticu-
1575 933 1696 963 Beuum
1708 943 1778 962 cum

132 977 213 1017 lam
238 986 374 1018 castra
403 987 583 1033 ponunt.
646 977 781 1018 Priori
806 976 974 1017 Valerio
1007 977 1262 1018 Samnitium
1286 977 1474 1032 legiones
1496 981 1565 1029 (eo
1577 977 1777 1007 Samnitibus„

132 1048 315 1088 namque
352 1049 522 1075 omnem
559 1033 655 1075 belli
695 1034 849 1074 molem
885 1033 1181 1075 inclinaturam
1218 1035 1466 1084 censebant)
1490 1035 1566 1074 ob-

133 1100 321 1132 currunt.
355 1092 478 1131 simul
510 1092 552 1131 in
594 1090 837 1146 Campanos
870 1091 1117 1131 stimulabat
1149 1092 1224 1140 ira,
1257 1100 1343 1131 tam
1377 1100 1567 1146 promtos

132 1162 245 1188 nunc
267 1147 318 1188 ad
343 1147 528 1195 ferenda,
563 1162 676 1189 nunc
711 1148 762 1188 ad
799 1148 1049 1188 arcessenda
1084 1147 1282 1188 adversus
1315 1163 1358 1188 se
1393 1148 1566 1189 auxilia.

133 1203 194 1245 Ut
217 1219 315 1245 vero
337 1214 476 1245 castra
509 1204 707 1245 Romana
739 1204 950 1255 viderunt,
973 1204 1171 1245 ferociter
1203 1219 1279 1259 pro
1311 1219 1355 1245 se
1387 1205 1567 1259 quisque

134 1261 303 1316 signum
325 1262 453 1302 duces
476 1275 664 1316 poscere,
688 1261 924 1312 adfirmare,
947 1261 1094 1301 eadem
1118 1261 1290 1302 fortuna
1321 1261 1566 1302 Romanum

133 1318 355 1374 Campano
384 1318 569 1359 laturum
600 1333 740 1374 opem,
776 1333 860 1373 qua
900 1318 1144 1373 Campanus
1188 1317 1376 1359 Sidicino
1408 1317 1566 1359 tulerit.

132 1375 339 1425 Valerius,
362 1374 524 1416 levibus
546 1375 864 1425 certaminibus,
888 1375 1078 1416 tentandi
1115 1375 1248 1415 hostis
1270 1390 1430 1427 caussa,
1454 1375 1567 1416 haud

132 1432 193 1471 ita
225 1432 380 1472 multos
414 1441 601 1473 moratus
633 1432 736 1481 dies,
770 1431 938 1487 signum
973 1446 1129 1487 pugnae
1163 1433 1398 1487 proposuit,
1421 1432 1566 1487 paucis

133 1503 231 1529 suos
252 1488 523 1530 adhortatus.
557 1487 622 1528 Ne
642 1503 786 1529 novum
807 1465 954 1528 bellum
975 1503 1036 1529 eos
1065 1503 1264 1544 novusque
1291 1489 1414 1529 hostis
1442 1496 1566 1529 terre·
1579 1500 1693 1530 Consul
1708 1500 1770 1529 Ro

130 1552 204 1585 7et.
234 1545 436 1609 quidquid
455 1545 508 1586 ab
528 1545 627 1585 urbe
656 1545 814 1601 longius
839 1544 1071 1601 profewent
1102 1560 1234 1596 arma,
1255 1546 1383 1602 magis
1414 1546 1767 1602 magis-1⁷0²³¹¹1¹³³¹¹⁰S

131 1616 207 1658 que
226 1617 270 1642 777
291 1601 454 1643 inbelles
468 1609 604 1658 gentes
625 1616 686 1642 eos
701 1601 882 1657 prodire.
945 1600 1009 1642 Ne
1027 1601 1232 1643 Sida-inor
1234 1617 1301 1643 um
1319 1579 1560 1657 ᾧ(Ῐα11ι111ι11ιο-
1570 1587 1769 1660 ἶοΐῖἑΐὲζ“ω

133 1673 301 1714 rumque
321 1659 503 1700 cladibus
527 1659 774 1701 Samnitium
803 1658 1046 1699 aestimarent
1076 1660 1284 1700 vatatam.
1315 1659 1562 1715 qualescum-

133 1729 207 1769 que
237 1729 278 1756 77
282 1722 341 1756 ter
371 1730 409 1755 se
440 1716 697 1766 certaverint,
717 1729 866 1757 necesse
886 1713 1024 1770 fuisse
1055 1715 1226 1757 alteram
1249 1723 1408 1772 partem
1439 1717 1564 1758 vinci

135 1770 363 1827 Campanos
383 1773 544 1827 quidem
564 1773 673 1813 lzaud
701 1766 821 1813 dubze
838 1773 969 1828 magis
995 1773 1120 1813 nimio
1143 1773 1239 1814 latu
1253 1773 1482 1827 fluentzbus
1503 1788 1566 1814 re-

136 1827 206 1869 bus
225 1829 481 1884 mollitiaque
501 1844 587 1880 sua,
610 1844 730 1885 quam
751 1830 792 1870 vi
813 1829 997 1880 hostiam,
1019 1830 1143 1870 victos
1165 1845 1256 1871 esse.
1302 1829 1416 1874 Quid
1434 1837 1566 1871 autem

135 1893 218 1926 esse
239 1885 315 1926 duo
339 1901 535 1942 p7ospe7a
556 1887 599 1926 7'77
627 1894 686 1928 tot
705 1886 846 1927 seculis
879 1885 982 1926 bella
1016 1885 1262 1927 Samnitium
1290 1886 1478 1928 adversus
1504 1894 1565 1928 tot

134 1941 278 1982 decora
293 1943 438 1998 populi
459 1942 654 1995 Romani,
677 1944 748 1999 quz'
769 1942 993 2007 t7iumpl7os
1007 1957 1109 1998 pene
1122 1943 1277 1998 plures,
1299 1958 1419 1998 quam
1441 1958 1565 1984 annos

134 1998 188 2038 ab
207 1999 304 2040 urbe
325 2000 500 2051 condita,
521 1999 734 2041 numeret?
763 1999 834 2055 qui
857 2000 989 2040 omnia
1010 2015 1119 2041 677·7·a
1147 2015 1199 2051 se,
1226 2000 1410 2051 Sabinos,
1434 1999 1564 2040 Etru-

133 2056 255 2106 riam,
288 2055 476 2108 Latinos,
504 2053 722 2108 Hernicos,
750 2056 918 2112 AEquos‘,
978 2055 1123 2107 uls-cos,
1156 2056 1382 2107 Auruncos,
1412 2056 1564 2099 domita

133 2127 183 2152 777
186 2127 258 2153 7777s
276 2111 443 2154 habeat.
433 2112 455 2143 ὅ
485 2113 556 2169 qui
578 2121 608 2142 ⁵0
624 2113 785 2163 Gallos,
805 2120 862 2153 tot
881 2112 1037 2167 p7oel7'7's
1056 2128 1183 2164 caesos,
1200 2121 1315 2167 post7
1317 2128 1398 2155 emo
1415 2113 1458 2153 7'77
1478 2128 1564 2154 ma-

132 2183 175 2209 re
195 2183 241 2209 ac
262 2182 383 2209 naves
396 2169 513 2225 fuga
535 2169 800 2225 computent?
833 2169 966 2223 Quum
983 2169 1120 2226 gl077'a
1144 2170 1239 2211 belli
1259 2185 1305 2211 ac
1325 2171 1474 2211 virtute
1491 2185 1563 2211 sua

135 2239 326 2280 quemque
342 2205 481 2280 ftetos
509 2227 568 2267 ire
598 2242 642 2267 777
674 2227 800 2268 aciem
830 2225 946 2266 debe7
949 2241 981 2276 e,
1000 2233 1084 2267 tum
1116 2227 1234 2268 etiam
1265 2227 1429 2276 intumi,
1451 2228 1563 2281 cujus

133 2281 254 2323 ducta
272 2283 530 2337 auspicioque·
558 2283 732 2324 ineunda
753 2298 896 2339 pugna
926 2283 993 2323 sit.
1026 2286 1053 2306 ⁵¹
1069 2290 1205 2324 utrum
1237 2285 1310 2338 qui
1340 2283 1565 2324 audiendus

133 2337 334 2380 duntaxat
353 2340 593 2405 magnificus
625 2339 860 2381 adhortator
891 2339 957 2391 sit,
979 2340 1110 2381 verbzs
1141 2346 1298 2382 tantum
1312 2338 1453 2397 feror,
1472 2353 1563 2395 ope-

177 2461 218 2494 50
247 2459 355 2496 Gallos
370 2486 379 2494 .
390 2486 398 2494 .
413 2487 420 2495 .
436 2466 471 2495 7'77
487 2475 578 2495 mare
593 2474 632 2495 ac
655 2474 750 2496 naves
760 2464 827 2505 su-

131 2516 176 2544 ga
191 2506 393 2546 compulerit]
420 2508 521 2538 Recte
547 2509 699 2539 observat
724 2509 828 2547 Duja·

133 2549 199 2579 tius
221 2550 304 2580 nihil
326 2561 464 2591 usquam
490 2551 524 2581 in
548 2552 586 2582 iis
611 2560 683 2591 quae
708 2561 829 2591 praece-

135 2591 219 2623 dunt
235 2593 362 2624 dictum
379 2604 449 2625 esse
465 2605 484 2624 a
499 2594 594 2625 Livio
610 2595 650 2625 de
666 2594 768 2625 Gallis
791 2595 825 2624 in

135 2644 224 2665 mare
241 2646 278 2666 ac
294 2646 392 2667 naves
416 2638 606 2677 compulsis.
653 2636 734 2668 Haec
749 2647 826 2667 con-

136 2679 287 2710 venirent
302 2681 406 2720 magis
429 2682 462 2711 in
487 2680 630 2719 Graecos,
646 2680 686 2710 de
709 2680 827 2720 quibus

135 2729 246 2761 supra,
262 2734 290 2753 c.
308 2723 360 2754 26.
406 2724 551 2754 Omnino
566 2724 692 2763 aliquid
706 2724 760 2754 hie
776 2727 825 2754 est

136 2765 219 2802 vitii,
236 2769 294 2796 aut
309 2765 392 2797 Livii
409 2768 486 2797 levis
502 2767 642 2797 incuria.

177 2810 213 2838 51
245 2809 375 2849 Utrum,
405 2812 462 2850 qui
490 2810 686 2848 audiendus]
713 2809 826 2840 Potest

194 2863 288 2891 VOL.
313 2865 326 2891 I
337 2882 345 2892 ·

869 2464 1000 2504 quidem
1018 2465 1136 2504 exponi
1152 2476 1157 2494 :
1175 2468 1289 2495 utrum
1305 2464 1331 2494 is
1348 2465 1442 2505 cujus
1458 2465 1563 2496 ductu

870 2509 1081 2548 auspicioque
1104 2508 1249 2538 ineunda
1271 2518 1384 2548 pugna
1405 2509 1459 2545 sit,
1476 2510 1563 2548 ejus-

871 2551 961 2581 modi
989 2552 1032 2580 sit
1058 2551 1250 2590 imperator,
1276 2552 1369 2589 cujus
1396 2552 1564 2582 audienda

867 2598 1002 2624 tantum
1030 2594 1128 2624 verba
1152 2595 1232 2632 sint,
1256 2604 1322 2624 non
1348 2595 1449 2624 etiam
1475 2595 1562 2624 facta

869 2636 1058 2676 spectanda.
1097 2637 1243 2669 Multum
1261 2643 1374 2667 tamen
1391 2638 1562 2668 blanditur

872 2680 1085 2710 Freinshemii
1110 2681 1320 2719 conjectura:
1351 2680 1484 2718 Utrum,
1507 2682 1563 2721 qui

869 2724 1009 2754 audendi
1023 2724 1187 2754 duntaxat
1203 2724 1397 2764 magnificus
1410 2726 1547 2755 adhorta

869 2768 984 2797 torsit.

912 2850 980 2893 rf
