1991 3250
147 240 189 271 U.
204 241 240 269 C.
257 239 332 271 (293.

149 285 185 313 A.
199 285 234 312 C.
250 284 325 315 459.

148 328 182 356 1‘,
196 325 323 354 Volum-

147 371 214 404 nio,
228 369 293 398 Ser.

148 413 287 450 Sulpicio

150 458 236 486 Coss.

154 972 254 1001 Volsci
271 973 303 1001 et

155 1017 250 1054 Hiqui
266 1015 329 1044 bel-

152 1059 217 1088 lum
234 1061 353 1089 instau-

154 1106 237 1134 rant·

156 1320 292 1347 Conten-

156 1362 256 1390 tiones
271 1362 324 1391 do·

154 1406 299 1439 mesticae.

358 126 432 163 164
921 120 1067 159 ΤΙΤΙ
1103 117 1277 158 LIVII

359 233 404 265 to
426 221 560 264 relata
584 221 784 280 collegio,
805 236 940 265 novos
963 223 1163 280 adgressa
1183 222 1377 267 consules
1399 230 1479 264 est.
1500 231 1618 266 erant
1648 238 1803 266 consu-

359 282 419 323 les
441 279 496 322 P.
520 279 790 332 Volumnius,
814 280 905 321 Ser.
928 281 1160 336 Sulpicius.
1222 281 1286 322 Eo
1323 295 1437 321 anno
1467 280 1629 322 coelum
1659 282 1807 323 ardere

363 337 527 390 visum;
568 346 682 379 terra
713 337 880 393 ingenti
913 352 1119 379 concussa
1150 348 1268 380 motu
1305 347 1383 379 est.
1416 338 1569 379 bovem
1604 338 1805 390 locutam,

362 395 429 438 cui
453 394 513 435 rei
536 395 677 450 priore
710 408 823 435 anno
859 394 962 435 fides
994 409 1082 436 non
1115 397 1270 446 fuerat,
1292 395 1517 437 creditum.
1578 394 1695 436 Inter
1723 395 1807 436 alia

363 451 564 509 prodigia
594 461 638 493 et
657 452 690 475 ³⁵
703 465 902 493 carnemu
933 450 1064 505 pluit:
1098 467 1223 508 quern
1258 453 1438 494 imbrem
1477 452 1518 493 in
1554 465 1628 492 ens
1659 466 1808 493 nume-

362 524 434 550 rus
467 509 610 550 avium
649 508 979 550 intervolitando
1018 510 1207 564 rapuisse
1244 509 1389 550 fertur.
1424 466 1551 564 quodg
1572 509 1806 560 intercidit,

360 570 394 594 ³⁷
409 579 598 621 sparsum
621 564 882 621 itajaeuisse
902 579 976 620 per
996 565 1161 620 aliquot
1190 567 1293 618 dies,
1317 577 1364 607 ut
1383 566 1502 608 ‘nihil
1534 566 1638 607 odor
1671 576 1809 608 muta·-

362 634 443 666 1'et.
472 626 504 648 ³⁸
521 622 637 665 Libri
666 636 743 677 per
763 621 1011 664 duumviros
1033 638 1248 669 sacrorum
1279 623 1409 664 aditi:
1440 622 1629 679 pericula
1658 638 1684 664 a
1703 637 1809 664 con-

363 691 495 734 ventu
508 680 844 736 alienigenarum
862 679 1081 734 praedicta,
1097 695 1148 721 ne
1161 681 1234 736 qui
1257 680 1301 722 in
1314 680 1409 722 loca
1427 695 1592 721 summa
1611 679 1727 721 urbis
1743 680 1807 722 in-

364 750 502 794 petus,
524 737 749 791 caedesque
771 735 870 776 inde
893 735 1056 778 fierent.
1081 738 1192 778 inter
1213 746 1351 778 cetera
1381 737 1607 789 monitum,
1628 746 1675 778 ut
1697 737 1808 778 sedi-

365 796 555 837 tionibus
592 793 891 835 abstineretur.
952 792 1003 834 Id
1034 793 1196 844 factum
1229 795 1278 835 ad
1317 795 1615 850 inpediendam
1652 794 1808 849 legem,

365 851 527 894 tribuni
568 851 917 901 criminabantur,
954 851 1191 907 ingensque
1224 852 1368 892 aderat
1401 861 1632 893 certamen.
1693 850 1810 892 Eece

365 913 416 963 (39
431 918 478 951 ut
519 908 633 950 idem
677 908 720 948 iu
758 907 949 964 singulos
992 923 1128 950 annos
1168 908 1284 950 orbis
1327 908 1585 959 volveretur)
1627 907 1812 950 Hernici

365 967 586 1016 nunc-iant,
618 964 792 1006 Volscos
825 974 869 1005 et
904 965 1086 1020 AEquos,
1116 966 1195 1007 etsi
1230 965 1385 1007 adcisae
1416 979 1480 1007 res
1511 966 1615 1016 sint,
1637 965 1812 1006 reficere

365 1024 605 1074 exercitus3
647 1021 771 1064 Antii
809 1036 1018 1063 summam
1054 1024 1113 1064 rei
1147 1023 1358 1080 positam;
1400 1022 1568 1064 Ecetrae
1607 1021 1809 1064 Antiates

365 1082 542 1123 colonos
565 1080 705 1136 palam
727 1078 908 1121 concilia
929 1079 1079 1121 facere.
1103 1081 1145 1122 id
1177 1089 1321 1136 caput,
1343 1094 1410 1121 eas
1433 1080 1542 1122 vires
1573 1079 1672 1120 belli
1703 1093 1808 1120 esse.

367 1139 428 1181 Ut
460 1139 556 1179 haec
590 1137 706 1178 dieta
739 1137 784 1177 in
816 1146 962 1178 senatu
999 1147 1110 1190 sunt,
1134 1137 1323 1179 delectus
1352 1137 1585 1179 edicitur¹:
1617 1136 1813 1178 consules

368 1195 467 1238 belli
488 1194 897 1236 administrationem
923 1194 1035 1236 inter
1059 1209 1103 1237 se
1123 1194 1477 1252 dispartirijussi,
1497 1193 1616 1235 alteri
1638 1202 1687 1235 ut
1708 1193 1814 1235 Vol-

368 1255 445 1306 sci,
465 1253 583 1294 alteri
608 1263 656 1294 ut
677 1251 809 1306 AEqui
834 1252 1054 1308 provincia
1073 1262 1199 1294 esset.
1258 1250 1439 1293 Tribuni
1470 1265 1615 1293 coram
1646 1250 1691 1292 in
1712 1251 1810 1293 foro

368 1323 610 1367 personare,
644 1307 846 1350 Fabulam
883 1311 1145 1365 compositam
1181 1307 1312 1350 Volsci
1333 1308 1443 1360 belli,
1475 1307 1677 1349 Hernicos
1707 1312 1740 1333 ⁴⁰
1754 1307 1812 1349 ad

361 1375 501 1424 partes
525 1373 707 1422 paratos.
724 1367 822 1422 jam
844 1381 892 1407 ne
911 1366 1059 1409 virtute
1085 1367 1244 1423 quidem
1267 1366 1400 1421 premi
1429 1365 1652 1407 libertatem
1667 1364 1817 1420 populi

370 1424 565 1476 Romani,
585 1423 654 1465 sed
672 1430 760 1464 arte
779 1423 902 1464 eludi.
924 1425 1034 1476 quia,
1054 1424 1256 1466 occidione
1278 1437 1405 1478 prope
1426 1424 1571 1464 occisos
1597 1420 1755 1463 Volscos
1774 1428 1812 1463 et

368 1483 522 1540 AEquos
541 1495 696 1522 movere
712 1495 785 1522 sua
805 1487 940 1537 sponte
960 1496 1077 1523 arma
1086 1497 1213 1538 posse,
1216 1481 1336 1537 jamy
1356 1479 1497 1535 ”fides
1514 1478 1675 1531 abierit,
1689 1492 1813 1520 novos

512 1579 527 1593 ¹¹
552 1582 641 1603 σαν-πο
655 1573 753 1603 Gron.
769 1573 859 1604 Crev.

412 1652 453 1682 36
482 1647 713 1689 &true-pluit]
749 1649 873 1689 Scripti
903 1651 939 1678 et
969 1647 1068 1688 pleri-

372 1705 438 1735 que
463 1700 546 1724 vett.
574 1693 743 1723 editorum
769 1702 905 1723 carnem
925 1693 1067 1732 pluisse:

372 1739 458 1778 quo-l
475 1747 589 1768 verum
614 1736 756 1766 videtur.
801 1735 1067 1775 Intelligendum

368 1788 422 1812 vst
443 1792 483 1812 ex
508 1790 609 1811 sensu
631 1780 791 1811 traditum
817 1784 874 1818 est,
897 1778 949 1809 vcl
977 1778 1068 1810 aliud

370 1826 451 1865 quid
467 1824 587 1855 Simile.

414 1873 453 1903 37
480 1868 642 1909 Sparsum
667 1869 715 1898 ita
736 1865 895 1908 jacuisse]
917 1865 1071 1906 Sigonius

371 1923 409 1943 ex
426 1918 508 1943 vett.
525 1913 593 1942 suis
611 1911 702 1941 libris
720 1911 815 1942 affert
837 1920 989 1951 sparsum
1011 1911 1072 1941 hu-

372 1959 429 1986 mi.

415 2004 455 2032 :58
482 1997 590 2037 Libri]
638 1998 802 2039 Sibyllini.
849 1997 919 2028 Hos
957 1997 1072 2028 scribit

371 2045 472 2077 Dion.
505 2043 525 2073 l.
554 2042 610 2073 lV.
637 2042 679 2073 ad
703 2042 925 2082 Tarquinium
951 2040 1072 2081 Super-

372 2089 453 2118 buni
478 2088 605 2118 delatos
629 2096 698 2117 esse
722 2096 742 2116 a
767 2085 906 2116 muliere
928 2085 1070 2124 quadam

372 2136 524 2169 externa,
540 2140 639 2170 quam
665 2129 799 2170 plurimi
823 2128 983 2169 Sibyllam
1007 2128 1074 2158 Cu-

373 2184 507 2205 manam
531 2174 632 2204 fuisse
654 2173 784 2205 volunt.
829 2173 926 2204 Hanc
953 2182 1071 2203 novem

374 2219 526 2249 habuisse
543 2217 655 2256 libros,
672 2227 753 2256 quos
770 2226 874 2255 quum
898 2226 953 2247 rex
969 2215 1073 2246 nollet

375 2263 461 2292 tanti
488 2271 613 2300 emere,
629 2261 746 2300 quanti
773 2258 831 2291 illa
855 2259 1072 2298 indicaverat,

374 2306 491 2337 abiisse
507 2305 699 2342 mulierem,
715 2308 750 2336 et
772 2308 840 2337 tres
857 2303 956 2334 libros
975 2313 1072 2334 exus-

374 2350 473 2380 sisse:
510 2349 629 2380 deinde
656 2357 796 2388 prosex
824 2348 959 2386 reliquis
982 2347 1071 2377 idem

376 2393 516 2433 persolvi
531 2393 593 2423 sibi
610 2393 753 2433 pretium
771 2390 1008 2431 postulavisse:
1033 2400 1071 2421 ac

378 2438 486 2467 multo
502 2437 607 2476 magis
631 2439 831 2476 aspernante
854 2444 945 2474 rege,
960 2443 1071 2465 rursus

374 2487 442 2511 tres
457 2491 495 2510 ex
513 2480 749 2520 superstitibus
774 2478 982 2515 cremavisse,
997 2488 1073 2518 pro-

375 2534 438 2562 que
468 2524 589 2561 tribus,
615 2524 672 2562 qui
696 2523 769 2562 jam
798 2521 858 2552 soli
889 2522 1072 2560 restabant,

374 2571 511 2597 tantum
556 2566 666 2597 adhuc
719 2567 790 2596 auri
840 2564 1071 2606 postulavisse,

375 2614 541 2649 quantuni
558 2611 666 2650 primo
690 2610 854 2650 petierat:
880 2619 992 2649 regem
1018 2610 1074 2640 ad-

376 2653 537 2684 miratum
555 2664 593 2684 ac
609 2652 767 2693 religione.
789 2657 919 2684 tactum
943 2654 1075 2684 emisse.

375 2697 474 2728 Hanc
504 2696 650 2728 fabulam
687 2696 804 2727 eodem
841 2697 940 2727 modo
977 2697 1077 2729 multi

378 2744 534 2771 narrant:
562 2740 625 2770 nisi
655 2740 741 2779 quod
766 2739 912 2780 plerique
934 2741 1076 2780 Tarqui-

375 2785 434 2813 nio
464 2785 573 2814 Prisco
604 2783 701 2814 libros
731 2784 830 2813 sivisse
861 2784 990 2814 oblatos
1020 2795 1074 2815 vo-

379 2826 453 2857 lunt
469 2839 478 2863 ς
503 2827 636 2866 quid-'un
655 2828 755 2857 etiarn
773 2837 827 2856 cos
846 2828 942 2857 initio
966 2827 1076 2867 plures

379 2872 488 2901 tribus
511 2880 576 2902 non
604 2870 715 2900 fuisse.
760 2869 888 2900 Horum
916 2870 1078 2903 librorum

1000 1576 1015 1591 Ἃ
1039 1573 1187 1604 indicitur
1198 1574 1283 1604 Eaed.

1414 1579 1428 1600 y
1451 1573 1571 1613 ‘idfides
1583 1573 1667 1604 Eaed.

1112 1647 1271 1679 mandata
1287 1652 1339 1679 est
1356 1647 1541 1678 duumviris
1566 1658 1659 1687 cura,
1677 1648 1732 1687 qui
1756 1657 1812 1679 eos

1112 1701 1280 1723 asservare
1304 1692 1455 1722 conditos
1479 1693 1514 1721 in
1538 1691 1622 1721 cella
1644 1693 1815 1722 subterra-

1113 1745 1176 1765 nea
1192 1736 1225 1767 in
1244 1736 1422 1777 Capitolio,
1441 1739 1475 1765 et
1491 1735 1524 1765 in
1550 1735 1703 1774 gravibus
1727 1736 1813 1775 pori-

1112 1779 1209 1817 culis,
1226 1784 1286 1810 aut
1309 1780 1349 1809 ob
1375 1778 1464 1809 foeda
1487 1783 1522 1809 et
1544 1778 1678 1809 insolita
1703 1778 1813 1819 prodi-

1115 1823 1182 1864 gia,
1207 1824 1305 1861 jussu
1335 1828 1471 1853 senatus
1502 1822 1679 1863 inspicere,
1708 1832 1814 1862 eaque

1115 1876 1188 1906 quae
1220 1867 1253 1896 in
1282 1867 1320 1896 iis
1348 1867 1561 1907 reperissent,
1589 1865 1631 1895 ad
1656 1874 1814 1896 senatum

1116 1909 1251 1948 referre,
1281 1913 1315 1941 et
1343 1909 1536 1950 exequenda
1572 1918 1688 1954 curare
1717 1909 1815 1939 debe-

1116 1956 1203 1984 rent.
1248 1953 1379 1985 Horum
1394 1952 1604 1984 sacerdotnm
1621 1956 1736 1993 postea
1752 1962 1815 1983 nu-

1116 2007 1228 2028 merus
1244 1997 1286 2028 ad
1312 1998 1429 2028 decem
1456 1997 1575 2037 primo,
1592 2001 1678 2027 teste
1707 1996 1814 2034 Livio,

1114 2040 1173 2072 Vl.
1195 2044 1248 2075 37.
1266 2046 1300 2072 et
1325 2043 1378 2072 42.
1403 2040 1521 2071 deinde
1552 2040 1593 2071 ad
1620 2039 1815 2079 quindecim

1117 2085 1274 2123 exerevit,
1293 2083 1380 2115 unde
1397 2083 1535 2124 collegio
1552 2083 1744 2123 quindecim
1767 2085 1817 2114 vi-

1116 2138 1228 2159 rorum
1246 2138 1368 2159 nomen
1386 2128 1420 2158 in
1436 2133 1636 2168 perpetuum
1653 2127 1793 2158 adhaesit
1807 2139 1818 2166 ;

1115 2179 1284 2212 postremo
1301 2173 1402 2203 etiam
1428 2171 1469 2201 ad
1485 2171 1673 2210 sexaginta,
1690 2171 1720 2202 si
1743 2175 1820 2202 cre—‘

1116 2216 1226 2249 dimus
1241 2217 1354 2248 Servio
1370 2215 1411 2246 ad
1425 2214 1482 2246 Vl.
1500 2215 1575 2245 AEn.
1593 2224 1621 2244 v.
1638 2218 1692 2249 73.

1160 2259 1229 2295 39*
1243 2260 1287 2292 Ut
1322 2258 1424 2298 idem]
1473 2258 1520 2289 Ut
1550 2257 1667 2288 eadem
1700 2267 1811 2289 rerum

1116 2304 1299 2341 conversio,
1329 2302 1455 2334 eaedem
1484 2303 1572 2333 vices
1603 2302 1638 2332 in
1668 2302 1816 2341 singulos

1116 2357 1219 2378 annos
1235 2348 1391 2378 redirent.

1158 2390 1288 2422 40¹*Ad
1311 2389 1438 2431 partes]
1467 2389 1548 2420 Haee
1579 2398 1641 2419 vox
1671 2387 1816 2419 refertur

1117 2434 1156 2465 ad
1162 2434 1335 2474 ficbulam,
1351 2436 1387 2465 in
1402 2443 1467 2473 qua
1483 2438 1610 2463 actores
1630 2437 1744 2472 parrer
1759 2441 1817 2462 su-

1116 2489 1151 2509 as
1178 2485 1295 2518 agunt.
1341 2479 1464 2509 Sensus
1487 2481 1538 2506 est
1561 2476 1677 2515 igitur,
1695 2475 1817 2505 Herni-

1116 2532 1170 2552 cos
1189 2529 1320 2562 paratos
1338 2531 1408 2552 esse
1425 2525 1460 2551 et
1475 2519 1609 2550 edoctos
1626 2529 1645 2549 a
1661 2519 1815 2549 Patribus

1115 2565 1157 2596 ad
1172 2567 1317 2605 agendas
1331 2575 1421 2603 suas,
1437 2563 1530 2594 velut
1552 2563 1587 2593 in
1603 2562 1728 2599 fabula,
1745 2571 1819 2603 par·

1117 2615 1180 2648 teS,
1198 2608 1324 2651 &jouer
1339 2611 1409 2640 leur
1423 2607 1490 2638 rate
1504 2607 1586 2637 dans
1603 2607 1635 2636 Ια
1642 2605 1745 2646 Ρὶέεε.

1162 2657 1200 2684 41
1229 2654 1271 2684 Id
1293 2653 1380 2693 fides
1406 2650 1537 2689 abierit]
1578 2649 1672 2680 Fides
1701 2649 1820 2680 abierit

1119 2696 1210 2728 circa.
1228 2697 1281 2727 id.-
1305 2697 1367 2726 hoc
1391 2698 1453 2732 est,
1469 2695 1515 2731 id,
1539 2702 1660 2734 nempe
1682 2691 1820 2723 Volscos

1118 2746 1152 2771 et
1177 2740 1298 2779 AEquos
1325 2748 1386 2770 sua
1410 2741 1527 2779 sponte
1551 2746 1683 2767 movere
1710 2745 1836 2774 arina,v

1120 2784 1209 2814 credi
1233 2785 1305 2824 jam
1331 2792 1397 2812 nou
1425 2781 1539 2822 possit.
1585 2781 1692 2811 Simili
1719 2779 1818 2810 modo

1118 2826 1250 2857 locutus
1273 2831 1324 2857 est
1351 2826 1476 2863 Livius,
1502 2823 1540 2855 V.
1565 2827 1618 2855 34.
1645 2823 1727 2865 quod
1746 2824 1820 2863 qui-

1121 2871 1193 2901 dem
1217 2873 1381 2904 continens
1406 2871 1565 2900 memoria
1589 2870 1641 2900 sit.
1686 2867 1817 2900 Tamen
