1991 3250
153 274 197 306 U.
215 273 251 305 C.
267 275 342 307 387.

153 318 194 351 Α.
210 318 248 366 (3.
265 317 340 348 365.

363 150 441 193 392
905 147 940 186 Τ
952 147 972 185 1
984 147 1020 186 Τ
1034 147 1052 186 1
1091 148 1127 186 L
1139 147 1158 185 1
1170 147 1204 184 V
1217 146 1238 185 1
1252 147 1271 185 Ι

365 249 525 293 tendere
544 248 690 300 ausim,
714 245 909 301 Quirites,
926 247 1040 301 (nisi,
1057 261 1144 303 quae
1159 262 1238 302 pro
1258 247 1444 288 universa
1461 247 1668 303 republica
1671 247 1804 302 fiant,

366 323 413 351 ea
426 307 556 364 plebi,
577 313 787 362 tamquam
805 303 932 345 aliam
962 304 1151 345 incolenti
1182 304 1335 354 :ut-bem,
1356 303 1522 345 adversa
1553 306 1643 360 quis
1666 308 1805 360 putet)

365 364 474 407 nihil
492 378 577 415 7208,
597 366 724 427 neque
735 361 938 417 privatos,
958 374 1087 415 neque
1108 361 1150 401 in
1179 360 1504 417 magistratibus,
1525 362 1634 416 quod
1654 362 1804 402 incom-

368 422 532 464 modum
544 418 657 476 plebi
679 425 787 468 esset,
809 418 972 458 scientes
987 417 1160 472 fecisse.-
1194 432 1261 458 nec
1282 417 1584 473 ullum-factum
1604 418 1806 459 dictumve

370 485 554 521 nostrum
574 481 717 519 contra
735 473 954 516 utilitatem
975 480 1148 514 vestram
1169 475 1260 527 (etsi
1282 473 1465 530 quadam
1494 481 1634 515 contra
1662 474 1805 515 volun·

366 533 690 592 tatemfuerint)
710 545 800 572 vere
820 528 966 586 referri
978 543 1108 585 posse.
1167 530 1239 572 An
1258 530 1343 581 hoc,
1363 530 1397 570 si
1419 530 1604 572 Claudia:
1619 529 1805 587 familice

366 604 448 633 non
475 593 567 642 sim,
587 605 655 631 nec
687 598 735 629 ex
764 587 937 642 patricio
968 587 1162 643 sanguine
1194 594 1318 639 ortus,
1349 588 1415 628 sed
1444 602 1546 628 unus
1577 587 1805 642 Quiritium

370 648 559 705 quilibet,
581 647 650 702 qui
670 643 784 685 modo
805 658 866 684 me
894 642 1050 684 duobus
1070 643 1253 700 ingenuis
1271 651 1415 693 ortum,
1436 651 1473 685 et
1491 645 1623 685 vivere
1644 644 1687 685 in
1707 643 1806 685 libe-

367 709 418 746 ra
438 704 605 758 civitate
624 703 764 754 sciam,
786 701 948 741 reticere
959 699 1108 755 possim
1123 700 1144 740 Γ)
1177 699 1230 740 L.
1250 700 1367 747 illum
1391 700 1571 742 Sextium
1593 708 1631 742 et
1654 699 1705 742 C.
1727 699 1808 742 Li-

367 762 537 812 cinium,
551 766 763 815 perpetuos
785 757 838 809 (si
861 756 961 797 Diis
973 756 1128 812 placet)
1148 756 1343 807 tribunos,
1364 764 1524 798 tantum
1544 757 1716 800 licentice
1733 772 1807 799 no·

368 833 456 860 vem
475 817 608 867 annis,
629 815 778 871 quibus
799 819 984 869 regnant,
1004 813 1198 864 sumsisse,
1217 820 1261 854 ut
1279 813 1392 854 vobis
1412 821 1552 870 negent
1569 821 1807 870 potestatem

367 874 540 917 'liberam
564 871 772 929 suffragii,
793 885 873 911 non
904 871 946 911 in
977 869 1161 920 comitiis,
1181 884 1260 911 non
1291 870 1336 910 in
1365 870 1519 926 legibus
1536 871 1748 927 jubendis,
1768 885 1809 921 se

361 931 633 990 permissuros
645 943 721 970 esse
734 927 755 968 ,P
773 932 805 954 ⁶2
816 925 848 967 S
851 927 903 967 ub
918 926 1156 978 conditione,
1170 926 1317 982 inquit,
1329 941 1399 967 nos
1413 928 1598 981 reficietis
1612 928 1808 970 decimum
1849 957 1862 969 .

369 989 569 1030 tribunos.
587 990 618 1013 ⁶³
638 985 752 1030 Quid
767 991 821 1025 est
836 982 953 1024 aliud
969 983 1112 1034 dicere,
1131 983 1240 1038 quod
1248 990 1390 1038 pet-unt
1410 985 1501 1035 alii,
1517 999 1586 1026 nos
1604 985 1701 1026 adeo
1707 983 1809 1042 fas-

366 1045 550 1095 'tidinzus‚
563 1049 609 1084 ut
621 1043 705 1084 sine
717 1040 890 1083 mercede
905 1055 1056 1097 magna
1073 1055 1152 1081 non
1170 1040 1430 1095 accipiamus.
1456 1040 1537 1081 Sed
1548 1055 1634 1096 quae
1647 1042 1807 1083 tandem

368 1102 448 1144 'ista
468 1114 614 1145 merces
636 1106 706 1151 est,
728 1112 808 1155 qua
839 1112 906 1138 vos
935 1110 1083 1152 semper
1112 1097 1296 1138 tribunos
1319 1096 1452 1152 plebis
1480 1097 1733 1140 habeamus?
1761 1106 1809 1140 ut

367 1159 615 1216 rogationes,
644 1156 795 1212 inquit,
818 1160 994 1204 nostras,
1014 1168 1080 1194 seu
1100 1153 1278 1208 placent,
1299 1167 1366 1194 seu
1386 1153 1609 1209 displicent,
1629 1168 1698 1195 seu.
1723 1155 1809 1196 uti-¹·

368 1215 442 1267 les,
458 1230 525 1256 seu
537 1214 569 1238 ⁶⁴
584 1213 748 1255 inutiles
763 1217 869 1261 sunl,
883 1225 1014 1252 omnes
1030 1211 1270 1267 conjunctim
1287 1210 1518 1265 accipiat-is.
1540 1209 1711 1253 Obsecro
1723 1227 1808 1262 vos,

374 1270 598 1328 Tarquinii
617 1269 772 1311 tribuni
788 1267 930 1323 plebis,
944 1274 1088 1322 putate
1109 1282 1168 1308 me
1188 1281 1235 1308 ex
1257 1267 1383 1307 media
1405 1268 1587 1308 concione
1609 1282 1730 1310 unum
1749 1269 1809 1310 ci-

367 1343 455 1371 vem
475 1327 749 1370 subclamat-e:
781 1323 902 1365 Bona
932 1324 1047 1365 venia
1069 1332 1200 1365 vestra
1221 1324 1341 1364 liceat
1361 1338 1408 1364 ex
1440 1323 1501 1365 liis
1528 1325 1810 1381 rogationibus

370 1385 514 1443 legere,
548 1398 648 1440 quas
683 1381 867 1424 salubres
903 1380 1017 1422 nobis
1054 1395 1249 1422 censemus
1288 1395 1388 1429 esse‚·
1433 1381 1649 1436 antiquare
1685 1382 1810 1423 alias.

370 1444 403 1466 ⁶⁵
418 1441 529 1493 Non,
551 1440 703 1497 inquit,
724 1438 877 1480 licebit.
938 1437 976 1478 T
976 1452 1001 1477 ei
1020 1437 1068 1478 de
1074 1437 1238 1495 flenore
1257 1443 1376 1493 atque
1395 1438 1522 1493 agris,
1540 1438 1648 1493 quod
1666 1438 1722 1479 ad
1740 1453 1810 1480 vos

371 1514 502 1540 omnes
515 1498 708 1554 pertinet,
717 1495 895 1552 jubeas‚·
925 1501 962 1535 et
984 1494 1053 1535 lioc
1069 1494 1250 1550 portenti
1272 1507 1349 1534 non
1363 1492 1450 1548 fiat
1470 1495 1513 1535 in
1531 1494 1631 1536 urbe
1654 1493 1810 1536 Roma-

369 1564 440 1608 na,
462 1555 524 1597 uti
548 1554 601 1596 L.
625 1553 808 1595 Sextium
828 1558 953 1606 atque
969 1551 1072 1593 liu-nc
1095 1550 1144 1592 C.
1169 1550 1378 1592 Licinium
1404 1551 1598 1602 consules,
1619 1551 1727 1608 quod
1746 1553 1812 1593 in-

372 1611 575 1670 dignaris,
606 1610 715 1667 quod
750 1609 1013 1659 abominaris,
1043 1607 1219 1649 videas?
1259 1608 1348 1649 Aut
1376 1608 1511 1648 omnia
1541 1609 1700 1664 accipe:
1739 1609 1811 1650 aut

373 1669 482 1711 nibil
493 1667 608 1724 sero,
674 1666 730 1707 Ut
751 1667 788 1707 si
811 1665 900 1721 quis
930 1665 979 1716 ei,
1000 1679 1114 1721 quem
1145 1671 1286 1721 urgeat
1299 1663 1456 1720 sames,
1476 1679 1669 1706 venenum
1683 1671 1813 1721 ponat

374 1741 464 1768 cum
485 1725 600 1774 cibo,·
629 1731 665 1765 et
689 1730 761 1764 aut
780 1722 979 1763 abstinere
1001 1735 1059 1772 eo,
1077 1721 1184 1778 quod
1203 1721 1327 1763 vitale
1347 1721 1413 1771 sit,
1428 1721 1594 1777 jubeat,
1616 1729 1688 1763 aut
1706 1730 1812 1762 mor-

374 1782 541 1840 tiferum
564 1780 688 1823 vitali
709 1780 941 1821 admisceat.
981 1778 1111 1834 Ergo,
1131 1777 1165 1818 si
1185 1784 1279 1819 esset
1301 1777 1428 1818 libera
1451 1777 1529 1819 liccc
1550 1778 1711 1829 civitas,
1732 1792 1812 1819 non

370 1841 456 1881 tz'bz·
476 1839 719 1896 frequentes
740 1833 1084 1877 subclamassem?
1111 1834 1197 1876 Aba·
1224 1834 1314 1875 liinc
1348 1849 1435 1875 cum
1463 1834 1734 1876 tribunatibus
1763 1849 1810 1875 ac

369 1895 653 1954 “rogationibus
685 1894 778 1934 tuis.
810 1891 946 1949 quid?
987 1892 1021 1932 si
1048 1889 1121 1932 tuk
1152 1906 1229 1932 non
1263 1890 1411 1941 tuleris,
1433 1891 1539 1947 quod
1568 1891 1813 1933 commodum

375 1961 434 1995 est
449 1952 601 2009 populo
622 1951 818 2006 adcipere,
841 1963 949 1991 nemo
970 1949 1062 2000 erit,
1083 1948 1153 2003 qui
1168 1947 1289 2005 jerat
1317 1947 1424 1988 illud
1433 1948 1455 1989 2³
1488 1947 1534 1989 Si
1565 1949 1655 2002 quis
1675 1948 1813 2003 patri-

375 2012 474 2061 cius,
495 2011 529 2051 si
547 2008 635 2066 quis
658 2008 785 2064 (quod
805 2006 869 2047 illi
890 2005 1029 2047 volunt
1050 2003 1287 2046 invidiosius
1313 2006 1409 2055 esse)
1433 2003 1630 2046 Claudius
1649 2004 1812 2056 diceret,

377 2067 467 2109 Aut
502 2066 636 2108 omnia
672 2064 854 2119 accipite,
883 2070 955 2104 aut
986 2061 1092 2103 nillil
1107 2060 1204 2118 jero
1222 2078 1235 2111 ,-
1276 2061 1363 2117 quis
1391 2060 1580 2112 vestrum,
1614 2060 1839 2112 Quirites,-

368 2122 543 2181 ferret?
577 2121 859 2177 Numquamne
888 2134 956 2161 vos
985 2133 1047 2160 res
1070 2119 1220 2174 potius,
1242 2133 1369 2174 ‚quam
1399 2126 1588 2170 auctores,
1617 2117 1816 2174 spectabi-

906 2210 922 2230 ‘1
943 2217 978 2241 tu
994 2211 1054 2242 del.
1070 2211 1167 2241 Gron.
1184 2211 1272 2240 Crev.

420 2299 461 2329 62
487 2297 554 2329 Sub
569 2297 753 2332 conditione,
765 2293 882 2334 inquit]
908 2293 1075 2324 Uterlibet

375 2352 392 2372 e
409 2342 550 2372 tribunis
567 2341 678 2379 legum
696 2339 865 2370 lateiibus.
903 2337 994 2376 Saepe
1012 2335 1074 2366 hoc

376 2385 475 2415 modo
500 2386 604 2424 inquit
627 2382 775 2413 absolute
801 2381 950 2422 ponitur,
965 2385 1004 2410 ut
1025 2381 1074 2408 in-

375 2429 550 2467 telligatur
564 2426 704 2466 quilibet
719 2424 997 2455 contradicturus.
1021 2423 1073 2451 Sic

378 2472 463 2502 infra
480 2471 542 2501 hoc
567 2471 640 2510 ipso
664 2479 694 2499 c.
745 2468 787 2499 Ul
813 2469 1004 2506 rogationes,
1027 2466 1075 2495 in-

377 2515 462 2554 quit,
478 2519 603 2544 nostras
621 2534 628 2542 .
641 2534 648 2541 .
664 2535 670 2542 .
694 2512 878 2551 accipiatis.-
902 2514 936 2539 et.
951 2518 1074 2546 rursus,

379 2558 470 2594 Non,
487 2558 603 2597 inquil,
617 2557 733 2586 licebit.
778 2554 821 2584 Et
837 2553 859 2583 l.
875 2551 1030 2584 XXXIV.
1046 2562 1074 2581 c.

378 2604 410 2632 3.
461 2600 503 2630 Ut
533 2610 615 2630 auro
643 2604 673 2629 cl
692 2607 849 2638 purpura
863 2596 1074 2636 fulgeamus,

376 2645 493 2684 inquit.

422 2688 462 2716 63
485 2686 579 2726 ‚Quid
604 2690 650 2715 est
679 2684 774 2714 atiud
800 2681 918 2720 dicere]
957 2681 1077 2712 Nonne

379 2729 440 2760 hoc
457 2729 543 2759 idem
569 2734 632 2765 est,
647 2738 685 2758 ac
708 2727 734 2757 si
759 2725 932 2756 dicerent?
958 2725 1078 2756 Dicere

380 2772 434 2803 hic
449 2773 591 2803 sustinet
611 2771 713 2800 vicem
737 2769 931 2800 nominativi
956 2769 1074 2799 caden-

379 2816 421 2851 tis
453 2816 485 2845 in
512 2815 646 2845 verbum
672 2817 728 2844 est.
774 2813 905 2847 Dicere,
921 2812 1005 2851 quod
1017 2812 1076 2841 alii

375 2863 506 2900 petunt,
522 2867 576 2889 nos
585 2857 794 2898 Justidimus,
809 2855 887 2896 quid
897 2854 991 2885 aliud
1005 2859 1048 2885 esc
1058 2854 1075 2883 ι’

1118 2292 1185 2323 sive
1210 2291 1296 2322 idem
1321 2295 1382 2329 est,
1399 2292 1530 2333 supple,
1547 2297 1647 2332 atque
1671 2292 1704 2323 id
1727 2293 1815 2332 quod

1118 2335 1236 2365 dicunt
1250 2336 1389 2373 tribuni,
1401 2346 1470 2366 sese
1485 2337 1546 2366 sub
1562 2336 1751 2367 conditione
1766 2346 1818 2368 re·

1119 2379 1172 2408 fici
1190 2378 1270 2408 vene
1287 2379 1452 2409 decimum
1468 2380 1629 2410 tribunos.

1162 2422 1202 2452 64
1227 2422 1375 2460 Inutiles]
1396 2423 1584 2453 Damnosae.
1601 2423 1654 2452 Sic
1670 2421 1693 2452 l.
1711 2421 1770 2453 111.
1783 2433 1812 2455 c.

1120 2467 1171 2495 33.
1187 2467 1241 2504 qui
1257 2476 1420 2496 consensus
1431 2467 1571 2505 privatis
1586 2466 1751 2496 interdum
1765 2468 1816 2497 in·

1120 2510 1222 2547 utilis,
1239 2509 1272 2539 id
1294 2513 1356 2547 est,
1379 2509 1535 2539 exitiosus
1557 2513 1645 2539 esset.
1691 2507 1765 2541 vid.
1782 2512 1818 2540 et

1163 2596 1203 2625 65
1230 2595 1315 2630 Non,
1331 2596 1448 2635 inquil,
1464 2595 1577 2625 licebit.
1626 2594 1676 2625 Tu
1698 2595 1738 2626 de
1746 2594 1815 2635 foe-

1120 2638 1209 2677 nore]
1228 2639 1476 2678 Respondentes
1493 2638 1572 2668 facit
1584 2638 1734 2668 tribunos
1750 2639 1815 2678 Ap-

1121 2682 1208 2721 pius,
1225 2691 1290 2711 non
1314 2682 1352 2712 iis
1375 2682 1506 2720 quidem
1532 2681 1648 2715 verbis.
1664 2691 1737 2720 quae
1754 2682 1815 2721 ipsi

1121 2725 1352 2764 protulerant;
1390 2724 1447 2754 sed
1477 2724 1652 2762 quomodo,
1685 2734 1814 2764 quoque

1117 2777 1216 2798 sensu
1232 2768 1376 2806 jactatas
1391 2768 1431 2796 ab
1448 2767 1486 2797 iis
1510 2777 1605 2798 voccs
1628 2774 1663 2797 et
1678 2769 1819 2808 accipie-

1119 2811 1175 2842 bat
1189 2811 1271 2851 ipse,
1287 2816 1323 2841 et
1337 2821 1355 2841 a
1372 2809 1492 2851 populo
1508 2811 1612 2851 accipi
1629 2810 1769 2843 volebat.
