1969 3239
659 113 779 153 LIB.
808 113 872 151 VI.
911 113 1039 152 CAP.
1059 111 1155 150 XX
1566 120 1638 159 871

208 210 315 255 lllud
346 214 578 256 notandum
601 215 784 264 videtur,
804 222 849 254 ut
880 213 1017 255 sciant
1049 211 1258 262 homineS,
1282 227 1377 267 quae
1409 222 1450 255 et
1480 223 1694 269 quantaU.
1712 223 1748 253 C.
1763 224 1839 257 371

208 270 363 312 decora
385 272 502 312 foeda
524 272 735 328 cupiditas
759 270 875 325 regni
897 276 929 298 ³⁹
945 284 1029 310 non
1052 269 1218 324 ingrata
1242 269 1392 320 solum,
1409 273 1477 312 sed
1503 267 1691 314 invisaA·
1707 266 1744 297 C·
1760 269 1834 297 ³3¹

207 328 349 377 etiam,
372 329 612 369 reddiderit.
645 327 854 368 Homines
880 340 1009 381 piope
1031 326 1364 380 quadringentos
1389 328 1639 390 produxisse

200 383 380 434 dicitui,
421 386 576 439 quibus
628 384 717 425 sine
770 383 938 424 foenore
974 386 1006 410 9⁰
1021 396 1226 438 expensas
1279 385 1479 436 pecunias
1521 386 1637 426 tulis-

207 449 285 491 set,
316 456 495 495 quorum
535 443 644 482 bona
690 440 847 489 venire,
877 453 983 493 quos
1019 439 1115 480 duci
1162 438 1354 479 addictos
1398 440 1637 494 prohibuis-

208 506 284 537 set.
342 497 411 538 Ad
454 498 562 547 haec,
594 495 791 538 ⁹¹decora
821 509 991 550 quoque
1024 496 1121 536 belli
1165 509 1248 535 non
1284 510 1638 540 commemorasse

205 562 387 604 tantum,
409 554 477 594 sed
505 552 726 608 protulisse
759 553 887 592 etiam
921 552 1249 607 conspicienda·
1281 552 1415 607 spolia
1448 554 1636 596 hostium

203 624 412 651 caesorum
434 610 488 650 acl
511 609 702 665 triginta,
724 609 835 650 dona
859 610 1162 663 imperatorum
1185 609 1235 649 ·1d
1258 609 1567 665 quadraginta:
1592 613 1635 653 in

202 667 390 721 quibus
381 667 565 721 insignes
567 644 691 706 ednas
713 668 744 693 ⁹⁴²
760 665 939 706 murales
961 679 1152 716 comnaS,
1174 680 1241 706 cix
1247 680 1331 706 icas
1355 675 1470 707 octo.
1520 670 1550 693 9³
1566 667 1635 709 Ad

204 722 299 764 haec
321 732 507 763 servatos
529 737 583 763 ex
607 722 800 763 hostibus
822 722 936 763 cives
960 722 1237 777 produxisse,
1269 722 1377 763 inter
1398 737 1503 777 quos
1534 728 1566 751 ⁹4
1582 724 1634 766 C.

203 778 428 820 Servilium
470 780 720 835 magistrum
764 779 954 833 equitum
995 779 1213 819 absentem
1255 780 1539 821 nominatum.
1589 790 1636 822 et

202 849 330 890 quum
355 850 404 876 ea
424 850 608 899 quoque,
630 850 724 890 quae
749 835 859 876 bello
884 844 1004 890 cesta
1022 844 1176 885 essent,
1199 849 1275 890 pro
1298 835 1472 892 fastigio
1495 851 1634 878 rerum

200 893 392 933 oratione
412 893 539 933 etiam
562 892 806 947 magnifica,
829 892 942 932 facta
959 891 1085 932 dictis
1105 892 1329 946 aequando,
1345 904 1635 946 memmasset,

200 949 380 990 nudasse
430 959 577 1004 pectus
629 949 796 1004 insigne
845 948 1116 989 cicatricibus
1169 948 1278 989 bello
1329 952 1542 1004 acceptis3
1592 961 1636 992 et

199 1005 461 1056 idemtidem,
484 1005 746 1061 Capitolium
779 1015 986 1060 spectanS,
1008 1005 1163 1046 Jovem
1195 1004 1395 1060 Deosque
1426 1007 1529 1048 alios
1559 1008 1633 1048 de-

198 1076 371 1104 vocasse
394 1063 447 1103 ad
469 1062 675 1103 auxilium
700 1062 962 1103 fortunarum
994 1076 1189 1102 suarum:
1221 1073 1500 1118 precatusque
1530 1078 1636 1116 esse,

197 1127 261 1168 tit,
291 1133 420 1174 quam
453 1128 636 1160 mentem
671 1120 752 1159 sibi
792 1118 1083 1173 Capitolinam
1116 1133 1255 1159 arcem
1293 1120 1536 1175 protegenti
1580 1122 1634 1163 ad

197 1175 374 1216 salutem
400 1176 546 1231 populi
570 1176 755 1216 Romani
787 1176 1014 1226 dedissent,
1036 1189 1129 1215 eam
1162 1176 1322 1231 populo
1356 1176 1554 1218 Romano
1587 1178 1633 1220 in

196 1246 273 1273 suo
304 1233 549 1274 discrimine
580 1233 751 1274 darent:
783 1241 826 1273 et
857 1246 995 1273 orasse
1028 1232 1216 1288 singulos
1246 1233 1563 1288 universosque,
1587 1244 1633 1276 ut

198 1288 463 1344 Capitolium
485 1299 613 1344 atque
645 1303 785 1330 arcem
817 1289 1046 1339 intuentes,
1069 1299 1115 1328 ut
1148 1289 1199 1329 ad
1236 1288 1351 1330 Deos
1384 1290 1629 1333 inmortales

196 1347 320 1397 versi,
341 1346 393 1387 de
415 1346 733 1410 sejudicaiQent
776 1345 827 1386 In
851 1345 1018 1400 Campo
1039 1345 1200 1386 Martio
1221 1355 1389 1401 quum9
1393 1349 1630 1389 centuria-

197 1403 273 1443 tim
326 1403 508 1459 populus
556 1403 771 1453 citaretur,
821 1411 864 1443 et
912 1416 1021 1452 leus,
1061 1402 1113 1443 ad
1165 1401 1426 1458 Capitolium
1477 1419 1629 1446 manus

198 1459 388 1511 tendens,
409 1460 462 1500 ab
485 1459 731 1500 hominibus
752 1458 803 1500 ad
829 1459 944 1500 Deos
977 1473 1122 1513 preces
1152 1460 1399 1511 aweitisset3
1430 1460 1630 1516 adparuit

198 1515 393 1566 tribunis,
415 1515 496 1556 nisi
518 1516 663 1556 oculos
694 1530 863 1571 quoque
896 1516 1117 1556 hominum
1152 1516 1400 1557 liberassent
1432 1518 1485 1558 ab
1520 1519 1628 1560 tanti

194 1573 401 1617 memoria
425 1572 608 1636 decoris,
625 1587 855 1627 numquam
879 1572 969 1612 f·01e
1000 1572 1042 1612 in
1076 1573 1385 1629 ptaeoccupatis
1419 1574 1628 1616 beneficio

191 1629 346 1669 animis
370 1642 468 1670 vero
490 1629 657 1670 crimini
680 1629 836 1670 locum.
889 1628 956 1669 Ita
977 1629 1171 1684 prodicta
1191 1630 1306 1681 die,
1297 1645 1341 1671 m
1364 1630 1626 1674 Poetelinum

234 1745 274 1776 39
298 1739 376 1773 Non
390 1744 527 1782 ingrata
549 1745 662 1774 solum.
674 1764 681 1772 .
694 1743 884 1783 reddiderit]

192 1784 270 1816 Non
285 1785 394 1816 solum
421 1787 534 1817 fructu
561 1787 676 1826 gratiae
704 1788 741 1816 iis
768 1787 887 1816 debitae

191 1829 379 1869 privaverit.
429 1831 609 1869 Ingratum
654 1829 707 1859 hic
742 1831 890 1860 sumitur

193 1872 368 1906 uena-1233
385 1883 443 1914 pro
457 1884 498 1904 eo
516 1874 568 1904 cui
594 1873 701 1912 gratia
723 1883 790 1904 non
815 1883 889 1914 per-

192 1915 343 1946 solvitur.

234 1961 276 1992 90
298 1958 469 2000 Expensas
490 1961 645 2000 peccamus
660 1961 800 1998 tulisset]
828 1960 886 1990 Pe-

193 2002 329 2031 cuniam
364 2003 518 2034 dedisset.
565 2003 759 2043 Eaepensum
783 2002 884 2042 ferre

191 2051 244 2074 est
261 2053 294 2074 in
309 2046 439 2076 tabulas
456 2048 583 2087 accepti
609 2054 644 2076 et
670 2048 805 2086 expensi
834 2056 886 2076 re-

189 2087 288 2125 ferre,
305 2089 398 2127 quasi
414 2090 527 2120 datum
553 2100 590 2120 ac
609 2090 755 2120 solutum
772 2102 778 2119 ι
803 2090 884 2126 sive,

189 2135 229 2160 ut
256 2130 356 2162 habet
373 2132 491 2163 Ascon.
508 2134 543 2163 in
568 2133 657 2169 1113,nl
674 2139 790 2162 contra
805 2133 885 2163 Ver-

189 2183 274 2211 rem,
301 2174 442 2205 scribere
472 2185 506 2206 se
536 2177 714 2216 pecuniam
746 2176 884 2206 dedisse.

190 2217 344 2248 Sumitur
358 2218 555 2258 simpliciter
568 2229 627 2259 pro
653 2222 782 2258 solvere,
807 2220 887 2250 clare

182 2262 367 2302 pecuniam.

232 2306 270 2338 91
311 2304 442 2336 Decora
470 2314 590 2344 quoque
620 2304 706 2344 belle]
741 2305 792 2335 De
829 2304 879 2334 his

189 2347 309 2378 Manlii
327 2347 499 2378 decoribus
512 2348 582 2386 agit
594 2357 723 2386 quoque
739 2348 880 2384 Plinius,

188 2390 278 2421 Hist.
302 2390 380 2421 Nat.
399 2389 420 2421 l.
437 2389 511 2420 VII.
529 2401 557 2420 c.
584 2392 637 2421 28.
682 2391 721 2421 ln
749 2392 881 2429 quibus-

190 2434 267 2464 dam
284 2433 439 2464 dissentit
455 2443 474 2463 a
489 2433 593 2470 Livio,
611 2434 762 2472 quaedam
780 2434 884 2471 addit,

189 2487 265 2516 quae
283 2487 376 2507 nosse
400 2486 508 2517 operae
532 2477 676 2516 pretium
703 2478 756 2507 sit.
799 2477 885 2507 Ante

185 2521 344 2551 decimum
353 2522 523 2560 septimum
534 2529 673 2558 annum,
682 2520 804 2559 inquit,
815 2521 888 2550 bina,

186 2568 315 2604 ceperat
325 2565 440 2603 spolia.
487 2563 626 2594 Primus
641 2566 784 2594 omnium
799 2573 890 2602 eques

184 2616 336 2638 emonam
358 2608 520 2637 muralem
536 2611 715 2646 acceperat,
734 2605 791 2636 VI.
809 2608 884 2636 civi-

183 2659 252 2688 cas,
264 2649 448 2681 XXXVII.
459 2650 540 2680 dorm
551 2663 560 2679 .·
574 2649 713 2680 XXIII.
722 2651 886 2680 cicatrices

188 2690 321 2724 adverso
343 2703 469 2733 corpore
492 2697 658 2732 exceperat
671 2705 680 2722 :
706 2692 749 2723 P.
770 2692 879 2722 Servi-

189 2736 270 2766 lium
292 2738 488 2775 magistrum
511 2738 653 2776 equitum
680 2740 878 2774 servaverat,

190 2779 253 2818 ipse
265 2781 455 2810 vulneratus
470 2781 640 2810 humerum
659 2779 833 2819 notemur.

231 2822 272 2855 9⁶2
295 2821 443 2853 Murales
464 2823 609 2862 coronas]
633 2823 778 2853 illm-ulis
810 2828 882 2853 erat

931 1753 1063 1793 corona,
1077 1753 1141 1783 qua
1157 1743 1342 1775 donabatur
1356 1745 1395 1775 ab
1413 1746 1625 1786 imperatore,

933 1787 987 1825 qui
1015 1788 1142 1826 primus
1174 1797 1307 1818 murum
1335 1789 1502 1827 subiisset,
1525 1791 1625 1829 inque

932 1830 1090 1870 oppidum
1115 1819 1258 1860 liostium
1276 1841 1341 1881 ‘per
1364 1832 1428 1862 vim
1460 1834 1627 1864 ascendis-

932 1880 994 1903 set.
1042 1873 1168 1903 Idcirco
1192 1875 1283 1912 qnasi
1303 1875 1387 1905 muri
1404 1876 1514 1915 pinnis
1530 1877 1627 1907 deco-

929 1920 1001 1946 rata
1039 1922 1121 1947 erat.
1167 1917 1250 1946 Fieri
1288 1928 1328 1947 ex
1366 1928 1446 1948 auro
1486 1920 1625 1951 solebat.

935 1959 1040 1990 Cizica
1088 1969 1204 1990 emona
1242 1961 1485 2001 appellabatur,
1522 1973 1623 2002 quam

928 2003 1007 2033 civis
1036 2003 1112 2040 civi,
1143 2013 1163 2032 a
1199 2013 1263 2042 quo
1300 2008 1447 2035 servatus
1478 2010 1548 2036 erat
1588 2007 1623 2036 in

928 2046 1054 2085 praelio,
1081 2050 1202 2076 testem
1232 2048 1310 2077 vitae
1339 2048 1520 2087 salutisque
1551 2059 1624 2089 per-

929 2096 1035 2129 ceptae
1073 2089 1183 2120 dabat.
1227 2090 1276 2120 Ea
1314 2091 1415 2121 fiebat
1451 2102 1468 2121 e
1505 2092 1623 2123 fronde

930 2142 1069 2170 querna,
1093 2133 1144 2162 vel
1167 2133 1301 2172 ilignea.
1344 2134 1418 2165 Vid.
1442 2138 1482 2166 A.
1499 2135 1582 2166 Gen.
1599 2136 1622 2167 1.

928 2175 969 2205 V.
985 2186 1012 2205 c.
1030 2176 1060 2206 (ἱ.
1077 2179 1111 2205 et
1128 2176 1211 2206 Plin.
1231 2177 1251 2206 1.
1268 2177 1356 2208 XVI.
1373 2188 1402 2208 e.
1416 2182 1448 2209 4.

973 2222 1013 2253 93
1049 2218 1102 2249 Ad
1137 2220 1203 2250 hoec
1218 2240 1246 2250 ..
1261 2222 1384 2251 ..cives
1414 2221 1618 2260 produm‘sscss

924 2261 1012 2292 Olim
1038 2262 1206 2301 produxit.
1251 2264 1399 2294 Mutavit
1428 2265 1621 2296 Rhenanus.

926 2306 1006 2344 Legi
1031 2315 1160 2344 quoque
1184 2307 1285 2344 jussit
1307 2308 1461 2346 Sigonius
1485 2309 1530 2338 ad
1550 2310 1618 2338 Izoec

924 2359 984 2388 pro
999 2349 1043 2379 ad
1059 2350 1133 2379 hoc.
1130 2361 1136 2366 ·
1154 2359 1253 2389 parvo
1270 2348 1478 2387 discrimine;
1496 2351 1554 2381 sed
1563 2355 1614 2382 ta-

931 2401 1007 2422 men
1032 2392 1143 2422 inxitis
1167 2393 1321 2423 omnibus
1336 2395 1454 2423 nostris
1472 2394 1565 2424 MSS.

971 2438 1012 2468 94
1040 2436 1072 2465 C.
1104 2435 1280 2466 Servilium
1310 2439 1505 2475 magistrum
1535 2440 1623 2478 equi-

928 2477 1014 2517 tum]
1039 2477 1104 2517 Qui
1136 2480 1293 2518 magister
1320 2481 1469 2518 equitum
1498 2480 1621 2518 fuerat,

933 2521 1073 2550 Camillo
1099 2521 1273 2559 dictatore,
1300 2529 1394 2553 sexto
1417 2530 1495 2553 ante
1521 2533 1621 2555 anno.

930 2563 1005 2594 Vid.
1021 2574 1122 2604 supra
1137 2575 1165 2595 c.
1182 2568 1211 2596 2.
1229 2565 1354 2596 Plinius
1371 2577 1446 2597 eum
1462 2572 1558 2597 vocat
1575 2568 1619 2599 P

929 2606 1117 2637 Smn'lium.

972 2654 1012 2684 95
1063 2650 1297 2690 (buturiatimJ
1333 2651 1505 2683 Judicinm
1544 2664 1618 2693 per-

923 2692 1098 2723 duellionis
1114 2696 1310 2725 centuriatis
1328 2696 1470 2726 comitiis
1487 2706 1617 2727 exerce-

923 2736 1032 2766 batur.
1075 2736 1175 2767 Aliud
1191 2739 1381 2778 exemplum
1398 2743 1507 2770 exstat
1529 2740 1616 2779 apud

925 2783 1089 2816 nostrum,
1104 2780 1125 2810 l.
1143 2781 1266 2814 XLlu.
1283 2792 1312 2812 c.
1333 2782 1380 2812 16-

984 2864 1111 2906 Bb‘ss
