1991 3250
204 449 245 484 U.
265 453 302 483 C.
320 455 394 487 377.

201 498 241 527 A.
259 497 296 526 C.
315 499 388 530 375.

203 541 256 578 Sp.
270 541 376 578 Furio,

202 584 257 612 &a
271 584 326 612 Tr.

202 626 272 655 Mil.

201 669 373 698 seditiones

200 712 240 740 ob
257 722 296 740 a¹s
311 712 385 740 alie-

203 764 287 784 nutu.

197 1304 377 1334 volscorum

196 1349 263 1385 agri
279 1348 314 1376 dc
319 1358 384 1377 vas-

198 1394 317 1421 tantur.

420 123 497 163 382²
957 125 1099 164 TITI
1138 120 1315 163 L1V11

421 224 585 267 Eodem
605 233 717 267 anno
737 227 770 249 ³⁰
785 224 960 276 Setiam,
976 225 1077 282 ipsis
1090 225 1364 281 querentibus
1377 225 1596 279 penuriam
1608 226 1846 277 hominum,

416 283 448 306 ³¹
464 283 564 323 novi
605 282 746 323 coloni
779 282 996 337 adscripti.
1057 282 1288 337 Rebusque
1323 281 1434 322 haud
1475 283 1683 337 prosperis
1718 283 1846 333 bello,

418 338 652 381 domestica
673 338 807 394 quieS‚
829 353 956 393 quam
978 338 1241 379 tribunorum
1271 338 1448 378 militum
1471 352 1525 379 ex
1558 339 1680 395 plebe
1710 339 1848 395 gratia.

417 395 701 450 majestasque
723 396 833 436 inter
855 409 951 435 suos
973 395 1174 444 obtinuit,
1196 394 1390 436 solatium
1417 393 1511 435 fuit.

474 451 665 493 XXXI.
699 451 966 505 Insequentis
998 451 1097 491 anni
1130 451 1339 506 principia
1372 451 1514 492 statim
1550 450 1757 491 seditione
1780 450 1844 491 in-

417 509 534 562 genti
557 522 707 557 arsere‚
730 507 910 547 tribunis
934 506 1113 547 militum
1137 508 1345 548 consulari
1365 516 1577 577 potes-tate
1605 508 1679 562 Sp.
1700 506 1845 557 Furio,

418 564 474 610 Q.
497 564 675 605 Servilio
707 563 953 612 secundum,-
977 562 1028 603 C.
1055 563 1233 612 Licinio,
1259 563 1307 604 P.
1340 564 1515 613 (Aoelio,
1548 563 1614 604 M.
1647 562 1845 612 Horatio,

420 620 465 660 L.
493 621 704 676 Geganio.
768 618 868 658 Erat
889 629 1030 659 autem
1052 627 1094 659 et
1114 620 1289 660 materia
1307 630 1350 661 et
1369 634 1517 661 caussa
1535 619 1754 660 seditionis
1785 633 1848 660 aes

414 677 626 717 alienum:
668 675 790 729 cujus
823 675 1026 715 noscendi
1057 676 1192 730 gratia
1224 676 1299 731 Sp.
1332 676 1534 717 Servilius
1569 676 1753 724 Priscus,
1784 675 1846 721 Q.

416 733 598 774 Cloelius
621 732 787 772 Siculus
824 744 1018 771 censores
1042 730 1158 781 facti,
1183 746 1234 772 ne
1257 746 1340 772 rem
1374 742 1560 787 agerent,
1583 732 1692 772 bello
1723 732 1844 785 inpe-

414 789 490 830 diti
523 797 633 829 sunt.
665 801 848 841 namque
884 787 1036 842 trepidi
1071 788 1214 828 nuncii
1250 789 1401 842 primo,
1425 789 1527 842 fuga
1548 788 1700 830 deinde
1722 803 1775 828 ex
1798 803 1844 828 a-

414 846 499 900 gris
521 845 709 901 legiones
732 843 982 883 Volscorum
1007 843 1214 897 ingressas
1236 844 1354 894 fines,
1378 845 1653 899 popularique
1686 844 1839 899 passim

415 902 660 942 Romanum
696 914 860 954 agrum,
894 899 1094 940 adtulcre.
1158 899 1207 939 In
1241 915 1324 954 qua
1361 901 1641 954 trepidatione
1676 913 1839 941 tantum

413 958 536 1008 afuit,
559 968 606 998 ut
627 957 770 998 civilia
791 957 1022 996 certamina
1044 966 1174 996 terror
1197 966 1397 997 externus
1420 957 1652 1007 cohiberet,
1671 967 1716 998 ut
1738 972 1842 998 con-

414 1023 479 1055 tra
500 1029 551 1055 eo
573 1014 799 1055 violentior
821 1021 1008 1067 potestas
1040 1012 1268 1053 tribunicia
1298 1013 1553 1066 inpediendo
1575 1014 1754 1062 delectui
1777 1028 1842 1054 es-

413 1080 499 1111 set:
543 1071 678 1111 donec
707 1070 972 1110 conditiones
1010 1069 1208 1124 inpositae
1243 1069 1458 1120 Patribus,
1478 1084 1533 1110 ne
1559 1070 1668 1124 quis,
1700 1070 1842 1125 quoad

412 1127 614 1168 bellatum
647 1136 771 1176 esset,
794 1126 998 1166 tributum
1031 1126 1163 1176 daret,
1187 1135 1260 1166 aut
1283 1125 1356 1180 jus
1391 1126 1443 1166 de
1474 1126 1653 1180 pecunia
1681 1127 1841 1168 credita

413 1184 585 1225 diceret.
646 1183 709 1223 Eo
739 1182 984 1223 laxamento
1008 1182 1119 1237 plebi
1143 1191 1300 1232 sumto,
1320 1195 1438 1222 mora
1457 1182 1638 1224 delectui
1662 1196 1744 1223 non
1776 1193 1842 1223 est

412 1239 540 1281 facta.
602 1239 864 1295 Legionibus
887 1239 1007 1278 novis
1029 1239 1209 1293 scripffl,
1234 1238 1407 1293 placuit,
1429 1239 1533 1279 duos
1564 1239 1775 1280 exercitus
1798 1239 1840 1280 in

410 1312 558 1352 agrum
592 1296 796 1337 Volscum
835 1294 1070 1350 legionibus
1106 1295 1251 1335 divisis
1285 1295 1399 1335 duci.
1458 1295 1533 1350 Sp.
1567 1295 1732 1345 Furius,
1770 1295 1839 1335 M.

413 1354 620 1395 Horatius
657 1353 901 1394 dextrorsus
942 1350 1199 1391 maritimam
1233 1365 1350 1392 oram
1387 1359 1514 1406 atque
1550 1351 1746 1402 Antium,
1781 1352 1840 1398 Q.

412 1410 614 1451 Servilius
633 1419 676 1450 et
701 1410 746 1449 L.
770 1408 991 1463 Geganius
1022 1407 1129 1448 laeva
1149 1408 1202 1448 ad
1224 1417 1388 1448 montes
1417 1407 1609 1448 Ecetram
1639 1419 1840 1464 pergunt.

412 1467 577 1508 Neutra
597 1475 717 1521 parte
748 1465 882 1505 hostis
911 1464 1063 1505 obvius
1086 1463 1181 1504 fuit.
1243 1463 1472 1518 Populatio
1500 1465 1642 1519 itaque
1673 1479 1756 1506 non
1779 1463 1841 1506 illi

409 1539 532 1580 vagae
554 1522 716 1572 similis,
739 1535 867 1577 quam
894 1521 1069 1561 Volscus
1099 1520 1310 1562 latrocinii
1343 1534 1472 1571 more,
1494 1521 1709 1562 discordia
1738 1521 1840 1562 bos-

411 1580 518 1621 tium
540 1579 686 1629 fretus,
709 1592 752 1621 et
778 1579 972 1618 virtutem
995 1587 1202 1627 metuenS,
1226 1591 1299 1632 per
1328 1577 1653 1633 trepidationem
1683 1578 1840 1634 raptim

409 1636 568 1678 fecerat
589 1654 599 1688 3
630 1636 702 1677 sed
723 1641 755 1662 ⁸2
769 1636 822 1675 ab
838 1634 961 1688 justo
981 1634 1172 1675 exercitu
1188 1634 1310 1688 justa
1331 1635 1390 1674 ira
1420 1633 1549 1685 facta,
1570 1634 1712 1689 spatio
1729 1649 1837 1689 quo-

407 1708 490 1748 que
513 1693 716 1748 temporis
738 1693 921 1747 gravior.
973 1691 1148 1745 Quippe
1168 1705 1194 1730 a
1215 1689 1398 1740 Volscis,
1418 1691 1680 1740 timentibus,
1703 1705 1754 1732 ne
1772 1691 1838 1732 in-

409 1751 532 1791 terim
564 1750 777 1791 exercitus
799 1748 852 1788 ab
877 1747 1017 1788 Roma
1038 1749 1190 1797 exiret,
1214 1747 1472 1788 incursiones
1495 1748 1537 1787 in
1567 1756 1758 1788 extrema
1787 1747 1840 1787 fi-

406 1807 526 1848 nium
558 1807 683 1847 factae
717 1815 866 1845 erant:
902 1804 1098 1845 Romano
1131 1814 1282 1844 contra.
1312 1803 1441 1844 etiam
1475 1804 1517 1844 in
1550 1802 1716 1844 hostico
1746 1817 1838 1844 mo-

406 1864 524 1905 randi
549 1878 696 1905 caussa
717 1872 806 1902 erat
819 1873 842 1911 ¹,
865 1871 913 1901 ut
935 1860 1101 1901 hostem
1121 1860 1173 1901 ad
1195 1869 1407 1901 certamen
1429 1859 1610 1901 eliceret.
1671 1859 1689 1900 Ι
1697 1869 1837 1914 taque,

405 1921 606 1961 omnibus
630 1919 785 1974 passim
810 1918 932 1958 tectis
963 1931 1177 1973 agrorum,
1205 1917 1395 1972 vicisque
1424 1917 1553 1957 etiam
1582 1915 1838 1970 quibusdam

404 1977 583 2027 exustis,
606 1991 690 2017 non
713 1976 863 2016 arbore
884 1973 1101 2029 frugifera,
1121 1987 1204 2014 non
1237 1973 1339 2014 satis
1360 1974 1403 2014 in
1433 1986 1550 2028 spem
1580 1973 1752 2028 frugum
1774 1986 1838 2013 re-

405 2033 532 2084 lictis,
555 2033 686 2083 omni,
709 2046 805 2087 quae
827 2041 948 2071 extra
979 2030 1140 2071 moeuia
1170 2029 1266 2080 fuit,
1288 2029 1509 2070 hominum
1539 2030 1837 2086 pecudumque

406 2091 552 2146 praeda
573 2090 742 2138 abacta,
768 2088 951 2128 Romam
973 2087 1186 2142 utrimque
1208 2087 1421 2128 exercitus
1441 2086 1617 2128 reducti.
1831 2093 1834 2096 ’

464 2145 680 2188 ΧΧΧΙΙ.
714 2145 852 2186 Parvo
890 2143 1114 2185 intervallo
1150 2143 1203 2184 ad
1240 2143 1530 2198 respirandum
1572 2142 1835 2183 debitoribus

405 2203 521 2255 dato,
541 2213 768 2258 postquam
791 2200 947 2256 quietae
971 2214 1034 2240 res
1056 2201 1110 2240 ab
1134 2199 1332 2240 hostibus
1352 2209 1486 2250 erant,
1516 2201 1545 2222 ³³
1559 2199 1761 2240 celebrari
1783 2198 1838 2239 de

404 2260 573 2315 integro
598 2258 870 2314 jurisdicti03
901 2267 945 2298 et
967 2266 1134 2298 tantum
1172 2256 1318 2296 abesse
1352 2271 1445 2311 spes
1479 2255 1630 2296 veteris
1668 2255 1835 2295 levandi

405 2316 600 2366 foenoris,
625 2325 670 2358 ut
692 2316 855 2356 tributo
879 2327 1037 2355 novum
1059 2312 1203 2353 foenus
1226 2312 1547 2354 contraheretur
1577 2312 1619 2352 in
1651 2325 1835 2361 murum,

403 2388 429 2417 a
464 2373 711 2415 censoribus
744 2372 928 2413 locatum
966 2383 1070 2410 saxo
1108 2369 1313 2424 quadrato
1347 2369 1609 2410 faciundum.
1638 2367 1706 2408 cui
1740 2381 1836 2407 suc-

403 2431 604 2472 cumbere
627 2429 744 2475 oneri
773 2436 923 2469 coacta
947 2426 1115 2483 plebes;
1147 2425 1261 2481 quia,
1283 2440 1406 2482 quem
1431 2425 1640 2467 delectum
1672 2422 1840 2479 inpedi-

908 2545 919 2560 ‘
941 2544 1005 2569 erat
1020 2548 1127 2569 caussa.
1142 2541 1237 2569 Gron.
1252 2540 1342 2569 Crev.

445 2620 485 2647 30
511 2616 646 2656 ¹5'ae‘tiam]
681 2615 754 2646 Hoc
785 2614 918 2651 Sigonio
949 2615 1097 2645 debetur.
1140 2614 1266 2644 velleio
1280 2614 1341 2644 sub
1356 2613 1458 2643 finem
1475 2612 1530 2642 lib.
1546 2612 1571 2641 1.
1587 2610 1765 2650 colligitur.

401 2660 631 2690 Autumnum.
667 2659 857 2689 Thuanaeus
873 2658 975 2688 codex
989 2665 1099 2689 servat
1183 2657 1309 2688 aevu,
1334 2655 1426 2696 justo
1454 2655 1611 2691 exercitu,
1638 2652 1734 2695 juda
1764 2654 1833 2693 ira}

400 2703 573 2741 vestigium
605 2702 707 2732 litt-rte
738 2702 765 2731 S
793 2709 871 2731 ante
899 2703 1010 2739 eliam,
1041 2702 1098 2732 sed
1141 2700 1214 2730 vid.
1231 2707 1300 2730 not.
1317 2701 1367 2730 52.
1385 2698 1425 2728 ad
1441 2708 1470 2728 c.
1492 2701 1539 2728 13.
1555 2706 1664 2736 supra.

393 2747 523 2784 ⁴iuncta*
538 2755 612 2774 cnm
631 2755 708 2775 voce
726 2745 937 2783 praecedcnti.
1181 2743 1250 2774 33ἰ
1263 2741 1423 2773 (flebo-ari
1447 2762 1455 2770 .
1467 2762 1476 2770 .
1491 2763 1498 2769 .
1510 2761 1518 2769 .
1536 2738 1734 2781 jurisdictio]
1772 2739 1838 2769 Jus-

443 2792 477 2819 ,Ἠ
509 2788 591 2819 Noe-i
606 2787 715 2826 cotom]
734 2788 808 2817 dam
827 2798 865 2816 co
881 2787 988 2817 coloni
1006 2787 1095 2817 missi
1139 2786 1267 2817 assidue
1290 2786 1353 2816 dici
1377 2784 1476 2824 coepit
1499 2783 1537 2814 de
1562 2784 1710 2824 pecuniis
1733 2783 1836 2814 credi-

397 2834 528 2864 inerant
561 2837 677 2870 ‹gustu›
708 2838 784 2860 aute
816 2839 915 2865 aimo,
941 2830 1027 2870 quod
1057 2840 1094 2859 cx
1140 2830 1193 2860 tis.
