1991 3250
654 76 774 115 LIB.
802 76 832 114 1.
871 77 998 115 CAP.
1027 75 1134 113 LIII.
1212 110 1217 114 .
1580 76 1630 118 '71

187 185 220 215 ⁹⁴
241 177 452 222 refecisset
466 182 504 230 g3
533 178 734 234 concepit
752 176 896 218 animo
917 189 1010 216 eam
1032 173 1360 230 amplitudinem
1382 172 1506 215 Jovis
1524 182 1633 215 tem·

190 238 266 294 pli,
285 251 381 291 qum
405 237 536 292 digna
559 235 701 276 Deum
726 234 1034 287 hominumque
1055 246 1170 288 rege,
1191 246 1288 286 quae
1321 230 1520 271 Romano
1551 231 1632 271 im-

190 294 324 351 perio,
347 308 442 348 quae
465 294 597 348 ipsius
618 291 746 332 etiam
770 290 850 331 loci
877 290 1101 344 majestate
1118 299 1243 329 esset.
1305 286 1532 343 Captivam
1559 301 1631 342 pe-

189 351 359 392 cuniam
383 351 422 390 in
443 348 772 391 aedificationem
793 347 885 400 ejus
905 346 1051 402 templi
1067 346 1272 402 seposuit.
1309 343 1493 400 Excepit
1509 344 1629 384 dein-

186 409 241 449 de
261 423 357 448 eum
381 408 535 448 lentius
558 419 632 460 spe
654 403 825 452 bellum,
845 418 931 458 quo
955 402 1136 453 Gabios,
1156 402 1438 458 propinquam
1466 401 1628 450 urbem,

185 465 473 520 nequidquam
490 464 528 503 vi
544 464 732 512 adortus,
746 474 877 516 quum
895 463 927 486 ⁹⁵
941 460 1165 501 obsidendi
1180 473 1352 514 quoque
1367 459 1513 498 urbem
1531 472 1627 512 spes

187 523 310 578 pulso
342 537 366 562 a
397 520 616 561 moenibus
644 519 813 559 ademta
834 526 959 568 esset,
984 528 1200 572 postremo
1223 516 1399 556 minime
1421 526 1511 555 arte
1536 514 1627 555 Ro-

185 594 327 628 mana,
342 577 488 618 fraude
506 591 556 617 ac
572 575 687 626 dolo,
707 575 931 629 adgressus
954 585 1040 625 est3
1064 588 1163 614 nam
1185 587 1333 628 quum,
1352 571 1466 612 velut
1487 572 1625 627 posito
1637 580 1753 610 Gabios

185 637 312 685 bello,
335 633 625 675 fundamentis
660 632 808 687 templi
826 631 1039 687 jaciendis
1063 631 1242 686 aliisque
1278 630 1451 670 urbanis
1483 625 1743 685 operi-fsfffl‘‚ie
1758 624 1812 654 ³¹¹·

185 694 264 735 bus
286 693 498 733 intentum
523 704 566 731 se
588 704 678 730 esse
701 690 934 739 simularet,
956 688 1114 729 Sextus
1138 688 1249 728 filius
1272 687 1380 741 ejuS,
1402 686 1474 741 qui
1497 687 1530 712 ⁹⁶
1545 686 1624 726 mi-
1636 668 1789 706 g¹ed¹t¹¹r⁴

182 751 324 791 nimus
345 762 400 788 ex
424 748 559 788 tribus
581 758 686 796 erat,
711 746 945 801 transfugit
977 760 1031 786 ex
1066 745 1309 800 composito
1345 744 1527 793 Gabios,
1551 758 1623 798 pa-

183 808 258 848 tris
283 807 325 846 in
348 820 392 845 se
415 805 625 846 saevitiam
650 802 961 844 intolerabilem
985 816 1249 857 conquerens
1266 818 1276 852 ;
1296 802 1392 842 Jam
1410 800 1462 841 ab
1481 800 1625 841 alienis

179 864 225 905 in
241 877 330 904 suos
348 862 506 903 vertisse
525 861 781 916 superbiam:
814 868 850 901 et
882 859 1098 900 liberorum
1131 873 1285 914 quoque
1316 872 1403 898 eum
1422 856 1625 913 frequen-

178 920 246 962 tice
267 919 407 961 taedere
420 935 432 969 ,-
464 925 522 969 ut,
543 932 664 974 quam
685 918 728 958 in
749 917 862 958 curia
882 916 1135 957 solitudinem
1155 914 1448 970 secer-indonet·
1469 929 1624 970 quoque

164 977 336 1035 faciat.-
370 990 418 1017 ue
450 990 570 1031 quam
601 975 778 1030 stirpem,
812 989 861 1015 ue
889 988 1004 1029 quem
1036 973 1225 1014 lacer-eclam
1258 972 1371 1027 regui
1401 971 1623 1027 relinquat.

180 1034 233 1075 Se
262 1033 420 1090 quidem
440 1034 546 1074 inter
565 1031 645 1073 tela
665 1032 728 1073 eith
746 1031 906 1088 gladios
930 1031 1067 1086 patris
1098 1030 1288 1084 elapsum,
1318 1027 1424 1069 nihil
1454 1043 1623 1084 usquam

177 1090 254 1132 sihi
274 1098 419 1141 tutum,
438 1090 520 1130 uisi
538 1088 647 1144 apud
667 1089 790 1130 hostes
810 1088 861 1130 L.
891 1087 1123 1143 Tarquinii,
1142 1086 1363 1127 credidisse.
1426 1084 1552 1136 Nam,
1574 1100 1623 1126 ue

176 1155 370 1199 errarent,
406 1161 566 1188 manere
597 1146 657 1187 his
690 1146 851 1192 bellum,
874 1145 981 1201 quod
1008 1145 1183 1200 positum
1216 1143 1451 1191 simuletur;
1481 1149 1518 1183 et
1546 1157 1623 1197 per

176 1205 418 1246 occasionem
441 1218 527 1245 eum
546 1203 726 1245 incautos
744 1204 992 1244 invasurum.
1055 1200 1176 1256 Quod
1194 1201 1228 1241 si
1248 1199 1359 1254 apud
1387 1215 1448 1240 eos
1468 1199 1621 1254 suppli-

175 1262 287 1304 cibus
319 1262 426 1303 locus
453 1276 534 1302 uon
556 1260 626 1312 sit,
640 1267 943 1316 pererraturum
966 1273 1004 1300 se
1025 1273 1138 1300 omne
1166 1258 1360 1299 Latium.-
1391 1261 1422 1284 ⁹⁷
1442 1255 1621 1297 Volscos-

175 1322 270 1375 quei
291 1334 329 1360 se
348 1318 454 1369 iude,
476 1325 513 1359 et
548 1318 717 1373 AEgnws,
750 1324 786 1358 et
822 1317 1020 1358 Hernicos
1045 1317 1292 1371 petitionum
1323 1314 1443 1354 donec
1475 1314 1532 1354 ad
1558 1329 1622 1354 eos

24 1375 39 1396 ⁶
168 1376 396 1431 perveniat,
418 1376 487 1430 qui
508 1390 533 1415 α
549 1383 717 1429 patrum
741 1374 963 1416 crudelibus
984 1380 1102 1428 utque
1124 1373 1245 1425 inpiis
1267 1371 1469 1426 suppliciis
1490 1378 1619 1426 tegere

175 1432 325 1474 liberos
345 1433 489 1475 sciant.
551 1431 739 1473 Forsitan
761 1432 882 1472 etium
904 1430 1063 1471 ardoris
1096 1428 1255 1484 aliquid
1284 1429 1338 1468 ad
1371 1428 1515 1468 bellum
1549 1443 1618 1468 ar-

173 1504 317 1545 maque
337 1504 378 1530 se
398 1489 586 1530 adversus
615 1488 931 1544 superbissimum
953 1502 1083 1542 regem
1104 1501 1150 1526 ac
1168 1484 1468 1542 ferocissimum
1499 1487 1529 1511 ⁹³³
1541 1501 1618 1540 po-

165 1547 312 1601 pulum
353 1546 623 1587 inventurum.
685 1546 848 1593 Quum,
892 1546 923 1585 si
970 1544 1073 1584 nihil
1112 1553 1393 1591 morarentur,
1425 1541 1618 1585 infensus

171 1602 236 1644 ira
257 1617 382 1658 porro
406 1602 504 1643 inde
526 1603 718 1644 abiturus
742 1603 971 1652 videretur,
996 1601 1182 1656 benigne
1204 1601 1258 1640 ab
1283 1599 1467 1640 Gabinis
1497 1599 1618 1639 exci-

170 1660 301 1715 pitur.
327 1670 473 1700 vetant
494 1660 653 1710 mirari,
677 1660 726 1710 si,
749 1659 885 1715 qualis
910 1660 951 1699 in
974 1659 1107 1708 cives,
1130 1657 1266 1711 qualis
1298 1657 1343 1697 in
1376 1656 1530 1706 socios,
1553 1666 1617 1698 ta-

168 1716 222 1759 lis
243 1717 295 1758 ad
316 1717 514 1757 ultimum
537 1718 581 1757 iu
605 1717 759 1759 liberos
782 1726 906 1757 esset.
968 1715 1020 1757 In
1043 1729 1086 1756 se
1114 1715 1254 1770 ipsum
1287 1724 1503 1770 postremo
1536 1728 1616 1754 sae-

211 1815 227 1835 8
248 1809 405 1848 recepisset
420 1809 515 1837 Gron.
532 1809 623 1839 Crev.
756 1806 771 1826 ¹¹
796 1816 831 1838 ac
845 1807 929 1838 Eaed.
1055 1806 1064 1827 i
1084 1805 1152 1836 add.
1164 1807 1347 1846 pulsumque
1359 1815 1390 1834 se
1404 1806 1473 1834 inde
1491 1805 1616 1835 Volscos

169 1856 202 1883 et
213 1853 334 1892 AEquos
345 1856 403 1881 ete.
418 1852 503 1881 Eaed.

168 1940 437 1972 additamentum
461 1942 610 1981 aurique,
629 1943 715 1981 quod
739 1943 870 1973 omittit

168 1983 379 2015 Florentinus
397 1983 499 2014 codex
515 1995 535 2014 a
557 1985 722 2016 Gronovio
745 1986 869 2026 allega-

166 2031 237 2066 tus,
262 2028 409 2067 itemque
433 2029 684 2067 antiquissimus
708 2040 725 2059 e
750 2031 868 2060 uostris

164 2072 279 2110 regiis,
306 2078 342 2102 et
376 2072 586 2103 Sorbonicus.
652 2073 723 2103 Nee
760 2073 869 2104 ullum

165 2124 316 2154 unquam
331 2115 526 2155 scriptorem
552 2117 599 2146 ita
615 2116 766 2147 locutum
783 2127 867 2154 esse,

164 2164 206 2188 ut
221 2158 277 2188 hie
293 2158 416 2197 legitur
433 2159 467 2188 in
483 2158 626 2198 vulgatis
643 2160 747 2199 libris,
762 2161 867 2191 credi-

165 2207 253 2232 m'us.
645 2219 664 2225 —

208 2248 251 2279 94
274 2243 467 2284 Recepissec]
491 2245 714 2284 Reservasset,
731 2257 866 2287 seposu-

161 2288 256 2319 isset.
298 2289 431 2328 Nempe
462 2289 676 2329 Tarquinius,
703 2291 791 2329 quod
819 2291 867 2322 di-

165 2332 262 2362 sertis
291 2333 400 2362 verbis
432 2331 528 2362 docet
557 2333 749 2373 Dionysius,
779 2334 867 2364 deci-

163 2385 255 2405 mam
269 2380 400 2415 partem
417 2375 671 2406 Pometinarum
692 2378 867 2407 manubia-

164 2427 240 2449 rum
258 2419 293 2448 in
309 2419 566 2454 aedificationem
588 2419 708 2459 templi
732 2420 866 2461 Capito-

162 2461 223 2492 lini
240 2463 400 2501 seposuit.
445 2462 510 2492 Sed
533 2463 765 2504 Dion.parum
790 2474 865 2503 pro-

164 2504 320 2535 babiliter
351 2505 514 2536 decimam
545 2507 631 2536 hane
660 2511 790 2546 partem
823 2507 865 2537 ad

165 2548 414 2588 quadringenta
439 2549 568 2579 talenta
592 2551 768 2580 excessisse
795 2554 863 2580 tra-

164 2592 225 2622 dit.
271 2592 387 2631 Longe
423 2593 634 2623 verisimilius
671 2597 722 2623 est
753 2598 862 2624 totam

163 2635 374 2666 I'ometinam
403 2637 550 2676 praedam
578 2637 680 2667 fuisse
709 2637 865 2676 quadrin-

165 2684 346 2718 gentorum
392 2678 613 2717 talentorum,
659 2691 698 2710 ex
747 2681 868 2720 quibus

165 2721 396 2761 quadraginta,
424 2723 554 2754 decima
586 2725 745 2754 nimirum
778 2734 864 2764 pars,

163 2771 302 2805 recepta
330 2775 390 2796 seu
433 2774 600 2797 reservata
635 2778 655 2797 a
684 2768 867 2807 Tarquinio

161 2807 290 2840 fuerint
315 2810 358 2841 ad
382 2808 617 2843 aedificandum
644 2811 863 2852 Capitolium.

913 1940 986 1973 Nec
1002 1941 1068 1972 alia
1082 1941 1183 1972 fuisse
1200 1940 1332 1971 videtur
1349 1949 1442 1971 mens
1459 1938 1558 1970 Livii.

957 1987 997 2020 95
1028 1986 1200 2016 Ohsidendi
1221 1995 1342 2025 quoque
1357 1983 1486 2022 urbem]
1511 1983 1615 2013 Recte

914 2030 1066 2059 observat
1082 2029 1267 2059 Gronovius
1285 2038 1350 2058 non
1376 2028 1479 2057 videri
1500 2036 1615 2057 neces-

914 2074 1035 2103 sarium
1053 2073 1284 2112 repetitionem
1297 2071 1385 2102 vocis
1398 2072 1521 2109 urbem,
1539 2080 1615 2110 quae

911 2117 1080 2157 superiore
1091 2117 1164 2155 jam
1180 2125 1276 2146 versu
1294 2115 1445 2145 habetur.

954 2162 996 2195 96
1019 2160 1196 2198 [Minimus]
1220 2159 1388 2189 Maximus
1405 2158 1493 2198 apud
1508 2157 1612 2188 Dion.

954 2208 994 2237 97
1039 2203 1244 2242 Pnlsumque
1272 2213 1304 2233 se
1332 2202 1406 2232 iude
1431 2201 1553 2231 Volscns
1581 2207 1613 2230 (ἐ

909 2247 1051 2287 AEquos]
1078 2247 1159 2277 Tres
1187 2256 1205 2276 e
1233 2246 1355 2276 nostris
1383 2245 1478 2275 codd.
1507 2250 1544 2274 ut
1575 2251 1612 2274 et

912 2291 1037 2330 aliquot
1054 2290 1223 2320 Gronovio
1247 2289 1437 2326 memorati,
1454 2289 1611 2327 ignorant

912 2334 946 2364 aro*
979 2335 1124 2373 pulsum,
1156 2334 1347 2371 habentque
1381 2331 1512 2368 Volscos,
1543 2331 1610 2361 sive

913 2378 1094 2417 Volscosque
1107 2387 1138 2407 se
1152 2377 1227 2407 inde
1241 2381 1271 2406 et
1286 2376 1425 2415 AEquos.

953 2424 994 2456 93
1019 2421 1202 2461 Populum]
1225 2419 1321 2450 Nihil
1336 2420 1409 2457 ⁷huc
1433 2427 1515 2457 opus
1539 2426 1610 2447 esse

910 2465 1017 2495 visum
1049 2470 1099 2494 est
1130 2463 1362 2493 emendatione
1387 2461 1472 2492 Tan.
1501 2460 1608 2497 fabri,

908 2509 964 2547 qui
997 2507 1061 2547 legi
1086 2507 1186 2546 jubet
1215 2512 1358 2546 putrem.
1408 2505 1478 2534 Imo
1510 2503 1609 2543 louge

908 2551 1027 2581 melior
1043 2555 1077 2581 et
1093 2550 1134 2580 ad
1157 2559 1227 2580 rem
1253 2547 1536 2579 accommodatior
1558 2551 1610 2578 est

907 2594 1051 2633 vulgatae
1064 2593 1216 2623 lectionis
1232 2602 1359 2622 sensus.
1400 2592 1502 2622 'Ratio
1518 2591 1607 2620 enim

909 2637 1012 2668 dueta
1026 2647 1046 2667 a
1059 2637 1182 2667 ferocia
1192 2636 1306 2676 populi
1318 2635 1461 2665 Romani
1476 2634 1609 2674 proprie

908 2682 1020 2720 tangit
1041 2690 1109 2718 eos,
1127 2689 1208 2719 quos
1223 2690 1258 2710 se
1283 2680 1324 2710 ad
1346 2688 1439 2709 arma
1462 2678 1609 2707 eoncita-

910 2726 1024 2753 turum
1042 2729 1154 2764 sperat
1169 2723 1310 2754 Sextus:
1335 2732 1402 2753 non
1426 2722 1509 2753 item
1532 2729 1606 2752 cru-

912 2767 1031 2798 delitas
1048 2767 1152 2808 patris
1169 2767 1204 2799 iu
1218 2765 1349 2800 liberos.

964 2858 1038 2895 r4

1974 3153 1975 3157 Α
1973 3049 1977 3110 “’““
1975 2781 1985 3029 ’π’-Ἶ-ᾼᾼᾲκιγὴ
