1914 3239
66 309 183 339 Urbem
198 318 254 339 au·

64 357 127 391 get.

36 734 39 735 ⁷
69 751 200 788 Asylum

68 794 178 832 aperit.

69 977 217 1005 Senatum

69 1018 219 1048 instituit.

68 1093 174 1120 Patres
189 1093 222 1118 et

68 1133 207 1163 patricii.

68 1384 233 1412 connubia

68 1427 148 1464 petit
162 1437 181 1455 a
197 1426 266 1456 [ini-

66 1477 160 1498 timii.

284 86 331 119 16
827 80 968 118 ΤΙΤΙ
1008 78 1179 116 LIVII

281 182 448 237 placet:
491 181 524 204 ⁶0
539 187 583 222 et
615 179 677 221 ita
695 178 898 221 habuisse
922 179 1141 229 Etruscos,
1163 177 1294 234 quod,
1317 191 1371 218 ex
1393 177 1620 219 duodecim
1646 191 1723 233 po·

281 238 392 294 pulis
411 236 700 279 communiter
721 245 866 277 creato
895 250 1010 291 rege,
1033 236 1225 290 singulos
1248 233 1405 289 singuli
1429 235 1577 289 populi
1596 235 1720 274 licto-

281 308 346 335 res
375 293 585 335 dederint.
647 292 882 334 Crescebat
913 292 1085 332 interim
1119 292 1235 341 urbs,
1267 289 1610 331 munitionibus*
1639 289 1723 329 alia

280 359 412 406 atque
448 349 532 390 alia
566 348 809 403 adpetendo
845 348 953 398 loca,
975 361 1107 401 quum
1149 347 1191 386 in
1228 360 1348 401 spem
1383 345 1523 400 magis
1564 345 1722 386 futurae

281 405 587 456 multitudinis,
625 419 755 458 quam
811 404 840 426 ⁶¹
858 403 909 443 ad
950 403 1009 453 id,
1047 403 1163 456 quod
1197 411 1290 442 tum
1336 402 1561 442 hominum
1615 410 1722 453 erat,

281 463 313 486 ⁶²¹
332 462 562 503 munirent.
603 460 782 509 Deinde,
804 474 858 499 ne
881 473 990 499 vana
1011 459 1128 498 urbis
1149 458 1404 512 magnitudo
1424 466 1548 506 esset,
1569 457 1721 512 adjici-

282 519 404 559 endae
437 517 725 558 multitudinis
755 529 919 564 caussa,
952 524 1093 555 vetere
1124 514 1310 565 consilio*
1341 513 1622 554 condentium
1654 527 1723 553 ur-

282 576 372 625 bes,
388 575 479 629 qui,
501 574 728 614 obscuram
750 578 879 624 atque
896 569 1101 610 humilem
1124 569 1364 610 conciendo
1386 569 1438 610 ad
1462 584 1506 610 se
1529 568 1724 610 multitu-

283 632 442 681 dinem,
465 638 608 669 natam
640 642 662 667 e
687 636 798 667 terra
829 626 910 666 sibi
939 626 1100 680 prolem
1123 626 1483 676 ementiebantur,
1514 626 1544 648 ⁶³
1564 625 1724 676 locum,

283 687 355 742 qui
409 699 523 726 nunc
563 693 708 737 septus
757 682 1116 722 descendentibus
1160 682 1272 722 inter
1317 681 1425 722 duos
1479 681 1598 722 lucos
1645 690 1724 730 est,

283 745 315 766 ⁶³¹
332 742 513 796 Asylum
535 740 688 795 aperit.
731 751 782 778 eo
805 751 859 778 ex
894 737 1090 778 finitimis
1114 737 1285 793 populis
1316 739 1441 777 turba
1461 737 1602 777 omnis
1633 738 1724 778 sine

284 796 546 845 discrimine,
578 795 685 836 liber
720 808 773 835 an
813 807 973 835 servus
999 804 1126 844 esset,
1176 793 1302 834 avida
1337 807 1546 833 novarum
1585 807 1725 834 rerum

284 852 503 909 perfugit:
537 851 663 906 idque
698 851 884 906 primum
906 850 958 890 ad
977 860 1171 905 coeptam
1194 849 1537 905 magnitudinem
1558 850 1725 890 roboris

284 910 382 950 fuit.
446 909 591 954 Quum
618 907 710 962 jam
743 906 897 947 virium
930 906 1044 946 haud
1082 906 1330 960 poeniteret,
1354 905 1628 946 G⁵consilium
1651 906 1724 946 de-

284 966 383 1006 inde
403 964 564 1005 viribus
585 973 722 1019 parat.
746 972 920 1003 centum
943 971 1060 1002 creat
1082 971 1321 1003 senatores:
1356 961 1445 1001 sive
1467 960 1568 1016 quia
1590 962 1624 1001 is
1648 975 1726 1002 nu-

284 1036 425 1063 merus
448 1021 550 1062 satis
572 1029 688 1072 erat3
719 1019 810 1060 sive
837 1019 939 1073 quia
967 1018 1042 1059 soli
1076 1028 1250 1060 centum
1280 1027 1416 1066 erant,
1447 1018 1480 1040 ⁶⁶
1497 1017 1570 1072 qui
1592 1018 1728 1058 creari

287 1079 436 1120 Patres
461 1084 650 1133 possent.
711 1075 861 1116 Patres
882 1083 999 1116 certe
1020 1076 1074 1116 ab
1099 1075 1276 1125 honore,
1297 1074 1554 1130 patriciique
1571 1088 1727 1130 proge-

284 1135 376 1176 nies
400 1147 548 1175 eorum
572 1131 790 1188 adpellati.

344 1190 432 1231 IX.
464 1189 563 1231 Jam
588 1203 650 1230 res
675 1188 874 1229 Romana
897 1188 1004 1229 adeo
1026 1196 1117 1228 erat
1142 1187 1295 1236 valida,
1318 1195 1367 1227 ut
1392 1185 1572 1228 cuilibet
1594 1185 1728 1228 finiti-

284 1260 450 1288 marum
487 1245 731 1287 civitatium
765 1244 876 1285 bello
910 1259 986 1300 par
1023 1253 1158 1294 esset3
1197 1244 1286 1293 sed,
1307 1244 1337 1268 ⁰⁷
1359 1243 1536 1298 penuria
1575 1243 1726 1284 mulie-

283 1317 394 1355 rum,
413 1302 602 1344 hominis
626 1310 799 1343 aetatem
821 1300 1025 1342 duratura
1045 1299 1299 1355 magnitudo
1321 1309 1427 1340 erat.
1450 1299 1612 1355 quippe
1633 1299 1728 1354 qui-

285 1361 363 1400 bus
403 1374 483 1401 nec
521 1359 638 1399 domi
680 1371 776 1414 spes
815 1357 961 1412 prolis,
1004 1371 1084 1397 nec
1124 1370 1223 1397 cum
1271 1354 1467 1396 finitimis
1509 1355 1728 1396 connubia

283 1425 439 1457 essent.
503 1414 616 1456 Tum
652 1429 708 1456 ex
744 1413 926 1455 consilio
960 1413 1139 1454 Patrurn
1175 1411 1388 1453 Romulus
1421 1411 1586 1467 legatos
1615 1412 1730 1453 circa

285 1473 446 1514 vicinas
485 1480 636 1529 gentes
668 1470 801 1521 misit,
832 1470 905 1524 qui
940 1469 1190 1511 societatem
1225 1467 1579 1523 connubiumque
1613 1482 1728 1509 novo

574 1548 589 1571 ¹*
605 1559 700 1590 quum
713 1549 777 1579 alin
794 1558 824 1578 α.
841 1558 870 1577 a.
885 1559 916 1578 α.
934 1549 1001 1578 loca
1014 1549 1047 1578 in
1061 1558 1145 1587 spem
1161 1551 1220 1577 cte.
1234 1548 1332 1578 Gron.
1349 1548 1439 1577 Crev.

326 1617 367 1648 60
391 1615 440 1647 Ee
464 1617 512 1646 ita.
538 1615 686 1645 habuisse
711 1613 885 1651 Etruscos]
907 1612 982 1643 vid.
1026 1613 1150 1643 omissa
1163 1621 1243 1641 voce
1259 1612 1349 1648 duos,
1366 1611 1469 1642 habet
1487 1612 1574 1642 inter
1589 1613 1684 1642 lucos.

283 1661 384 1692 Dion.
398 1660 419 1689 l.
437 1659 498 1689 111.
1070 1657 1112 1686 64
1124 1655 1299 1694 *Asylum
1313 1655 1382 1685 Vox
1400 1654 1518 1684 Graeca
1528 1655 1727 1694 est,signif1-

326 1705 362 1735 61
392 1702 445 1733 Ad
460 1702 494 1732 id
515 1700 597 1740 quod
618 1704 690 1730 eum
706 1700 874 1729 hominum
891 1697 977 1736 erat]

282 1747 349 1787 Qui
366 1755 434 1776 una
450 1754 527 1775 cum
543 1743 688 1774 Romulo
704 1743 822 1772 urbem
839 1741 980 1771 condere

283 1791 465 1829 emperant,
484 1796 550 1816 non
566 1786 678 1826 plures
694 1785 800 1822 fuere,
816 1785 842 1814 si
855 1785 981 1823 Diony-

283 1833 333 1862 sio
359 1831 539 1866 credimus,
566 1830 587 1859 l.
611 1828 657 1859 Il.
683 1838 782 1867 quam
810 1831 862 1857 ter
888 1827 980 1857 milie

283 1875 425 1914 pedites,
440 1878 475 1903 et
500 1873 670 1912 pauciores
685 1871 846 1901 trecentis
863 1871 982 1909 equiti-

283 1919 355 1948 bus.
394 1916 445 1947 Ad
471 1925 546 1945 eam
571 1915 774 1955 paucitatem
799 1913 871 1944 illos
888 1912 982 1942 rede-

284 1964 379 1999 gerat
404 1961 583 1989 cruentum
613 1958 702 1987 intei-
731 1956 913 1987 Romulum
944 1965 981 1985 ac

284 1998 427 2033 Remum
445 2002 486 2031 ob
500 2001 592 2039 regni
605 2000 796 2040 cupidinem
816 1998 981 2039 proelium.

282 2046 425 2085 Quando
456 2048 569 2074 autem
600 2043 763 2074 Romulus
792 2042 936 2072 excessit
965 2052 982 2071 e

286 2101 294 2114 x
306 2089 378 2125 isis,
396 2087 544 2128 peditum
563 2086 697 2124 reliquit
719 2095 775 2115 sex
791 2091 825 2115 et
842 2085 983 2123 quadra-

286 2132 380 2169 ginta
398 2130 514 2167 millia,
533 2134 564 2159 et
584 2128 673 2158 mille
690 2128 793 2158 fei-me
806 2128 946 2166 equites.

329 2175 369 2205 62
392 2173 582 2210 lfflmirene]
612 2171 703 2201 Tuta
728 2175 762 2200 et
786 2171 983 2201 habitationi

285 2216 459 2247 commoda
475 2216 656 2245 efficerent.
703 2214 828 2244 Eodem
853 2223 983 2252 quoque

286 2270 384 2290 *cusu
406 2258 626 2298 intelligenda
650 2260 698 2287 est
717 2267 818 2297 supra
833 2266 894 2287 vox
912 2267 984 2287 mu-

286 2303 466 2333 unionibus.

329 2348 369 2376 (3.ss
404 2346 524 2376 Locum
539 2345 593 2383 qui
610 2353 696 2373 nunc
710 2341 830 2383 septus]
856 2343 983 2373 Locum

286 2390 340 2426 qui
371 2398 460 2418 nunc
482 2393 577 2426 septo
603 2388 735 2416 clausus
761 2387 906 2416 occurrit
928 2386 984 2415 dc-

286 2431 521 2461 scenclcntibus
544 2441 583 2460 ex
608 2428 774 2469 Capitolio
797 2429 885 2458 circa
908 2439 982 2458 eam

287 2479 413 2513 partem
439 2483 513 2511 quae
538 2477 674 2503 vocatur
692 2474 778 2502 inter
793 2471 872 2501 duos
889 2473 983 2501 lucos.

289 2517 349 2547 Hie
370 2517 459 2546 enirn
484 2525 579 2546 voces
602 2518 687 2545 inter
708 2515 787 2545 duos
804 2516 887 2545 lucos
903 2521 983 2544 sunt

290 2560 351 2588 loci
368 2568 503 2594 nomen,
517 2560 573 2597 qni
585 2558 718 2597 quidem
735 2557 820 2587 hanc
838 2557 984 2597 appella-

287 2604 413 2632 tionem
428 2602 511 2631 Livii
524 2611 593 2631 awo
604 2602 790 2631 etiamnum
804 2601 983 2637 retinebat,

288 2644 437 2683 quamvis
469 2643 551 2673 nulli
585 2644 655 2683 jam
685 2644 728 2673 ibi
759 2649 870 2673 «essent
903 2643 981 2673 luci.

288 2687 360 2716 vid.
378 2687 478 2717 Dion.
495 2687 516 2716 l.
535 2686 577 2716 ll.
595 2687 711 2717 Cicero
729 2686 784 2716 lV.
801 2686 842 2716 ad
862 2687 932 2717 Att.
949 2690 980 2718 3.

288 2730 478 2768 Asscquitur
498 2731 585 2759 imm·
608 2731 691 2759 lucos
715 2731 873 2759 hominem
890 2729 980 2760 Milo.

289 2773 329 2803 Et
368 2772 502 2813 quidem
541 2772 595 2804 hic
633 2772 833 2803 Sorbonieus
865 2773 982 2810 codex,

1027 1707 1107 1728 cans
1130 1698 1241 1728 locum
1268 1698 1302 1727 in
1328 1707 1393 1736 quo
1417 1698 1588 1728 neminem
1605 1698 1728 1728 violare

1026 1741 1126 1771 liceat
1140 1754 1146 1771 τ
1165 1750 1184 1770 a
1200 1740 1365 1780 particula
1377 1753 1398 1770 a
1410 1750 1482 1779 quae
1498 1741 1650 1780 privandi
1659 1742 1727 1772 vim

1025 1784 1140 1821 habet,
1157 1790 1192 1814 et
1207 1783 1304 1813 verbo
1320 1783 1434 1821 συλάω,
1451 1786 1558 1823 spolio,
1575 1784 1663 1814 loedo.

1069 1828 1109 1858 65
1140 1827 1312 1858 Consilium
1328 1849 1335 1856 .
1350 1849 1357 1856 .
1367 1827 1490 1857 viribus
1500 1826 1618 1865 parat]
1638 1826 1728 1858 Con-

1026 1870 1140 1900 silium
1157 1870 1311 1909 rcgendis
1325 1870 1449 1899 viribus
1465 1869 1568 1900 addit.

1070 1915 1111 1944 66
1135 1913 1205 1953 ‚Qui
1221 1914 1328 1943 creari
1344 1913 1468 1943 Patres
1477 1914 1620 1952 possent]
1638 1911 1729 1943 Mul-

1026 1959 1100 1986 tum
1133 1955 1256 1986 arridet
1283 1955 1412 1995 Sigonii
1440 1955 1648 1993 conjectura,
1673 1957 1729 1996 qui

1026 2001 1110 2029 ciere
1141 2004 1256 2038 patres
1290 2002 1427 2038 possent.
1478 1997 1604 2028 Firmat
1641 1998 1728 2029 hanc

1028 2042 1300 2072 emendationem
1324 2041 1416 2072 locus
1437 2051 1476 2071 ex
1492 2042 1642 2072 oratione
1659 2041 1726 2072 De-

1029 2086 1085 2122 cii,
1102 2085 1189 2115 infra
1211 2085 1233 2115 l.
1258 2084 1299 2114 X.
1324 2095 1352 2115 c.
1374 2087 1403 2115 8.
1435 2083 1600 2115 Patrio-ios
1616 2085 1728 2124 primo

1029 2127 1228 2167 cese-factos,
1256 2129 1312 2167 qui
1333 2133 1462 2168 patrem
1485 2129 1567 2158 ciere
1588 2133 1730 2167 possent.

1030 2171 1071 2201 lit
1089 2181 1165 2202 vero
1181 2171 1235 2200 liic
1251 2171 1301 2200 vix
1326 2176 1467 2209 possunt
1491 2180 1509 2200 a
1530 2171 1624 2201 Livio
1641 2171 1730 2201 indi-

1029 2214 1095 2244 cari
1113 2218 1281 2244 senatores
1296 2213 1440 2244 Parrum
1460 2213 1608 2251 nomine,
1622 2223 1726 2252 quum

1028 2256 1179 2287 nondum
1203 2257 1325 2287 dixerit
1346 2266 1422 2287 eam
1442 2255 1506 2287 illis
1530 2256 1727 2297 appellatio-

1028 2309 1106 2330 nem
1122 2300 1224 2330 fuisse
1239 2299 1364 2330 datam.

1071 2343 1110 2376 67
1137 2343 1287 2373 Penuria
1317 2343 1512 2382 mulierum]
1535 2342 1587 2373 Ob
1610 2342 1730 2382 pauci*

1026 2390 1135 2417 tatem
1167 2386 1361 2422 mulierum,
1393 2395 1460 2416 non
1496 2385 1726 2417 omnimodam

1028 2430 1186 2469 inopiam.
1220 2428 1338 2468 Neque
1355 2429 1446 2458 enim
1463 2429 1533 2458 sieri
1551 2428 1726 2474 potuitfflit

1029 2471 1122 2502 nulla
1145 2473 1179 2502 in
1202 2477 1300 2502 tanto
1323 2472 1469 2502 virorum
1494 2480 1634 2502 numero
1651 2471 1726 2502 t'nu-

1027 2515 1088 2545 lier
1111 2519 1209 2545 esset.
1246 2515 1356 2554 Atque
1385 2514 1446 2544 hac
1471 2514 1604 2554 quidem
1628 2514 1663 2544 in
1689 2523 1725 2545 re

1029 2558 1190 2589 habemus
1214 2559 1465 2588 consentientes
1487 2557 1626 2596 Dionys.
1642 2556 1664 2587 1.
1682 2556 1727 2587 ll.

1029 2605 1061 2631 ct
1080 2601 1168 2632 Plut.
1184 2602 1218 2631 in
1231 2601 1329 2632 Rom.
1352 2600 1465 2639 ltaque
1481 2600 1538 2631 ubi
1562 2599 1648 2630 infra
1671 2600 1729 2631 Li-

1028 2645 1100 2674 vius
1132 2645 1181 2674 ait
1209 2643 1368 2674 Romanis
1406 2653 1473 2674 non
1502 2643 1604 2673 fuisse
1635 2642 1726 2673 domi

1023 2696 1118 2727 spem
1138 2687 1252 2726 prolis,
1277 2685 1535 2726 intelligendum
1559 2691 1611 2716 est
1632 2685 1727 2727 siff-

1025 2732 1135 2761 ciemis
1151 2730 1322 2760 liberorum
1340 2730 1562 2761 mutitudinis
1573 2729 1614 2760 ad
1627 2734 1727 2761 tucn-

1026 2773 1103 2804 dam
1119 2773 1210 2804 urbis
1227 2772 1508 2812 magnitudinem.
