1925 3239
323 70 401 104 416

895 65 1031 103 'sl'sl
1074 65 1243 103 L1V11

113 177 296 211 [10:397.
324 164 510 207 Romani
533 165 782 220 agri,qua1n
805 163 1086 214 Privernates,
1099 163 1304 204 Veliterni
1326 163 1493 213 deinde,
1512 163 1753 207 incursione

110 222 150 252 A.
168 222 205 251 C·
222 224 298 252 355.
323 223 545 277 repentina
566 223 769 264 feceruut.
823 221 982 262 Eodem
1006 235 1117 262 anno
1139 221 1279 260 ⁸³duae
1303 220 1450 270 tribus,
1471 223 1504 246 ⁸⁹
1520 220 1751 278 Pomptina

323 288 366 319 et
385 282 418 306 ⁹⁰
436 278 634 329 Publilia,
657 279 827 319 additae.
878 282 905 305 9¹
926 278 1034 318 Ludi
1059 277 1207 325 votivi,
1229 291 1335 330 quos
1356 275 1421 317 M.
1445 276 1595 318 Furius
1615 280 1752 320 dicta-

112 348 174 377 Lex
191 346 226 375 de
240 355 305 376 am-
324 344 389 376 tor
411 344 598 386 voverat,
621 334 747 376 facti:
779 344 821 374 et
843 333 895 374 de
916 335 1079 375 ambitu
1100 334 1153 374 ab
1177 332 1228 374 C.
1253 332 1438 374 Poetelio
1460 333 1632 375 tribuno
1665 335 1752 390 ple-

111 389 180 419 bitu
196 393 263 419 tnui
324 392 389 433 bis

111 442 245 471 primum

110 476 185 506 lata.

114 617 155 648 U.
173 615 209 645 C.
227 618 301 650 398-

112 661 152 690 A.
170 658 205 687 C.
223 661 297 689 354.

113 705 149 732 C.
164 702 293 738 Marcio,
404 731 411 738 ,
436 731 442 737 ,
731 729 737 736 ‚
853 729 860 735 ,
959 728 966 734 ,
1134 728 1141 735 ,
1323 729 1330 737 ,

114 745 305 776 en.Manno
329 730 489 781 Duilio,
522 730 570 770 L.
604 728 769 770 Maenio
811 729 990 769 tribunis
1031 727 1166 791 plebis
1196 739 1362 784 rogatio
1392 738 1455 770 est
1487 729 1670 783 perlata:
1712 738 1773 769 et.

113 790 154 820 11.
170 789 255 818 0⁰⁵⁵·
326 787 443 842 plebs
464 786 682 840 aliquanto
704 800 795 826 eam
820 785 1014 839 cupidius
1037 784 1162 825 scivit
1183 786 1445 840 accepitque.

114 1183 523 1228 Bellumeuminduxit:
566 1182 828 1236 militemque
869 1181 1013 1236 praeda
1053 1180 1243 1235 inplevit.

393 422 404 441 ‚
435 392 680 433 auctoribus
718 390 929 440 Patribus,
960 400 1052 431 tum
1085 390 1266 445 primum
1299 389 1353 429 ad
1385 390 1588 452 populum
1619 390 1752 431 latum

323 458 414 490 est:
443 462 576 503 eaque
599 448 820 503 rogatione
852 461 1058 487 novorum
1090 448 1276 487 maxime
1300 446 1519 499 hominum
1551 448 1753 488 ambitio-

323 519 436 555 nem,
459 505 531 560 qui
554 504 762 544 nundinas
785 513 827 544 et
847 505 880 529 ⁹⁴²
893 502 1174 544 conciliabula
1205 503 1323 543 obire
1345 503 1458 544 soliti
1480 514 1614 558 erant,
1635 518 1753 544 com-

323 576 510 616 pressam
532 561 776 602 credebant.

382 617 511 659 XVI.
556 617 684 657 Haud
726 630 846 670 aeque
883 615 982 656 laeta
1017 614 1214 656 Patribus
1252 616 1487 671 insequenti
1531 630 1658 666 anno,
1700 615 1754 657 C.

326 673 511 724 Marcio,
536 673 619 714 Cn.
642 672 809 713 Manlio
830 671 1091 722 consulibus,
1112 674 1141 698 ⁹³
1159 672 1211 713 de
1233 673 1420 715 unciario
1444 672 1610 713 foenore
1631 688 1657 713 a
1687 672 1755 713 M.

1504 791 1534 813 ⁹⁴
1549 785 1615 826 Ad
1648 785 1758 826 bella

324 858 450 893 nova,
483 844 620 900 priore
650 857 761 883 anno
792 842 1016 891 destinata,
1049 840 1201 882 Falisci
1232 855 1401 896 quoque
1430 842 1572 883 hostes
1601 842 1760 892 exorti,

325 900 484 955 duplici
509 899 710 940 crimine:
729 898 855 953 „quod
877 909 920 938 et
940 912 1037 938 cnm
1059 896 1436 952 Tarquiniensibus
1460 899 1664 952 juventus
1686 913 1759 939 eo-

325 971 417 998 rum
451 955 733 1007 militaverat3
774 965 817 995 et
846 969 933 1005 θος,
963 954 1035 1008 qui
1080 954 1265 995 Falerios
1308 955 1594 1009 perfugerant,
1624 969 1756 1010 quum

324 1014 435 1054 male
466 1022 702 1068 pugnatum
733 1021 811 1063 est,
841 1010 1131 1066 repetentibus
1164 1010 1384 1052 fecialibus
1424 1011 1630 1052 Romanis
1670 1026 1758 1052 non

325 1069 611 1111 reddiderant.

672 1068 734 1109 Ea
765 1069 986 1124 provmcia
1017 1067 1099 1108 Cn.
1132 1066 1298 1108 Manlio
1328 1067 1528 1109 obvenit:
1566 1067 1760 1110 Marcius

327 1126 564 1167 exercitum
587 1126 630 1166 in
652 1139 799 1181 agrum
826 1124 1131 1174 Privernatem,
1150 1125 1362 1164 intem-um
1387 1138 1490 1179 pace
1512 1124 1760 1181 longinqua,

1240 1159 1267 1185 Ο
1302 1181 1371 1221 Ad
1411 1181 1579 1236 copiam
1624 1195 1761 1222 rerum

116 1241 242 1271 Faliscis
258 1244 290 1269 et
330 1239 494 1280 addidit
514 1238 865 1289 munificentiam,
887 1238 1015 1292 quod,
1037 1237 1144 1277 nihil
1166 1237 1219 1278 in‘
1240 1237 1458 1292 publicum
1489 1237 1763 1287 secernendo,

116 1284 304 1313 Privernati·

115 1328 185 1357 bus.

332 1297 504 1352 augenti
524 1310 610 1336 rem
634 1296 843 1351 privatam
865 1294 988 1334 militi
1023 1293 1141 1334 favit.

1205 1293 1472 1334 Privernates
1502 1308 1633 1349 quum
1663 1303 1763 1334 ante

117 1371 311 1400 Privernates
332 1353 495 1394 moenia
516 1367 591 1392 sua
611 1352 758 1392 castris
780 1351 1031 1405 permunitis
1054 1349 1369 1402 consedissent;
1402 1351 1563 1401 vocatis
1585 1351 1636 1392 ad
1659 1365 1765 1392 con-

331 1410 498 1451 cionem
523 1408 745 1458 militibus,
769 1407 916 1448 Castra
946 1422 1064 1457 nunc,
1087 1407 1241 1462 inquit,
1261 1407 1372 1448 vobis
1402 1406 1586 1459 hostium,
1606 1407 1766 1449 urbem-

331 1481 406 1523 que
427 1465 576 1521 praedae
594 1465 659 1515 do,
681 1465 718 1505 si
737 1464 837 1505 mihi
859 1463 1121 1519 pollicemini,
1143 1477 1210 1504 τος
1223 1463 1400 1520 fortiter
1427 1464 1470 1504 in
1491 1465 1578 1505 acie
1605 1479 1766 1520 operam

330 1529 571 1573 navaturos,
591 1536 658 1562 uec
674 1521 821 1576 praedae
841 1521 983 1577 magis,
1006 1535 1129 1575 quam
1151 1535 1314 1576 pugnae,
1329 1527 1498 1576 paratos
1517 1534 1609 1562 esse.
1668 1521 1767 1577 Sig-

329 1594 432 1621 num
456 1588 640 1635 poscunt
662 1577 825 1634 ingenti
848 1578 1057 1618 clamore:
1088 1581 1119 1603 ⁹⁵
1133 1577 1318 1632 celsique
1339 1588 1382 1618 et
1404 1592 1478 1632 spe
1500 1577 1612 1618 haud
1634 1577 1765 1618 dubia

117 1413 201 1443 victi.

330 1636 491 1677 feroces
513 1637 556 1676 in
578 1635 779 1691 proelium
804 1634 977 1674 vadunt.

1038 1634 1105 1674 Ibi
1127 1643 1224 1674 ante
1246 1634 1369 1689 signa
1391 1634 1491 1674 Sex.
1512 1633 1690 1685 Tullius,
1711 1634 1767 1675 de

329 1707 416 1748 quo
446 1701 544 1733 ante
574 1692 734 1732 dictum
767 1700 844 1741 est,
866 1691 1103 1732 exclamat:
1135 1689 1326 1745 Adspice,
1348 1690 1589 1745 Imperator,
1613 1691 1764 1746 inquit,

333 1748 660 1805 quemadmodum
689 1747 879 1788 eremitas
909 1754 999 1788 tuus
1029 1746 1103 1787 tibi
1122 1804 1129 1811 ·
1137 1747 1335 1802 promissa
1370 1753 1550 1810 prfestet:
1594 1746 1766 1802 piloque

331 1806 490 1861 posito,
509 1806 657 1847 stricto
680 1804 821 1861 gladio
851 1804 894 1845 in
925 1804 1090 1845 hostem
1121 1813 1313 1858 inpetum
1345 1803 1463 1844 faeit.

373 1922 413 1951 83
459 1919 546 1951 Duoe
580 1919 711 1950 eribus..
727 1918 897 1957 ..additoe]
936 1917 1023 1948 Tum

330 1968 458 2004 septeni
482 1968 517 1993 et
538 1962 657 2002 viginti
686 1962 792 1992 tribus
815 1961 912 1992 sactae
935 1968 1025 1992 sunt.

330 2006 404 2037 vid.
420 2006 475 2036 VI.
494 2009 523 2037 5.
539 2015 649 2045 supra.

373 2053 413 2084 89
452 2049 642 2089 Pomptina]
688 2047 819 2078 Nomen
863 2047 965 2078 traxit
1008 2057 1027 2078 a

327 2091 508 2132 Pomptino
535 2102 613 2131 agro
637 2101 735 2132 prope
765 2091 881 2121 urbem
911 2091 1027 2122 Pome-

327 2137 421 2166 tiam.

371 2182 413 2214 90
438 2177 598 2218 Publilia]
619 2177 706 2208 Alias
724 2177 877 2216 Popillia.
916 2177 1026 2217 Hujus

331 2222 475 2253 nominis
491 2222 582 2261 origo
597 2231 712 2261 parum
729 2228 821 2251 certa
836 2226 897 2251 est.

373 2269 409 2300 91
432 2265 565 2295 Ludi..
580 2285 589 2294 .
629 2274 703 2304 quos
725 2264 773 2294 M.
796 2262 932 2303 Furius]
952 2263 1025 2294 vid.

331 2312 400 2339 not.
417 2311 469 2339 83.
485 2308 526 2338 ad
541 2318 568 2337 c.
583 2309 634 2338 42.
652 2307 672 2337 l.
689 2307 743 2338 Vl.

373 2353 415 2386 92
443 2350 672 2389 Conciliabula]
705 2351 794 2381 Loca
822 2349 920 2389 paulo
944 2350 1028 2380 cele-

331 2394 454 2432 briora,
472 2395 505 2424 in
522 2394 704 2434 quibnsjns
720 2394 821 2424 etiam
846 2393 1027 2424 dicebatur.

330 2436 407 2468 vid.
422 2437 527 2468 Turn.
543 2436 565 2467 l.
582 2437 607 2467 1.
625 2436 757 2466 Advers.
774 2448 802 2466 e.
825 2440 870 2466 11.

374 2482 415 2514 93
449 2480 502 2511 De
532 2481 677 2510 unciario
692 2478 835 2519 stenaro]
869 2479 957 2519 Quid
986 2479 1031 2509 sit

333 2524 518 2554 uncini-ium
549 2523 669 2559 smnus,
691 2523 778 2552 clare
806 2530 840 2553 et
862 2523 1031 2561 eleganter

333 2566 469 2606 exponit
485 2566 638 2604 Diijutiiis
654 2565 703 2596 his
717 2565 784 2596 sere
800 2566 916 2596 verbis.
948 2565 1031 2595 Usu—

334 2617 379 2639 1¹ae
417 2609 618 2646 centesimae,
651 2609 767 2648 quibus
803 2610 837 2639 in
876 2615 1031 2639 centenos

335 2660 489 2682 nummos
519 2662 603 2682 unus
634 2662 691 2691 per
713 2652 859 2691 singulos
889 2661 1030 2690 menses,

335 2694 507 2726 duodecim
527 2695 662 2734 proinde
687 2706 744 2735 per
759 2695 904 2735 singulos
928 2705 1031 2726 annos

336 2737 538 2778 penduntur,
556 2747 711 2768 mensura
725 2744 804 2768 sunt
820 2739 1033 2777 reliquarum,

327 2786 370 2819 ⁴et
398 2780 563 2819 foenebris,
587 2786 626 2811 ut
654 2782 701 2812 ita
729 2782 849 2820 dicam,
873 2783 942 2829 As·
972 2782 1032 2812 Hae

1522 1804 1767 1858 Sequuntur

1070 1918 1222 1948 maximae
1238 1917 1329 1947 suere
1346 1917 1433 1958 apud
1452 1922 1578 1949 veteres
1600 1918 1766 1950 Romanos

1069 1971 1189 1991 usurae.
1233 1960 1378 1991 Minores
1392 1971 1464 1990 eam
1488 1961 1611 1992 habent
1625 1962 1668 1992 ad
1689 1972 1780 1994 cen-.

1070 2005 1204 2034 tesimas
1217 2005 1390 2041 rationem,
1401 2014 1499 2043 quam
1512 2004 1636 2035 habent
1648 2006 1771 2046 portio·

1071 2056 1129 2077 nes
1153 2047 1231 2077 assis
1249 2048 1288 2077 ad
1304 2057 1409 2077 assem
1433 2047 1466 2078 in
1483 2048 1597 2079 uncias
1613 2048 1773 2080 disti-ibn*

1071 2096 1156 2121 tum.
1203 2090 1290 2120 Hinc
1306 2100 1391 2131 saepe
1408 2092 1534 2122 mentio
1557 2091 1645 2132 apud
1667 2093 1771 2132 serip-

1070 2139 1157 2164 tores
1173 2130 1316 2164 o'ccurrit
1330 2133 1368 2163 ‹le
1393 2133 1552 2173 bessibus,
1566 2135 1772 2174 semissibus,

1071 2177 1131 2207 &c.
1148 2177 1266 2207 usuris.
1312 2176 1468 2207 Unciaria
1490 2178 1592 2217 igitur
1606 2188 1706 2210 usura
1721 2184 1772 2209 est

1069 2219 1264 2250 duodecima
1307 2229 1380 2259 pars
1426 2221 1629 2259 centesimae,
1666 2232 1770 2261 quum

1072 2273 1174 2294 unuin
1190 2274 1246 2303 pro
1258 2264 1407 2293 centenis
1419 2264 1451 2294 in
1465 2274 1590 2294 annum
1607 2265 1773 2305 penditur.

1073 2306 1154 2337 Haee
1170 2307 1240 2336 fuse
1258 2307 1394 2346 probata
1414 2308 1556 2347 reperies
1577 2307 1667 2348 apud
1688 2308 1771 2339 Gro-

1073 2350 1206 2380 novium
1223 2350 1244 2379 l.
1261 2349 1320 2380 lll.
1337 2350 1375 2380 dc
1393 2350 1466 2380 Pec.
1482 2356 1548 2382 vet.
1565 2361 1593 2381 c.
1615 2353 1663 2382 13.
1710 2351 1773 2383 Ce-

1072 2398 1180 2423 terum
1199 2393 1283 2423 lianc
1301 2393 1407 2433 legem
1421 2393 1460 2423 de
1477 2394 1624 2425 unciario
1646 2393 1771 2425 foenore

1074 2436 1229 2467 adscribit
1246 2436 1418 2467 duodecim
1432 2437 1553 2468 tabulis
1567 2437 1596 2468 T
1598 2437 1704 2468 acitus
1715 2437 1773 2468 Vl.

1074 2482 1158 2510 Anii.
1175 2491 1202 2510 e.
1224 2480 1270 2510 16.

1116 2526 1157 2557 9⁴
1168 2523 1248 2553 *Ad
1261 2521 1354 2562 bella]
1376 2522 1496 2554 Melius
1510 2520 1678 2561 legeretur
1690 2535 1699 2553 .·
1721 2523 1776 2554 Aa

1076 2567 1154 2597 bella
1166 2568 1276 2606 priore
1289 2577 1373 2596 anno
1387 2567 1558 2604 destinata,
1568 2565 1686 2597 Falisci
1700 2577 1774 2608 quo-

1075 2620 1134 2649 que
1148 2611 1218 2640 novi
1233 2611 1332 2640 hostes
1347 2610 1460 2639 avorti.
1508 2612 1515 2617 “

1117 2652 1294 2691 95“C‹:lsi]
1327 2652 1430 2682 Elatis
1454 2651 1583 2682 animis.
1627 2652 1680 2682 Sic
1704 2651 1773 2683 sere

1076 2695 1193 2727 Horat.
1215 2696 1254 2727 A.
1279 2695 1313 2726 Ρ.
1337 2706 1365 2726 ν.
1395 2697 1469 2727 3⁴2.
1490 2696 1562 2726 celse·
1586 2715 1614 2726 ..
1629 2695 1774 2729 ..Ram-

1078 2749 1141 2770 nes.
