1914 3239
41 1158 194 1190 Romulus

41 1207 74 1231 et
89 1203 204 1231 Remus
219 1209 238 1229 a

41 1245 207 1273 Numitore

41 1288 154 1325 agniti.

41 1451 206 1482 Amulium

41 1495 243 1529 obtruncant,

41 1541 73 1565 et
87 1537 233 1566 Numito-

40 1588 105 1608 rem
118 1581 245 1610 restitu-

41 1625 110 1652 unt.

258 106 304 143 12
803 102 941 142 T1T1
977 99 1184 156 mviiv

254 209 386 256 atque
404 199 624 243 lasciviam
650 211 895 253 currerent;
926 215 1054 257 quem
1077 195 1265 242 Roma‘ni
1298 198 1454 241 deinde
1485 205 1695 241 vocarunt

255 256 428 298 Inuum.
491 257 610 299 Huic
632 258 788 298 deditis
818 258 998 308 ludicro,
1020 271 1152 312 quum
1176 255 1380 296 sollemne
1397 264 1546 296 notum
1569 263 1695 304 esset,

254 313 480 354 insidiatos
496 314 553 355 ob
567 314 673 354 iram
694 314 850 368 praedae
865 314 1033 354 amissae
1051 312 1250 362 latrones,
1267 326 1400 366 quum
1425 311 1636 352 Romulus
1652 311 1693 352 vi

256 383 300 410 se
313 368 592 420 defendisset,
608 370 792 411 Remum
810 370 996 425 cepisse;
1013 380 1188 424 captum
1204 369 1292 422 regi
1309 367 1484 407 Amulio
1500 367 1696 407 tradidis-

255 438 315 475 se,
332 427 365 452 ³⁹
382 425 491 466 ultro
509 436 776 467 accusantes.
810 425 994 466 Crimini
1019 425 1208 464 maxime
1226 424 1401 474 dabant,
1425 424 1466 463 in
1493 422 1695 463 Numito-

255 481 312 522 ris
335 495 462 536 agros
483 483 536 522 ab
560 482 625 534 his
650 482 843 537 inpetum
873 481 989 521 fieri:
1028 480 1128 520 inde
1149 494 1238 530 e05,
1260 480 1457 520 conlecta
1481 478 1693 533 juvenum

254 550 401 586 manu,
425 537 623 578 hostilem
647 537 690 578 in
725 538 901 578 modum
937 536 1102 592 praedas
1135 549 1276 590 agere.
1296 536 1370 575 *sic
1403 534 1623 575 Numitori
1644 526 1699 575 ad

256 592 518 648 supplicium
552 593 714 634 Remus
745 594 931 634 deditur.
991 592 1092 633 Jam
1127 591 1226 631 inde
1254 592 1308 631 ab
1342 591 1468 631 initio
1493 590 1697 631 Faustulo

257 663 354 704 spes
378 648 530 700 fuerat,
551 650 712 703 regiam
745 650 922 704 stirpem
945 647 1059 703 apud
1078 661 1123 688 se
1144 647 1316 688 educari
1335 663 1346 697 ;
1379 661 1474 687 narn
1498 657 1542 686 et
1563 660 1699 702 expo-

255 705 362 745 sitos
377 705 504 758 jussu
528 707 640 760 regis
674 705 860 745 infantes
896 704 1073 754 sciebat,
1096 713 1140 744 et
1174 712 1358 758 tempuS,
1392 717 1478 756 quo
1511 704 1603 758 ipse
1625 716 1698 743 eos

258 762 513 811 sustulisset,
549 762 601 802 ad
637 761 677 802 id
714 762 856 813 ipsum
885 773 1150 816 congruere3
1191 759 1264 799 sed
1299 773 1384 799 rem
1423 759 1698 808 inmaturam,

255 817 338 857 nisi
361 827 436 857 aut
458 831 532 873 per
564 818 853 867 occasionem,
877 813 968 857 aut'
985 829 1060 871 per
1092 815 1408 864 necessitatem,
1440 814 1596 870 aperiri
1621 828 1700 855 no-

255 873 408 913 luerat.
440 874 669 913 necessitas
696 874 811 928 prior
834 873 965 914 venit.
998 873 1072 921 ita,
1104 880 1221 912 metu
1257 872 1475 921 subactus,
1511 869 1700 911 Romulo

256 942 345 969 rem
389 929 540 984 aperit.
603 929 732 970 Forte
773 940 817 969 et
859 927 1096 978 Numitori,
1125 941 1258 982 quum
1299 927 1341 967 in
1381 926 1578 967 custodia
1611 925 1699 966 Re-

257 999 374 1025 mum
399 985 591 1035 haberet,
621 985 910 1040 audissetque,
943 984 1139 1040 geminos
1168 997 1261 1024 esse
1287 982 1454 1033 fratres,
1475 985 1508 1006 ‘¹⁰
1522 996 1698 1037 compa-

257 1041 391 1082 rando
422 1051 465 1082 et
497 1050 667 1082 aetatem
702 1056 864 1092 eorum,
896 1051 939 1081 et
970 1041 1107 1095 ipsam
1138 1040 1316 1080 minime
1347 1038 1543 1078 servilem
1577 1038 1698 1079 indo·

257 1096 356 1148 lem,
388 1098 590 1152 tetigerat
621 1098 810 1138 animum
846 1098 1052 1138 memoria
1083 1105 1316 1151 nepotum:
1354 1094 1700 1149 sciscitandoque

257 1155 286 1175 ⁴¹
303 1153 452 1194 codem
480 1154 690 1207 pervenit,
714 1164 759 1194 ut
781 1154 893 1194 haud
915 1153 1062 1208 procul
1084 1161 1206 1202 esset,
1226 1153 1329 1206 quin
1355 1151 1541 1192 Remum
1565 1165 1700 1207 agno-

260 1219 410 1250 sceret.
473 1210 542 1250 Ita
570 1214 603 1234 ⁴2
624 1210 810 1264 undique
834 1211 921 1265 regi
945 1209 1067 1250 dolus
1099 1209 1300 1250 nectitur.
1363 1207 1590 1257 Romulus,
1613 1221 1700 1248 non

259 1280 358 1307 cum
401 1266 532 1322 globo
569 1266 798 1321 juvenum,
841 1272 940 1317 (nec
989 1266 1105 1306 enim
1147 1274 1238 1306 erat
1280 1264 1331 1305 ad
1378 1265 1462 1304 vim
1506 1273 1701 1319 apertam

259 1324 354 1377 par)
386 1323 458 1363 sed
490 1322 581 1363 aliis
613 1323 696 1363 alio
736 1324 888 1363 itinere
910 1322 1044 1373 jussis
1075 1331 1193 1362 certo
1226 1331 1419 1375 tempore
1451 1320 1504 1360 ad
1535 1319 1699 1374 regiam

261 1380 404 1419 venire
445 1379 704 1434 pastoribus,
736 1379 786 1419 ad
825 1393 968 1434 regem
1009 1379 1202 1432 inpetum
1244 1376 1374 1418 facit:
1423 1384 1467 1416 et
1505 1391 1529 1416 a
1569 1377 1700 1416 domo

260 1435 503 1476 Numitoris
526 1435 608 1475 alia
638 1446 888 1492 comparata
907 1449 1033 1476 manu
1058 1433 1239 1489 adjuvat
1262 1433 1440 1475 Remus.
1473 1433 1534 1474 ita
1555 1446 1701 1490 regem

257 1491 534 1532 obtruncant.

315 1547 393 1587 VI.
427 1547 647 1597 Numitor,
673 1548 783 1589 inter
821 1547 1006 1603 primum
1048 1546 1280 1587 tumultum
1312 1546 1460 1587 hostes
1495 1544 1701 1586 invasisse

259 1603 407 1645 urbem
435 1613 564 1659 atque
585 1605 758 1645 adortos
783 1603 943 1658 regiam
978 1603 1198 1652 dictitans,
1220 1617 1353 1657 quum
1386 1602 1543 1657 pubem
1567 1601 1701 1642 Alba-

258 1674 356 1701 nam
393 1660 434 1701 in
474 1674 614 1701 arcem
648 1661 849 1716 praesidio
885 1660 1100 1713 armisque
1133 1659 1413 1700 obtinendam
1452 1667 1700 1708 avocasset3

257 1715 510 1771 postquamf
529 1717 729 1772 juvenes,
761 1726 1005 1772 perpetrata
1035 1715 1168 1765 caede,
1192 1729 1370 1771 pergere
1403 1714 1454 1755 ad
1489 1728 1532 1754 se
1555 1722 1702 1769 gratu-

254 1772 392 1813 lantes
415 1773 538 1823 vidit,
569 1773 790 1829 extemplo
826 1773 1037 1813 advocato
1060 1772 1261 1822 concilio,
1294 1771 1453 1812 scelera
1475 1771 1517 1812 in
1541 1784 1586 1810 se
1616 1769 1701 1810 fra·

255 1828 348 1878 tris,
368 1828 578 1884 originem
605 1840 827 1884 nepotum,
852 1838 898 1868 ut
916 1828 1067 1884 geniti,
1092 1837 1138 1868 ut
1159 1828 1346 1878 educati,
1370 1837 1417 1868 ut
1440 1825 1607 1883 cogniti
1632 1839 1696 1866 es-

256 1894 365 1935 sent,
387 1885 552 1926 caetlem
575 1886 777 1941 deinceps
809 1885 996 1940 tyranni,
1017 1899 1145 1939 seque
1168 1885 1260 1938 ejus
1295 1893 1517 1925 auctorem
1555 1891 1700 1928 osten-

255 1941 334 1982 dit.
393 1941 598 1993 Juvenes,
639 1956 712 1998 per
756 1941 938 1982 mediam
982 1941 1236 1982 concionem
1287 1941 1461 1996 agmine
1502 1939 1700 1995 ingressi,

302 2029 376 2068 rpro
386 2037 552 2071 postquam
568 2033 664 2062 Gron.
681 2035 713 2061 et
729 2033 819 2061 Crev.
834 2033 1054 2071 propemodum
1071 2040 1191 2070 semper
1206 2031 1354 2060 exhibent
1365 2036 1575 2070 posteaquam.
1620 2030 1654 2060 Id
1669 2030 1703 2059 in

255 2073 436 2103 universum
459 2075 615 2104 monuisse
632 2076 744 2110 satius,
757 2076 879 2114 opinor,
895 2076 966 2113 erit,
981 2084 1074 2116 quam
1096 2075 1223 2105 taedium
1248 2074 1418 2104 lectoribus
1439 2075 1544 2104 eadem
1571 2073 1702 2103 adnota-

256 2116 339 2145 tione
356 2126 451 2156 prope
466 2117 596 2155 singulis
612 2118 734 2156 paginis
750 2119 898 2148 excitare.

1001 2198 1119 2225 contra
1143 2204 1242 2233 quam
1275 2195 1315 2224 ab
1343 2203 1381 2224 eo
1405 2197 1616 2233 expectetur,
1641 2198 1701 2223 aut

1001 2238 1072 2267 sieri
1097 2238 1224 2267 deceat.
1265 2238 1318 2267 Sic
1348 2237 1410 2267 hoc
1443 2237 1515 2267 loco
1541 2236 1700 2273 latrones,

257 2192 395 2232 Lyceus,
413 2194 523 2233 inquit
539 2195 669 2225 Servius
694 2194 735 2224 ad
757 2194 853 2224 VIII.
877 2195 954 2226 AEn.

257 2245 286 2264 ν.
310 2239 384 2268 343.
411 2237 495 2276 quod
516 2239 603 2276 lupos
630 2247 693 2267 uon
716 2239 801 2267 sinat
829 2239 861 2267 in
886 2247 956 2267 oves

257 2280 379 2308 soevire.
415 2279 529 2319 Lupus
545 2281 634 2310 enim
653 2280 776 2310 Graecis
789 2287 837 2310 est
853 2280 953 2313 λύκος.

257 2320 350 2351 ldem
367 2322 414 2351 ait
427 2322 506 2352 Pani
524 2327 672 2358 montem
687 2322 832 2362 Lyceum
848 2323 880 2352 in
895 2323 919 2353 A
927 2333 954 2352 r-

258 2364 353 2393 cadia
365 2370 593 2395 consecratum
608 2365 794 2396 fuisse.'*Dc
812 2366 886 2395 Inui
902 2375 959 2404 ap-

257 2406 437 2446 pellatione
447 2407 509 2438 vid.
528 2408 615 2438 Serv.
633 2409 672 2438 ad
683 2408 739 2447 VI.
752 2409 826 2438 AEn.
841 2419 869 2437 v.
883 2412 956 2441 775.

301 2452 342 2480 33
368 2450 438 2480 Per
453 2450 577 2489 lusum]
605 2451 694 2482 Olim
714 2452 810 2488 editi,
827 2461 890 2490 per
906 2453 956 2480 ln-

258 2501 351 2522 xum.
384 2492 535 2524 Correxit
550 2494 734 2524 Gronovius
750 2507 756 2523 z
776 2504 836 2523 noc
853 2494 956 2524 ullam

259 2541 374 2564 tamen
405 2535 560 2574 allegavit
587 2538 835 2573 auctoritatem,
864 2538 956 2575 quasi

261 2576 331 2607 hace
355 2578 544 2609 emendatio
567 2579 636 2609 sola
659 2579 852 2618 conjectura
870 2580 956 2610 nite—

261 2623 363 2650 retur.
402 2620 445 2650 At
463 2621 529 2651 duo
545 2633 561 2650 e
580 2623 678 2661 regiis
696 2622 790 2652 codd.
809 2623 858 2653 vel
871 2623 957 2662 opti-

261 2663 320 2698 mi,
344 2667 379 2693 et
409 2664 620 2702 Sorbonicus,
645 2665 766 2696 ‹list-rte
799 2665 957 2696 exhibent

253 2715 316 2744 per
331 2707 449 2735 tusum.

303 2751 344 2782 39
374 2747 481 2786 vura]
512 2749 618 2786 liujus
636 2752 722 2779 vocis
741 2751 810 2780 haw-
828 2752 873 2781 vis
891 2755 955 2789 cst,

262 2797 297 2821 ut
322 2791 459 2821 deuon-t
484 2792 652 2831 quidpiam
672 2803 740 2832 geri
766 2794 806 2823 ab
831 2795 956 2833 aliquo,

1001 2281 1057 2319 qui
1074 2281 1229 2310 omuibus
1245 2280 1431 2320 suppliciis,
1447 2283 1520 2310 tum
1545 2280 1586 2309 ob
1603 2279 1702 2309 latro-

1001 2323 1101 2360 cinia,
1118 2328 1191 2352 tum
1209 2323 1249 2352 ob
1267 2324 1426 2361 injustam
1442 2323 1507 2352 vim
1525 2323 1558 2352 in
1576 2322 1700 2352 Romu-

1002 2365 1072 2395 lum
1090 2371 1123 2396 et
1140 2366 1298 2404 Remum,
1316 2366 1408 2405 digni
1433 2371 1542 2403 erant,
1559 2365 1621 2404 ipsi
1645 2373 1700 2395 eos

1003 2414 1176 2438 accusant.

1044 2455 1087 2482 40
1116 2451 1351 2491 Comparando]
1373 2451 1604 2491 Comparando
1620 2454 1701 2481 aeta-

1001 2498 1070 2524 tem
1088 2501 1119 2524 et
1137 2495 1282 2525 indolem
1295 2495 1604 2532 horunijuvenum,
1622 2503 1699 2524 cum

1002 2547 1041 2567 en
1057 2542 1090 2567 et
1106 2543 1206 2568 aetate
1224 2543 1258 2568 et
1277 2537 1402 2575 indole,
1418 2547 1483 2576 qua
1506 2547 1576 2568 esse
1601 2536 1700 2568 debe-

1002 2580 1083 2610 bant
1102 2586 1252 2620 nepotes,
1268 2581 1294 2610 si
1313 2581 1422 2610 adhuc
1438 2581 1600 2611 viverent.

1044 2626 1082 2653 41
1111 2623 1250 2661 Eodem]
1283 2623 1357 2662 Quo
1390 2623 1581 2653 Faustulus.
1625 2623 1700 2654 Nisi

1001 2666 1085 2696 forte
1104 2666 1199 2696 malis
1223 2677 1255 2696 eo
1271 2667 1413 2696 demum.
1453 2667 1530 2697 Duo
1545 2676 1563 2696 e
1579 2666 1701 2698 nostris

1002 2709 1096 2739 MSS.
1115 2719 1148 2737 en
1159 2710 1321 2748 pervenit.

1043 2754 1085 2781 42
1096 2751 1282 2791 ‘Undiquej
1312 2752 1355 2783 Et
1379 2752 1419 2782 ab
1435 2751 1591 2790 Romulo,
1608 2754 1642 2783 et
1659 2751 1699 2782 ab

1000 2795 1193 2826 Numitore.
