1991 3250
652 76 773 116 LIB.
801 76 852 116 II.
888 75 1023 113 CAP.
1049 74 1101 112 X.
1205 111 1209 114 ,
1542 78 1594 112 93

165 194 253 231 um,
274 179 372 235 quia
393 178 572 235 inpenso
593 179 734 234 pretio
765 177 954 227 venibat,
976 176 1019 217 in
1051 174 1267 231 publicum
1299 175 1414 216 omni
1439 184 1648 231 sumtusty·
1664 200 1789 229 (3¹24ss-

163 236 378 278 ademtum
400 237 591 292 privatis.
623 241 652 263 ⁵⁵
670 234 986 288 Portoriisquee
1006 242 1049 273 et
1072 233 1234 273 tributo
1257 231 1402 287 plebes
1416 230 1429 251 s
1443 232 1593 274 libera·
1606 243 1647 274 A.
1660 244 1698 273 c.
1712 245 1787 273 508.

165 303 221 344 ta,
245 304 289 334 ut
310 294 465 335 divites
483 292 741 342 conferrent,
763 292 834 346 qui
858 290 975 331 oneri
1000 289 1175 330 ferendo
1194 300 1358 331 essent:
1392 303 1594 344 pauperes

164 351 267 392 satis
299 351 502 405 stipendii
534 349 730 406 pendere,
760 350 794 388 si
828 348 983 388 liberos
1014 347 1256 387 educarent.
1317 346 1466 400 Itaque
1499 346 1594 387 liaec

165 407 432 464 indulgentia
456 408 642 456 Pau-um,
664 405 821 460 asperis
852 403 1124 459 postmodum
1149 405 1271 445 rebus
1304 404 1346 444 in
1369 403 1595 444 obsidione

163 479 214 505 ac
237 465 361 516 fame,
379 465 482 505 adeo
504 463 760 504 concordem
777 463 997 503 ‘civitatem
1016 461 1167 510 tenuit,
1186 471 1231 502 ut
1254 461 1416 517 regium
1437 475 1593 501 nomen

164 536 252 563 non
288 522 440 562 summi
475 521 624 576 magis,
651 534 776 575 quam
809 518 944 559 infimi
985 518 1228 560 horrerent:
1261 532 1339 559 nec
1370 517 1593 573 quisquam

166 594 272 619 uuus
307 579 424 619 malis
455 578 616 618 artibus
649 587 798 632 postea
831 585 915 616 tam
950 574 1164 630 popularis
1197 585 1324 627 esset,
1345 588 1470 630 quam
1504 585 1594 615 tum

166 637 275 677 bene
298 635 544 690 imperando
566 633 785 675 universus
809 642 974 674 senatus
998 632 1092 672 fuit.

225 692 286 734 X.
319 694 462 738 Quum
495 691 638 732 hostes
669 691 879 740 adessent,
901 704 978 745 pro
1012 703 1055 729 se
1088 689 1265 744 quisque
1288 688 1331 729 in
1367 689 1514 729 urbem
1538 702 1594 730 ex

164 751 276 806 agris
298 749 563 803 demigrant:
585 749 732 789 urbem
759 749 890 803 ipsam
915 747 1082 801 sepiunt
1106 747 1327 801 praesidiis.
1345 746 1424 786 alia
1448 746 1592 792 muris,

165 808 246 848 alia
265 805 410 846 Tiberi
433 806 608 861 objecto
626 805 876 846 videbantur
897 814 1000 844 tnta.
1037 804 1149 844 Pons
1169 803 1368 844 sublicius
1388 804 1466 843 iter
1483 817 1594 858 pene

163 863 357 905 hostibus
375 863 515 904 dedit:
540 862 583 903 ni
604 877 708 903 unus
729 863 792 902 vir
810 863 973 910 fuisset,
996 860 1197 901 Horatius
1218 860 1396 911 Cocles3
1419 860 1481 912 (id
1502 875 1592 901 mu-
1606 873 1685 905 Hor.
1706 873 1807 905 Cocli-

163 921 401 961 nimentum
436 920 509 960 illo
540 920 608 960 die
632 920 800 960 fortuna
821 918 936 959 urbis
960 917 1166 958 Romanae
1190 917 1357 968 habuit)
1374 918 1460 972 qui,
1477 919 1592 972 posi·
1604 919 1786 949 tisfortitu-

164 986 231 1018 tus
246 977 355 1019 forte
372 978 412 1018 in
428 977 610 1018 statione
622 976 778 1032 pontis,
792 990 920 1032 quum
934 984 1101 1030 captum
1119 975 1341 1029 repentino
1356 975 1502 1029 inpetu
1517 974 1593 1016 Ja-
1603 965 1654 994 ‘¹⁰'

165 1035 368 1085 niculum,
391 1044 516 1089 atque
538 1035 635 1075 inde
657 1035 810 1075 citatos
836 1034 1055 1074 decurrere
1078 1032 1221 1073 hostes
1253 1032 1442 1083 vidisset,
1466 1033 1596 1088 trepi-

165 1092 345 1147 damque
369 1093 533 1132 turbam
558 1106 727 1132 suorum
757 1106 870 1132 arma
900 1089 1152 1145 ordinesque
1184 1089 1433 1144 relinquere,
1456 1103 1597 1144 repre-

167 1148 347 1189 hensans
367 1149 570 1204 singulos,
584 1149 810 1200 obsistens,
829 1149 1132 1202 obtestansque
1152 1146 1293 1188 Defim
1315 1157 1356 1186 et
1374 1145 1596 1188 hominum

166 1206 309 1255 fidem,
330 1208 561 1248 testabatur
601 1205 869 1262 nequidquam
907 1205 937 1227 ⁵⁶
950 1203 1098 1246 deserto
1129 1202 1317 1259 praesidio
1350 1218 1411 1244 eos
1426 1202 1594 1259 fugere.

165 1265 197 1289 ⁵⁷
219 1261 268 1303 Si
289 1263 503 1304 transitum
518 1270 679 1318 pontem
702 1277 728 1303 a
747 1270 856 1318 tergo
874 1261 1134 1319 reliquissent,
1142 1262 1241 1318 jam
1248 1260 1344 1316 plus
1361 1260 1531 1302 hostiam
1552 1261 1598 1302 in

167 1318 337 1361 Palatio
374 1320 667 1376 Capitolioque,
702 1335 823 1375 qaam
858 1320 902 1360 in
935 1318 1129 1362 ,laniculo
1151 1319 1265 1375 sbre.
1335 1317 1482 1374 Itaque
1513 1333 1598 1359 mo-

165 1391 269 1428 nere,
285 1378 513 1432 prcedicere,
533 1385 578 1418 ut
598 1384 762 1432 pontem
779 1377 917 1433 ferr-0,
948 1377 1049 1434 igni,
1080 1389 1327 1431 quacumque
1358 1375 1400 1416 vi
1425 1382 1598 1430 possent,

167 1433 478 1489 interrumpunt.
540 1433 592 1475 Se
613 1435 787 1489 inpetum
808 1433 992 1486 hostium,
1015 1440 1210 1489 quantum
1232 1447 1393 1488 corpore
1413 1447 1490 1473 ιιηο
1504 1448 1599 1487 pos-

165 1497 222 1531 set
252 1489 402 1541 obsisti,
423 1499 688 1546 excepturum.
750 1491 877 1531 Vadit
898 1492 995 1533 inde
1018 1492 1059 1531 in
1085 1491 1268 1546 primum
1298 1490 1462 1530 aditum
1492 1505 1599 1545 pon-

169 1548 249 1589 tis:
274 1548 536 1604 insignisque
562 1549 671 1589 inter
699 1557 932 1603 conspecta
961 1553 991 1575 ⁵⁸
1005 1548 1247 1589 cedentium
1278 1561 1435 1602 pugnae
1466 1558 1600 1603 terga,

168 1605 360 1645 obversis
378 1606 573 1646 corninus
591 1606 639 1646 ad
663 1606 889 1646 ineundum
904 1605 1106 1660 proelium
1127 1604 1268 1655 armis,
1281 1605 1374 1659 ipso
1394 1603 1597 1645 miraculo

165 1661 353 1703 audaciae
383 1662 673 1717 obstupefecit
704 1663 861 1703 hostes.
885 1664 987 1704 duos
1011 1673 1149 1703 tamen
1181 1676 1278 1702 cum
1299 1676 1350 1702 eo
1380 1661 1516 1716 pudor
1535 1671 1598 1702 te-

168 1718 274 1768 nuit,
292 1719 366 1774 Sp.
387 1719 575 1760 Lartium
589 1735 639 1761 ac
652 1719 702 1760 T.
718 1719 1007 1769 Herminium,
1024 1720 1172 1760 ambos
1187 1719 1320 1759 claros
1340 1733 1492 1775 genere
1511 1718 1599 1760 fac-

166 1775 322 1830 tisque.
354 1775 467 1817 Cum
491 1776 556 1817 his
579 1778 757 1831 primam
780 1777 955 1831 periculi
978 1776 1221 1832 procellam,
1240 1785 1283 1816 et
1305 1776 1420 1831 quod
1444 1776 1599 1817 tumul-

167 1833 455 1874 tuosissimum
476 1848 633 1890 pugnae
651 1844 754 1884 erat,
767 1848 993 1889 parumper
1012 1833 1224 1874 sustinuit.
1239 1832 1392 1874 deinde
1404 1847 1476 1874 eos
1491 1848 1598 1888 quo-

166 1904 248 1944 que
263 1890 390 1945 ipsos,
405 1891 565 1947 exigua
577 1901 695 1946 parte
710 1892 853 1947 pontis
868 1893 1026 1940 relicta,
1039 1890 1334 1931 revocantibus
1352 1891 1421 1945 qui
1441 1891 1598 1932 rescin-

166 1947 339 1998 debant,
361 1948 511 1989 cedere
540 1949 583 1989 in
606 1958 747 1989 tutum
779 1950 939 2004 coegit.
1000 1946 1316 1989 Circumferens
1339 1947 1437 1988 inde
1459 1959 1597 1989 truces

168 2004 391 2045 minaciter
419 2005 566 2046 oculos
604 2005 652 2046 ad
690 2020 885 2060 proceres
925 2005 1218 2056 Etruscorum,
1256 2018 1369 2045 nunc
1409 2005 1598 2061 singulos

169 2073 415 2114 provocare,
438 2077 551 2104 nunc
574 2063 791 2117 increpare
811 2078 974 2114 omncs,
999 2064 1186 2103 Servitia
1215 2076 1366 2115 ‘regum
1399 2063 1598 2116 superbo-

167 2131 278 2168 rum,
297 2132 387 2158 suae
409 2120 618 2160 libertatis
639 2123 898 2170 inmemores,
921 2122 1106 2161 alienam
1128 2120 1421 2172 obpugnatum
1441 2121 1596 2159 venire.

169 2173 372 2215 Cunctati
397 2175 786 2230 aliquamdiussunt,
809 2178 908 2218 dum
944 2177 1050 2218 alius
1072 2176 1214 2227 alium,
1237 2185 1285 2217 ut
1305 2176 1508 2230 proelium
1533 2176 1598 2217 in-

167 2231 343 2285 cipiant,
365 2232 738 2289 circumspectant.
759 2235 895 2289 pudor
926 2235 1079 2275 deinde
1101 2234 1337 2274 commovit
1367 2235 1516 2284 aciem,
1538 2242 1597 2285 et,

166 2287 349 2329 clamore
371 2289 553 2341 sublato,
574 2291 762 2346 undique
793 2291 836 2331 in
867 2306 997 2332 unum
1030 2291 1196 2331 hostem
1231 2290 1314 2331 tela
1343 2291 1597 2345 conjiciunt.

169 2344 278 2394 Quae
310 2360 441 2401 quum
473 2346 514 2387 in
546 2346 720 2402 objecto
758 2360 911 2390 cuncta
942 2358 1062 2389 scuto
1096 2348 1332 2399 baesissent,
1364 2362 1499 2403 neque
1529 2348 1598 2389 ille

421 2449 448 2463 ··
461 2442 616 2473 Porto'rr'is
630 2454 746 2484 quoque
760 2445 858 2474 Gron.
877 2445 970 2476 Crev.
1101 2490 1104 2492 Ι
1120 2443 1134 2465 f
1137 2445 1225 2484 plebe
1237 2445 1321 2475 Eaed.

208 2519 249 2548 55
274 2517 447 2558 Portorz'is]
498 2519 739 2559 Vectigalibus,
783 2530 858 2560 quae
902 2530 946 2559 go
968 2520 1208 2559 relinquerent,
1236 2530 1297 2550 nec
1321 2531 1397 2550 eum
1421 2521 1598 2562 abrumpe-

166 2569 225 2600 pro
238 2561 472 2602 importatione
481 2568 516 2594 et
528 2565 759 2604 exportatione
773 2573 859 2594 mer·
904 2568 979 2593 rent
995 2586 1004 2594 .
1016 2585 1023 2593 .
1037 2564 1214 2593 Constaret
1236 2573 1364 2602 sensus,
1382 2565 1512 2595 etiamsi
1536 2576 1598 2596 vox

166 2604 255 2633 cium
271 2605 495 2637 solvebantur.
896 2612 1027 2647 pontem
1043 2608 1182 2636 abesset.
1208 2606 1245 2637 δέ
1260 2610 1437 2638 tramitum
1453 2611 1598 2648 reliquis-

210 2648 250 2678 56
260 2650 278 2669 *
288 2648 424 2680 Deserto
440 2650 607 2689 praesidio]
629 2651 772 2681 Deserto
786 2650 859 2680 loco
901 2655 984 2687 sent,
996 2651 1018 2680 i.
1034 2651 1097 2680 e.si
1112 2649 1320 2689 reliquissent
1332 2651 1480 2682 hostibus
1491 2658 1600 2683 trans·

122 2717 125 2720 .
166 2689 202 2720 in
225 2700 291 2729 quo
314 2693 457 2732 praesidii
481 2703 581 2724 causa
595 2695 773 2724 constituti
790 2694 862 2724 fue·
905 2694 1007 2723 eundi
1024 2694 1165 2732 copiam.

166 2738 254 2771 rant,
271 2744 391 2776 nempe
405 2736 572 2768 Janiculo.
950 2741 989 2767 58
1019 2736 1205 2767 Οειῐεηῑὶιιηι
1236 2737 1375 2778 pugnae]
1420 2739 1599 2770 Mallemus

209 2779 248 2811 57
274 2778 651 2821 Sitransz’tumpontem]
663 2781 860 2821 Sipontem,
906 2791 983 2811 cum
1000 2780 1165 2811 Gronovio
1177 2791 1242 2821 pag
1250 2792 1304 2813 na.

165 2824 341 2860 postquam
353 2832 428 2853 eum
443 2824 506 2864 ipsi
521 2825 747 2862 transiissent,
760 2833 780 2854 a
795 2827 860 2855 ter-
