1991 3250
676 83 804 123 LIB.
829 83 860 120 Ι.
901 81 1147 119 CARLX.
1201 111 1207 115 .
1561 89 1611 128 ¹79

176 195 270 230 tum
292 192 370 238 est,
393 199 544 243 praeco
563 184 615 227 ad
638 188 667 209 ⁴³
686 185 905 226 tribunum
928 181 1174 233 Celerum‚·
1164 197 1208 223 m
1232 197 1317 238 quo
1338 190 1429 224 tum
1451 184 1611 241 magis·

175 253 291 286 tratu
314 243 425 285 forte
448 243 607 284 Brutus
628 251 733 292 erat,
757 240 965 304 populum
987 239 1230 280 advocavit.
1284 239 1353 280 Ibi
1376 241 1513 282 oratio
1537 243 1612 282 ha-

176 302 285 352 bita,
306 314 576 356 nequaquam
606 298 698 353 ejus
721 298 908 353 pectoris
940 296 1205 353 ingeniique,
1225 297 1340 352 quod
1363 297 1611 339 simulatum

176 357 231 400 ad
261 372 356 398 eam
386 358 498 398 diem
523 356 676 405 fuerat,
697 355 750 396 de
781 356 824 395 xi
856 368 905 395 ac
939 353 1116 394 libidine
1153 353 1256 394 Sex.
1288 353 1527 409 Tarquinii,
1558 354 1611 396 de

176 424 325 470 stupro
361 413 541 477 infando
575 411 788 453 Lucretiae
821 420 865 452 et
897 410 1127 451 mise1abili
1169 411 1302 461 caede,
1338 411 1391 451 de
1424 411 1611 457 orbitate

173 471 437 528 Tricipitini,
457 470 526 512 cui
548 479 686 510 morte
709 469 809 509 filiae
831 483 981 509 caussa
1002 467 1151 508 mortis
1171 468 1390 523 indignior
1413 482 1461 508 ac
1485 469 1610 508 mise-

172 529 349 569 rabilior
382 537 505 569 esset.
528 527 674 567 additi
707 526 907 581 superbia
939 525 1072 580 ipsius
1107 525 1234 580 legis,
1265 525 1534 579 miseriaeque
1566 536 1611 567 et

173 586 340 626 labores
365 584 498 640 plebis
530 584 574 624 in
603 582 736 627 fossas
767 581 1020 636 cloacasque
1041 581 1356 623 exhauriendas
1387 582 1607 623 demersae.

173 642 395 684 Romanos
416 640 628 690 homines,
651 641 836 681 victores
857 639 1052 680 omnium
1074 639 1188 680 circa
1217 639 1492 695 populorum,
1513 640 1610 695 opi-

174 700 276 741 fices
314 713 364 739 ac
398 697 604 753 lapicidas
642 711 721 753 pro
761 696 1038 737 bellatoribus
1077 696 1231 737 factos.
1292 696 1479 752 Indigna
1517 697 1609 738 Ser.

173 755 302 797 Tullii
326 756 438 811 regis
469 764 707 795 memorata
737 754 892 804 caedes,
914 763 958 793 et
988 754 1159 794 invecta
1183 754 1353 809 cor·p01i
1378 754 1511 809 patris
1535 769 1609 794 ne-

168 813 303 854 fando
334 812 531 853 vehiculo
564 811 676 863 filia;
707 811 1029 890 “invocatique
1065 811 1223 851 ultores
1257 821 1480 865 parentum
1518 810 1607 852 Dii.

172 869 256 911 His
288 869 672 923 atrocioribusque,
694 868 838 918 credo,
861 868 1021 918 aliis‚·¹³
1036 882 1133 922 quae
1166 882 1353 923 praesens
1378 882 1519 909 rerum
1542 869 1606 909 in·
1619 873 1754 912 Populus

170 927 359 983 dignitas
390 926 722 981 haudquaquam
752 925 822 966 rel
815 935 886 965 itu
918 924 1199 980 scriptoribus
1232 924 1376 965 fmilia
1413 918 1821 989 subjicit,¹1}⁰¹¹¹³¹¹¹¹.⁵¹¹¹

169 959 432 1048 memoratis,
461 984 678 1024 incensam
711 982 1031 1023 multitudinem
1063 981 1265 1051 perpulit,
1295 992 1344 1022 ut
1376 962 1804 1038 imperiumcofflssffss?

169 1041 261 1097 regi
282 1042 525 1096 abrogaret,
547 1040 801 1095 exsulesque
822 1053 913 1080 esse
933 1039 1110 1094 juberet
1133 1039 1181 1081 L.
1201 1037 1484 1094 Tarquinium
1506 1055 1607 1082 cum

169 1084 358 1154 conjuge
380 1113 431 1138 ac
460 1072 616 1138 lib'eris.
680 1096 1057 1152 Ipsejunioiibus,
1080 1098 1153 1151 qui
1185 1097 1298 1137 ultro
1327 1096 1507 1138 nomina
1532 1098 1607 1139 da-

169 1155 290 1205 bant,
308 1155 427 1196 lectis
446 1155 706 1209 armatisque
724 1153 777 1194 ad
800 1153 1104 1195 concitandum
1127 1153 1226 1194 inde
1243 1153 1444 1194 adversus
1462 1169 1607 1210 regem

168 1213 408 1254 exercitum
446 1212 634 1253 Ardeam
667 1212 712 1252 in
743 1220 882 1252 castla
914 1219 978 1251 est
1012 1210 1258 1266 profectus3
1299 1211 1527 1267 imperium
1562 1213 1607 1253 in

168 1271 275 1310 urbe
300 1269 516 1319 Lucretio,
536 1270 569 1291 ‘³0'
584 1268 790 1324 praefecto
813 1267 965 1308 urbis
950 1282 1043 1322 Jam
1065 1278 1164 1309 ante
1189 1269 1243 1308 ab
1267 1281 1366 1323 rege
1389 1269 1606 1321 instituto,

169 1326 386 1380 relinquit.
448 1325 566 1366 Inter
589 1327 703 1367 hunc
726 1325 958 1367 tumultum
983 1324 1123 1365 Tullia
1144 1325 1274 1366 domo
1298 1325 1508 1381 profugit,
1530 1341 1606 1367 ex-

167 1382 451 1432 secrantibus,
483 1397 754 1447 quacumque
791 1382 1032 1433 incedebat,
1063 1382 1455 1438 invocantibusque
1483 1387 1515 1410 ⁴⁷
1530 1399 1605 1440 pa-

168 1448 338 1480 rentum
363 1439 493 1479 furias
516 1440 615 1480 viris
639 1439 990 1503 mulieribusque.

227 1495 329 1537 LX.
363 1495 531 1537 Harum
561 1511 701 1538 rerum
733 1496 902 1537 nunciis
940 1510 983 1535 m
1017 1504 1157 1536 eastra
1191 1496 1377 1551 perlatis,
1397 1511 1526 1551 quum
1562 1511 1607 1537 re

169 1565 282 1594 nova
305 1553 496 1617 trepidus
518 1567 594 1594 rex
627 1562 823 1609 pergeret
847 1552 1033 1593 Romam
1061 1553 1112 1592 ad
1146 1554 1491 1608 comprimendos
1516 1569 1607 1594 mo-

167 1618 250 1662 tus,
270 1610 395 1651 flexit
424 1610 537 1651 viam
569 1610 745 1662 Brutus,
771 1614 979 1664 (senserat
1010 1610 1125 1651 enim
1158 1610 1412 1661 adventum)
1434 1626 1496 1652 ne
1528 1612 1605 1652 ob-

207 1734 277 1765 43*
288 1734 468 1765 Tribunum
483 1734 642 1775 Celerum]
662 1733 860 1764 Praefectum

162 1779 316 1817 equitum
333 1788 413 1817 quos
437 1778 478 1808 ad
504 1779 689 1808 custodiam
717 1779 862 1817 corporis

162 1823 214 1852 sui
237 1822 452 1861 Tarquinius,
467 1822 619 1862 exemplo
641 1821 789 1858 Romuli,
807 1822 862 1851 de-

164 1866 306 1904 legerat.
352 1866 416 1895 Hic
433 1875 499 1895 non
515 1866 604 1895 inter
619 1865 719 1895 duces
736 1865 858 1896 milita-

164 1918 217 1939 res
229 1909 341 1947 modo,
354 1909 411 1939 sed
426 1917 460 1938 et
476 1910 566 1938 inter
579 1909 724 1938 urbanos
737 1909 859 1948 magis-

162 1956 284 1990 tratus,
309 1958 347 1983 ut
377 1959 515 1992 apparet
538 1962 577 1981 ex
602 1952 663 1982 hoc
687 1952 772 1990 loco,
797 1962 857 1982 nu-

163 1996 365 2026 mei-abatur.
410 1996 462 2026 De
486 1995 656 2026 Celeribus
678 1996 743 2026 vid.
759 2006 861 2036 supra

166 2048 192 2068 c.
216 2042 263 2070 15.

207 2081 504 2123 44*Invocalique]
539 2083 583 2113 Et
612 2082 758 2113 invocati
780 2086 859 2112 sunt

165 2135 185 2156 a
201 2126 305 2156 Bruto
320 2131 508 2166 perorante.

206 2173 247 2200 45
258 2169 369 2210 ¹*choe
380 2168 534 2208 prccsens]
551 2170 634 2210 Quae
650 2170 800 2209 suggerit
811 2170 864 2207 iis,

163 2213 220 2252 qui
237 2214 271 2243 in
290 2223 323 2243 re
340 2214 498 2254 praesenti
516 2218 607 2250 sunt,
624 2213 805 2253 indignitas
830 2218 865 2243 et

162 2258 320 2287 atrocitas
343 2267 455 2287 rerum
471 2257 642 2286 incurrens
665 2258 700 2286 in
724 2257 858 2296 oculos;

161 2300 220 2330 sed
248 2310 321 2340 quae
359 2300 573 2339 scriptoribus
610 2305 684 2339 post
721 2300 859 2339 longum

159 2345 322 2383 temporis
338 2342 551 2375 intervallum
575 2352 643 2374 nou
659 2349 738 2373 sunt
753 2344 862 2374 relatu

163 2387 286 2418 facilia.

204 2432 247 2462 46
270 2430 432 2470 Proefecto
454 2429 558 2470 urbis]
575 2429 754 2460 Praefectus
770 2431 861 2461 urbis

163 2473 214 2505 his
241 2475 447 2514 temporibus
474 2475 690 2513 magistratus
716 2473 780 2504 fuit
805 2484 861 2504 ex-

158 2518 414 2556 traordinarius,
439 2518 478 2548 de
502 2528 567 2556 quo
590 2518 636 2546 sic
660 2517 760 2547 habet
780 2517 861 2548 Tae.

158 2561 313 2591 VLAnn.
331 2572 358 2591 c.
379 2565 390 2590 l
405 2565 428 2591 Ι.
442 2561 602 2601 Prqs'ectis
617 2561 705 2590 domo
721 2561 860 2599 regibus,

161 2614 200 2635 ac
216 2614 300 2641 mox,
318 2605 470 2635 libertate
491 2606 562 2635 urbi
575 2604 773 2637 constituta,
791 2614 860 2634 ma-

158 2649 365 2687 gistratibus,
383 2658 423 2677 ne
437 2647 515 2678 urbs
528 2650 595 2678 sine
616 2646 861 2687 imperiost'ooet,

160 2693 196 2721 in
219 2697 342 2731 tempus
364 2692 577 2731 deligebatur,
595 2693 650 2731 qui
665 2689 727 2731 jus
748 2690 860 2721 redde-

101 2736 103 2739 '
159 2738 223 2772 ret,
247 2745 286 2765 ac
315 2735 427 2765 subitis
450 2735 654 2765 mederetur:
673 2734 861 2774 ,feruntque

159 2778 199 2808 ab
222 2778 358 2808 Romulo
382 2778 543 2809 Dentrem
566 2778 770 2814 Romanum,
791 2782 861 2817 post

159 2821 200 2852 ab
219 2821 312 2853 Talea
334 2821 470 2855 Hostilio
498 2822 650 2854 Numam
678 2821 859 2860 Marcium,

906 1739 936 1765 el
952 1735 992 1765 ab
1010 1734 1188 1775 Tarquinio
1213 1734 1356 1774 Superbo
1380 1735 1438 1774 Sp.
1457 1735 1608 1765 Lucreti-

905 1788 976 1815 um,
993 1780 1161 1818 impositos.
1200 1778 1288 1811 Dein
1303 1781 1446 1809 consules
1468 1780 1608 1808 ”mnda-

906 1823 994 1852 bcmt.
1040 1822 1079 1852 Id
1108 1831 1290 1860 servatum,
1315 1822 1419 1852 donec
1448 1830 1608 1862 praetores

904 1865 1008 1895 creari
1037 1866 1136 1905 coepti
1164 1869 1254 1896 sunt.
1299 1865 1389 1896 Tum
1417 1867 1521 1903 enim,
1549 1867 1606 1896 ab-

902 1909 1052 1939 sentibus
1079 1909 1285 1946 consulibus,
1308 1915 1433 1949 praetor
1457 1910 1606 1940 urbanus

903 1952 1016 1983 omnia
1046 1952 1222 1982 consulum
1247 1954 1365 1982 munia
1387 1953 1521 1984 obibat:
1556 1954 1607 1983 ni—

903 1997 931 2026 si
959 1996 1059 2035 quod,
1084 1996 1253 2026 Feriarum
1281 1996 1479 2027 Latinarum
1507 2007 1608 2027 causa

903 2041 1060 2080 profectis
1076 2040 1110 2070 in
1128 2046 1279 2070 montem
1295 2040 1462 2070 Albanum
1486 2050 1606 2070 consu-

903 2084 1002 2121 libus,
1033 2083 1074 2113 ad
1120 2083 1350 2123 usurpandum
1395 2084 1605 2123 antiquitatis

908 2137 1037 2157 morem
1067 2127 1244 2166 praefeetus
1273 2127 1348 2157 urbi
1379 2128 1607 2158 constitueba-

907 2175 977 2208 tur,
994 2170 1049 2209 qui
1066 2170 1284 2201 simulacrum
1299 2171 1408 2201 verius
1425 2172 1523 2211 hujus
1547 2181 1606 2211 po-

907 2215 1052 2252 testatis,
1069 2224 1170 2253 quam
1193 2215 1300 2254 ipsam
1323 2219 1525 2254 potestatem
1549 2225 1606 2254 ge-

904 2263 1003 2288 reret.
1048 2258 1100 2288 De
1116 2257 1280 2297 praefeetis
1296 2259 1387 2288 urbis
1411 2260 1471 2288 sub
1496 2259 1604 2288 Caesa·

904 2302 993 2332 ribus
1010 2301 1074 2331 vid.
1089 2301 1170 2331 Tac.
1187 2302 1260 2332 loco
1276 2311 1377 2341 supra
1392 2307 1591 2332 memorato.

948 2347 991 2379 47
1017 2345 1205 2375 Parentum
1217 2345 1350 2385 furias]
1378 2345 1492 2375 Furias
1508 2345 1606 2375 ultri-

906 2397 959 2418 ces
991 2388 1156 2419 scelerum
1185 2399 1206 2419 a
1234 2389 1345 2419 liberis
1376 2389 1410 2418 in
1448 2394 1606 2429 parentes

905 2432 1171 2462 commissorum.
1217 2432 1343 2462 Eodem
1359 2432 1426 2467 sere
1444 2432 1542 2463 modo
1557 2432 1606 2462 lo-

906 2481 1003 2507 cutus
1020 2480 1069 2506 est
1096 2477 1212 2506 Cicero
1235 2485 1295 2516 pro
1322 2474 1458 2506 Cluent.
1474 2485 1507 2506 n.
1535 2479 1606 2509 171·.

905 2529 926 2549 a
941 2528 1060 2556 socrus,
1076 2520 1117 2550 ab
1132 2529 1287 2557 uxorum,
1303 2530 1325 2550 a
1335 2519 1476 2558 fratris,
1492 2529 1513 2549 a
1530 2520 1606 2550 libe-

904 2564 980 2593 rzim
999 2565 1103 2602 poenis
1129 2567 1240 2592 aetum
1263 2572 1327 2593 ess-e
1344 2564 1546 2603 praecipz'tem
1570 2565 1605 2592 in

903 2607 1134 2637 sceler-atonem
1148 2607 1253 2636 sedem
1267 2619 1276 2635 .·
1303 2614 1337 2636 et
1361 2612 1420 2646 pro
1442 2606 1539 2637 Rosc.
1562 2607 1605 2637 A·

907 2658 989 2679 mer.
1016 2658 1048 2679 n.
1074 2650 1129 2682 67.
1176 2648 1299 2687 Farioe,
1322 2659 1392 2690 quoe
1421 2670 1451 2680 ..
1482 2660 1606 2689 parc-71-

906 2696 977 2722 tum
1003 2703 1114 2732 poenas
1143 2702 1165 2722 a
1194 2695 1503 2725 consceleratissimis
1519 2694 1607 2733 filiis

905 2741 1065 2774 repetant.
1109 2735 1189 2766 *Sic
1213 2746 1313 2776 supra
1329 2747 1358 2769 e.
1376 2740 1430 2770 48.
1446 2738 1606 2778 agitanti-

906 2778 1078 2821 busfuriis
1093 2781 1207 2811 eorm-Is
1221 2790 1260 2814 uc·
1275 2782 1360 2813 viri⁵>
