1914 3239
270 83 323 122 '36
829 77 971 117 TITI
1011 77 1189 117 LIVII

273 183 413 225 lorum
442 195 760 237 armorumque,
782 180 853 222 sed
877 179 1053 221 vulnera
1083 193 1257 234 quoque
1278 187 1323 220 et
1344 179 1518 236 sanguis
1549 188 1720 238 specta-

272 240 372 283 culo
394 249 561 290 essent3
592 240 678 280 duo
707 237 910 288 Romani,
932 251 1059 292 super
1088 236 1221 278 alium
1243 237 1366 289 alius,
1390 238 1619 280 vulneratis
1642 239 1721 280 tri-

274 299 355 339 bus
392 296 588 346 Albanis,
625 295 892 352 exspirantes
931 303 1208 335 conruerunt.
1257 294 1310 334 ad
1351 309 1533 349 quorum
1571 310 1719 337 casum

273 369 407 410 quum
444 353 757 396 conclamasset
795 350 955 408 gaudio
996 350 1192 391 Albanus
1227 352 1459 402 exercitus,
1499 351 1717 393 Romanas

272 411 466 468 legiones
498 411 593 466 jam
628 424 724 466 spes
763 418 869 458 tota,
901 407 1096 448 nondum
1129 416 1273 448 tamen
1312 422 1429 458 cura,
1462 408 1720 460 deseruerat,

274 469 495 509 exanimes
532 468 627 508 vice
661 467 801 517 unius,
832 479 960 520 quem
991 472 1075 505 tres
1113 463 1298 506 Curiatii
1328 465 1719 507 circumsteterant.

276 523 407 567 Forte
430 525 466 566 is
488 525 656 580 integer
679 523 777 573 fuit,
801 530 850 562 ut
874 521 1082 562 universis
1105 521 1220 562 solus
1249 536 1521 578 nequaquam
1544 537 1636 578 par,
1659 523 1721 565 sic

276 582 479 624 adversus
511 580 705 636 singulos
737 579 874 620 ferOX.
932 592 1051 633 ergo,
1076 586 1126 618 ut
1155 584 1400 634 segregaret
1427 594 1618 635 pugnarn
1649 594 1724 620 eo·

275 654 386 690 rum,
408 638 594 693 capessit
625 636 790 692 fugam,
812 636 874 677 ita
904 644 1020 676 ratus
1045 643 1282 686 secuturos,
1306 644 1354 676 ut
1383 650 1597 691 quemque
1627 636 1723 678 vul-

276 710 375 737 nere
406 694 625 736 adfectum
656 708 813 749 corpus
845 692 1016 733 sineret.
1074 692 1176 734 Jam
1207 692 1476 747 aliquantum
1508 693 1636 750 spatii
1665 708 1722 736 ex

275 767 328 793 eo
351 753 460 803 loco,
479 751 551 792 ubi
577 760 817 806 pugnatum
837 758 916 800 est,
933 748 1177 805 aufugerat,
1195 764 1328 804 quum
1348 750 1580 805 respiciens
1603 750 1723 792 videt

275 809 446 864 magnis
481 808 716 849 intervallis
753 814 1001 862 sequentes:
1041 807 1326 848 unum‘haud
1361 807 1510 863 procul
1543 808 1598 848 ab
1632 822 1722 849 sese

276 867 442 907 abesse.
473 865 517 906 in
549 879 647 906 eum
687 879 846 920 magno
877 864 1028 919 inpetu
1067 862 1231 905 rediite.
1283 863 1355 914 Et,
1386 863 1490 905 dum
1527 864 1724 906 Albanus

276 923 492 964 exercitus
524 922 730 963 inclamat
761 921 982 972 Curiatiis,
1013 920 1106 961 utid
1134 933 1263 976 opem
1294 921 1435 962 ferant
1468 920 1603 972 fratri,
1627 921 1724 976 jam

277 980 503 1030 Horatius,
537 994 651 1020 caeso
686 979 812 1020 hoste
850 979 1005 1029 victor,
1039 978 1271 1019 secundam
1307 992 1499 1034 pugnam
1532 979 1723 1034 petebat.

275 1047 370 1078 tum
391 1041 424 1064 ⁷⁹
438 1037 639 1087 clamore,
661 1036 798 1091 qualis
821 1050 875 1076 ex
899 1036 1114 1091 insperato
1144 1035 1385 1077 faventium
1415 1035 1537 1086 solet,
1562 1035 1726 1077 Roma-

275 1095 321 1136 ni
345 1094 553 1150 adjuvant
575 1093 756 1135 militem
775 1107 925 1136 suum:
957 1103 1001 1133 et
1023 1093 1093 1134 ille
1124 1091 1305 1148 defungi
1340 1092 1497 1148 proelio
1530 1092 1724 1134 festinat.

277 1151 405 1193 Prius
438 1152 583 1206 itaque
616 1165 746 1206 quam
780 1150 902 1203 alter,
935 1150 1009 1205 qui
1040 1164 1120 1190 nec
1154 1150 1305 1205 procul
1336 1151 1498 1202 aberat,
1516 1150 1723 1206 consequi

275 1218 438 1265 posset,
468 1217 512 1249 et
554 1208 732 1249 alterum
778 1207 1022 1249 Curiatium
1064 1207 1258 1248 conficit.
1318 1207 1520 1262 Jamque,
1552 1216 1724 1263 aequato

276 1266 441 1317 Marte,
462 1266 619 1321 singuli
652 1273 930 1322 supererant3
962 1264 1036 1306 sed
1069 1278 1149 1306 nec
1179 1278 1270 1319 spe,
1292 1278 1370 1306 nec
1392 1265 1554 1306 viribus
1586 1279 1725 1322 pares.

277 1323 474 1375 alterum,
497 1323 708 1364 intactum
738 1322 848 1364 ferro
880 1336 1038 1377 corpus
1073 1331 1117 1362 et
1149 1322 1369 1378 geminata
1390 1322 1588 1372 victoria,
1612 1322 1726 1363 fero—

277 1395 373 1422 cem
415 1381 459 1421 in
491 1390 709 1421 certamen
748 1380 925 1421 tertium
955 1379 1146 1421 dabant:
1189 1378 1312 1430 alter,
1342 1378 1502 1420 fessum
1534 1379 1724 1431 vulnere,

278 1437 439 1479 fessum
479 1451 604 1479 cursu
649 1437 821 1478 trahens
865 1451 1038 1492 coerS‚
1068 1436 1296 1492 victusque
1336 1434 1518 1477 fratrum
1550 1445 1650 1478 ante
1680 1450 1727 1477 se

277 1506 437 1552 strage,
460 1494 615 1536 victori
637 1494 844 1550 objicitur
864 1494 996 1535 hosti,
1018 1507 1098 1534 nec
1121 1493 1225 1534 illud
1247 1493 1450 1549 proelium
1475 1493 1573 1535 fuit.
1634 1492 1727 1535 Ro-

276 1567 430 1594 manus
462 1552 696 1602 exsultans,
722 1550 854 1602 Duos,
877 1552 1033 1607 inquit,
1043 1549 1238 1606 fratrum
1268 1548 1471 1591 Manibus
1498 1550 1615 1592 dedi.-
1645 1556 1727 1592 ter-

276 1611 380 1650 tium
400 1614 432 1635 so
447 1624 592 1650 cazas-sce
613 1609 707 1650 belli
728 1607 904 1664 hujusce,
923 1615 968 1649 ut
991 1607 1201 1650 Romanus
1220 1606 1386 1649 Albano
1406 1608 1585 1663 imperet,
1604 1606 1726 1650 dabo.

279 1667 400 1708 Male
432 1667 662 1708 sustinenti
684 1681 803 1707 arma
833 1665 1025 1722 gladium
1049 1679 1231 1722 superne
1255 1664 1416 1721 jugulo
1446 1665 1630 1721 defigit:
1656 1665 1728 1720 ja·

279 1733 448 1765 centem
471 1724 641 1780 spoliat.
703 1723 890 1765 Romani
915 1731 1093 1764 ovantes
1120 1738 1170 1765 ac
1192 1723 1458 1779 gratulantes
1490 1721 1727 1764 Horatium

278 1782 526 1838 accipiunt3
568 1795 619 1822 eo
650 1780 815 1836 majore
846 1795 947 1822 cum
982 1780 1158 1835 gaudio,
1180 1795 1267 1836 quo
1300 1794 1433 1836 prope
1463 1788 1627 1822 metum
1658 1793 1726 1821 res

276 1838 433 1881 fuerat.
493 1837 564 1879 Ad
608 1839 870 1894 sepulturam
907 1838 1007 1879 inde
1038 1852 1212 1879 suorum
1246 1852 1516 1893 nequaquam
1549 1837 1725 1892 paribus

278 1897 436 1937 animis
455 1904 704 1948 vertuntur3
736 1895 899 1951 quippe
924 1895 1106 1951 imperio
1129 1895 1251 1936 alteri
1283 1895 1415 1946 aucti,
1438 1894 1569 1936 alteri
1591 1893 1725 1936 ditio-

277 1954 346 1995 nis
367 1953 520 1995 alienae
543 1952 664 1994 facti.
725 1953 933 2009 Sepulcra
954 1961 1142 2004 exstant,
1158 1967 1245 2008 quo
1281 1952 1462 2008 quisque
1492 1951 1589 1994 loco
1612 1951 1727 1993 ceci—

278 2010 359 2052 dit.
390 2011 476 2052 duo
517 2009 718 2052 Romana
756 2025 842 2052 uno
884 2010 982 2052 loeo
1025 2011 1203 2066 propius
1232 2009 1408 2060 Albam,
1440 2009 1524 2050 tria
1552 2007 1726 2050 Albana

280 2067 469 2109 Romam
510 2081 684 2120 versus;
726 2067 801 2109 sed
838 2067 1044 2110 distantia
1084 2068 1207 2120 loeis,
1236 2073 1267 2096 ⁸¹
1291 2079 1335 2108 et
1371 2075 1449 2108 ut‘
1480 2076 1726 2123 pugnatum

279 2136 362 2166 est.

502 2215 516 2231 ⁸
539 2209 619 2240 redit
636 2209 732 2241 Gron.
748 2210 839 2241 Crev.
968 2208 983 2230 ¹¹
1006 2215 1042 2240 ut
1055 2209 1142 2241 Eaed.
1271 2214 1285 2230 ·
1305 2214 1342 2239 ut
1356 2214 1385 2239 et
1399 2209 1497 2240 Gron.

278 2299 333 2336 qui
357 2306 417 2337 per
431 2296 580 2328 foeminei
602 2306 699 2328 sexus
717 2306 875 2338 personas
898 2306 978 2327 con-

271 2344 479 2380 junguntur,
515 2351 581 2380 quo
621 2349 721 2371 sensu
761 2345 979 2381 opponuntur

1065 2299 1107 2331 79
1118 2298 1137 2318 *Ψ
1153 2294 1310 2334 Clamore,
1322 2298 1430 2337 qualis
1439 2306 1479 2327 ex
1492 2294 1726 2336 insperatofa·

1020 2341 1168 2371 ventilem.
1182 2339 1273 2380 solet]
1294 2341 1461 2379 Clamore,
1475 2339 1609 2379 qualem
1626 2339 1725 2370 edere

278 2385 422 2424 agnatis.
455 2385 509 2415 Sic
523 2385 651 2424 adoptio
664 2388 699 2414 et
713 2384 752 2415 de
769 2385 860 2415 omni
878 2385 978 2424 adop-

279 2429 379 2458 tionis
407 2437 528 2467 genere
550 2428 686 2467 dicitur,
707 2433 742 2459 et
763 2427 980 2468 peculiariter

278 2471 319 2501 de
343 2471 522 2511 adoptione
544 2481 662 2502 eorum
683 2473 741 2511 qui
762 2477 845 2503 sunt
866 2472 900 2502 in
920 2482 978 2512 po-

276 2519 402 2545 testate
422 2516 541 2554 pati-is,
555 2519 705 2555 tuncque
725 2515 910 2556 opponitur
920 2526 978 2546 ar-

278 2559 450 2597 rogulz'oni.
497 2559 622 2589 Eadem
646 2560 732 2590 ratio
745 2564 797 2590 est
809 2561 923 2598 gregis
943 2564 979 2590 et

277 2602 569 2640 ‹irruenti-*grex
598 2603 688 2633 enim
717 2609 769 2634 est
793 2602 979 2643 quorumli-

279 2645 336 2675 bet
364 2644 557 2676 animalium
586 2646 814 2686 congregatio,
841 2653 876 2677 et
904 2656 978 2687 spe·

278 2688 394 2718 ciatim
424 2689 464 2718 dc
495 2690 678 2720 minoribus
712 2690 894 2729 pecudibus
928 2691 978 2722 di-

277 2733 379 2769 citur,
406 2736 444 2761 ut
470 2732 598 2770 ovibus,
625 2734 752 2772 capris:
783 2744 849 2773 quo
876 2743 976 2765 sensu

278 2776 460 2816 opponitur
482 2781 643 2813 armento,
659 2778 747 2815 quod
769 2779 902 2818 majoris
925 2783 978 2811 est

278 2821 420 2859 peeoris,
436 2824 474 2849 ut
491 2820 603 2857 bourn,
619 2830 790 2858 equorum.

1021 2384 1133 2415 solent
1148 2384 1184 2421 ii,
1200 2386 1256 2424 qui
1273 2394 1364 2421 eum,
1380 2392 1482 2423 quem
1505 2383 1632 2413 victum
1649 2384 1724 2422 jam

1023 2427 1247 2466 crediderant,
1278 2438 1318 2458 ex
1350 2428 1520 2467 insperato
1550 2435 1725 2467 resurgere

1021 2471 1187 2510 videntes,
1204 2473 1276 2511 ejus
1298 2471 1368 2512 spei
1384 2471 1572 2502 renascenti
1595 2471 1724 2501 favent.

1023 2515 1182 2546 Intuetur
1198 2516 1310 2546 Livius
1325 2525 1364 2545 ea
1376 2524 1449 2554 quae
1466 2516 1499 2544 in
1514 2515 1636 2554 pugnis
1651 2513 1724 2554 gla-

1021 2559 1203 2597 diatorum,
1219 2561 1254 2589 in
1276 2558 1478 2599 spectaculis
1497 2557 1726 2598 Circensibus,

1022 2603 1172 2634 accidere
1187 2603 1349 2633 solebant,

1067 2650 1108 2678 80
1133 2645 1244 2678 Caum
1257 2647 1329 2677 belli
1345 2644 1494 2687 hujusce]
1521 2644 1725 2676 Emendatio

1023 2690 1200 2721 Gronov-ii:
1217 2699 1316 2729 quani
1336 2690 1472 2720 firmant
1487 2689 1554 2720 duo
1569 2699 1610 2720 ex
1626 2688 1724 2720 MSS.

1021 2733 1172 2765 Hem-nii.
1210 2734 1320 2764 Antea
1335 2743 1468 2765 causam
1483 2746 1492 2762 :
1510 2733 1646 2763 insulse.

1065 2781 1101 2809 81
1131 2777 1179 2808 Ec
1201 2782 1240 2808 ue
1259 2784 1449 2818 pugnatum
1465 2776 1528 2816 est]
1553 2777 1618 2807 Hic
1641 2773 1724 2806 ordo

1020 2822 1126 2861 tnagis
1151 2821 1292 2861 placuit,
1309 2831 1410 2862 quatu
1427 2821 1484 2862 qui
1501 2819 1600 2861 vulgo
1620 2819 1725 2851 habe·
