1925 3239
589 87 714 132 ΜΒ.
744 94 816 133 ix.
849 95 985 133 CAP.
1012 93 1118 132 XVI.
1491 101 1566 137 515

147 194 397 249 obpressum
432 202 517 246 est,'
531 202 574 236 et
603 196 657 237 ab
692 196 794 236 urbe
816 194 940 250 plena
967 193 1152 235 hostium
1177 191 1337 234 clamor
1359 195 1574 248 sublatus;

147 261 451 306 momentoque
474 253 596 293 unius
619 253 734 293 horae
760 266 894 292 caesus
917 251 1121 299 Samnis:
1144 250 1389 291 Satricanus
1410 262 1574 307 captus,

144 316 188 347 et
205 309 350 349 omnia
369 310 408 348 iu
433 318 640 364 potestate
658 309 843 350 consulis
864 317 997 349 erant.
1042 307 1145 356 Qui,
1159 308 1396 361 quaestione
1412 308 1574 360 habita,

145 378 325 417 quorum
361 379 491 419 opera
522 365 707 406 defectio
745 375 855 406 esset
887 365 1014 414 facta,
1035 378 1143 425 quos
1172 373 1314 404 sontes
1349 366 1574 419 comperit,

145 421 277 476 virgis
300 435 433 462 caesos
467 422 601 462 securi
632 422 861 477 percussit:
906 421 1186 477 praesidioque
1207 420 1348 462 valido
1373 423 1574 476 inposito,

143 491 262 517 arma
302 478 531 519 Satricanis
571 479 743 519 ademit.
804 478 910 519 Inde
949 478 1000 518 ad
1041 476 1306 531 triumphum
1347 477 1576 519 decessisse

147 532 332 574 Romam
366 534 583 591 Papirium
617 535 844 576 Cursorem
878 535 1082 583 scribunt,
1112 534 1184 588 qui
1215 548 1266 573 eo
1295 533 1403 574 duce
1437 534 1574 575 Luce-

145 590 251 630 riam
289 602 518 647 receptam,
552 593 848 647 Samnitesque
884 592 961 632 sub
992 590 1147 645 jugum
1189 591 1338 630 missos
1380 602 1574 632 auctores

146 655 258 687 sunt.
320 647 375 688 Et
397 648 477 689 fuit
499 649 562 689 vit·
578 649 689 689 haud
706 650 835 689 dubie
852 649 1006 704 dignus
1031 648 1146 688 omui
1166 646 1315 687 bellica
1336 645 1474 698 laude,
1490 663 1571 689 non

145 703 276 744 animi
308 705 442 746 solum
477 705 638 761 vigore,
663 707 734 746 sed
771 706 899 746 etiam
932 706 1123 758 corporis
1156 704 1316 744 viribus
1347 704 1573 746 excellens.

147 759 373 816 Praecipua
397 762 551 817 pedum
586 762 813 818 pernicitas
844 763 995 812 inerat,
1018 764 1156 815 ⁵⁵quae
1180 774 1418 815 cognomen
1444 763 1574 804 etiam

146 816 285 858 dedit:
321 818 609 873 victoremque
629 834 752 859 cursu
772 819 964 859 omnium
984 818 1122 858 aetatis
1145 831 1231 857 suae
1257 818 1385 857 fuisse
1407 817 1572 861 ferunt:

146 883 189 913 et
203 888 274 914 seu
298 879 329 902 ⁵⁶
342 875 495 916 virium
514 876 570 925 vi,
588 890 660 916 seu
678 875 986 917 exercitatione
1005 874 1151 923 multa,
1165 873 1251 914 cibi
1269 875 1440 929 vinique
1455 889 1574 916 eum-

145 930 240 970 dem
282 932 628 986 capacissimum:
680 947 757 974 nec
793 947 891 974 cum
924 932 1010 972 ullo
1039 931 1297 986 asperiorem
1329 931 1448 985 (quia
1482 932 1574 988 ipse

145 986 295 1027 invicti
319 987 370 1028 ad
400 988 584 1029 laborem
609 989 799 1045 corporis
827 991 954 1038 esset)
977 988 1105 1028 fuisse
1124 986 1318 1028 militiam
1345 988 1476 1043 pediti
1500 1004 1574 1045 pa-

145 1043 248 1084 riter
278 1045 511 1100 equitique.
572 1045 748 1100 Equites
780 1046 907 1086 etiam
939 1045 1167 1101 aliquando
1199 1059 1322 1085 ausos
1353 1046 1407 1085 ab
1429 1059 1479 1085 eo
1501 1060 1575 1100 pe-

146 1108 249 1151 tere,
271 1110 318 1141 ut
340 1102 420 1142 sibi
446 1117 520 1158 pro
544 1117 587 1143 re
619 1104 725 1143 bene
755 1110 874 1158 gesta
894 1102 1057 1142 laxaret
1078 1101 1237 1156 aliquid
1268 1100 1446 1143 laboris:
1479 1103 1575 1157 qui-

147 1155 227 1197 bus
256 1156 340 1209 ille,
363 1156 428 1199 Ne
448 1158 554 1199 nihil
573 1159 778 1200 remissum
809 1159 973 1209 dicatis,
995 1158 1169 1209 remitto,
1194 1159 1347 1212 inquit,
1368 1172 1416 1198 ue
1435 1159 1576 1215 utique

146 1213 308 1254 dorsum
327 1214 597 1267 demulceatis,
619 1230 742 1271 quum
771 1231 817 1257 ex
846 1215 956 1271 equis
985 1214 1235 1256 descendetis.
1265 1223 1309 1255 et
1339 1215 1401 1255 vis
1423 1225 1512 1255 erat
1531 1216 1577 1257 in

145 1284 197 1310 eo
222 1270 311 1311 viro
335 1273 501 1327 imperii
524 1273 672 1328 ingens
696 1273 851 1328 pariter
874 1275 916 1313 in
947 1273 1084 1312 socios
1108 1270 1318 1327 civesque.
1383 1270 1576 1313 Praenes—

146 1327 260 1367 tinus
284 1338 441 1383 praetor
463 1343 535 1384 per
559 1330 753 1370 timorem
776 1330 947 1385 segnius
976 1343 1030 1369 ex
1054 1329 1252 1369 subsidiis
1275 1342 1372 1368 suos
1394 1328 1576 1369 duxerat

145 1382 190 1423 in
212 1385 391 1438 primam
415 1386 564 1427 aciem.
595 1401 721 1441 quem
753 1401 884 1441 quum
910 1385 1174 1426 inambulans
1197 1395 1296 1425 ante
1323 1385 1576 1426 tabernacu-

146 1440 234 1480 lum
269 1442 411 1482 vocari
444 1442 656 1496 jussisset,
679 1443 869 1484 lictorem
902 1442 1104 1497 expedire
1137 1442 1317 1482 securim
1343 1440 1489 1495 jussit.
1520 1442 1574 1483 ad

145 1511 273 1551 quam
310 1513 459 1539 vocem
494 1500 682 1541 exanimi
715 1509 854 1541 stante
893 1498 1172 1548 Praenestino,
1206 1497 1408 1554 Agedum,
1440 1497 1574 1549 lictor,

145 1553 280 1594 excide
299 1555 472 1596 radicem
491 1555 607 1607 lianc,
631 1557 784 1612 inquit,
805 1554 1092 1597 incommodam
1129 1555 1449 1595 ambulantibus:
1482 1569 1577 1609 per-

145 1609 374 1665 fusumque
398 1612 533 1653 ultimi
557 1613 753 1669 supplicii
777 1623 908 1664 metu,
933 1612 1066 1653 multa
1087 1612 1213 1662 dicta,
1237 1611 1416 1652 dimisit.
1445 1610 1578 1652 Haud

146 1666 277 1707 dubie
299 1668 369 1709 illa
390 1678 530 1719 aetate,
546 1684 631 1724 qua
653 1671 768 1711 nulla
790 1670 994 1710 virtutum
1014 1668 1193 1709 feracior
1215 1668 1309 1718 fuit,
1323 1682 1449 1708 nemo
1468 1682 1577 1708 unus

146 1733 237 1763 erat
260 1725 336 1776 vir,
357 1740 443 1780 quo
474 1727 611 1782 magis
642 1727 781 1767 innisa
810 1741 873 1767 res
908 1726 1103 1766 Romana
1133 1735 1276 1765 staret.
1309 1725 1455 1779 ⁵⁷quin
1479 1738 1574 1764 eum

144 1793 290 1834 parem
323 1782 540 1823 destinant
562 1784 713 1824 animis
737 1783 903 1839 Magno
925 1782 1170 1823 Alexandro
1200 1781 1366 1832 ducem,
1388 1781 1423 1821 si
1445 1795 1577 1832 arma,

144 1836 250 1877 Asia
272 1838 522 1893 perdomita,
545 1841 588 1881 in
614 1839 830 1897 Europam
856 1840 1060 1881 vertisset.

623 1931 635 1946 ¹·
655 1926 780 1955 Samnis
793 1935 889 1955 coesur
902 1925 998 1955 Gron.
1014 1925 1102 1955 Crev.

142 1994 275 2024 horum.
319 1990 409 2025 Libri
437 1994 638 2026 Gronoviani
669 1999 703 2026 et
735 1995 840 2025 nostri

141 2037 230 2066 clam
251 2041 340 2067 nocte
354 2050 363 2068 :
385 2039 473 2077 quod
495 2044 586 2069 certo
599 2040 758 2069 uitiosum
776 2045 840 2075 est,

144 2089 248 2118 quum
263 2083 468 2120 praeeesserit
482 2083 594 2113 eadem
610 2087 708 2112 nocte.
746 2081 841 2112 Nihil

144 2122 264 2154 melius
280 2133 380 2162 quam
397 2125 532 2164 vulgata
554 2125 667 2163 lectio,
683 2127 709 2155 si
734 2134 794 2155 sua
809 2126 839 2154 ei

147 2176 188 2195 ex
205 2167 336 2206 scriptis
351 2175 482 2198 constet
501 2169 692 2199 auctoritas.

188 2212 227 2239 55
251 2210 336 2250 Quoe
347 2220 517 2249 cognomen
532 2214 630 2242 eciam
646 2210 746 2250 dedit]
775 2211 839 2241 Hie

146 2252 195 2282 ita
221 2252 369 2291 loquitur
392 2254 526 2291 Livins‚⁴
541 2256 633 2293 quasi
655 2263 840 2294 cognomen

145 2296 297 2327 Cursor-is
321 2296 400 2326 huic
429 2299 572 2336 primuni
601 2297 729 2337 Papirio
753 2298 839 2328 indi-

144 2344 219 2369 tum
234 2344 332 2369 esset.
377 2340 451 2379 Ipse
473 2345 587 2371 tamen
613 2340 634 2370 1.
658 2340 715 2371 Vl.
742 2351 769 2370 c.
791 2344 838 2371 11.

144 2381 183 2412 L.
209 2382 377 2422 Papirium
396 2384 570 2414 Cursorem
588 2384 760 2414 tribunum
779 2385 839 2413 mi·

141 2424 243 2455 litum
261 2425 373 2463 habet,
386 2436 484 2465 quem
501 2433 535 2457 et
551 2431 649 2457 antea
662 2427 836 2457 tribunum

141 2469 244 2498 fuisse
269 2469 416 2500 militum
440 2478 606 2501 memorat
627 2470 774 2507 ejusdem
800 2469 837 2499 li-

142 2511 194 2541 bri
221 2522 249 2541 c.
274 2516 304 2543 5.
330 2520 364 2543 et
390 2522 560 2544 censorem
584 2523 623 2543 eo
638 2513 757 2549 lustro,
774 2522 838 2551 quo

145 2554 223 2584 urbs
250 2561 346 2595 capta
363 2562 426 2592 est,
444 2557 529 2587 infra
546 2567 574 2586 e.
592 2559 644 2586 34.
681 2556 771 2586 Prior
786 2555 839 2586 ille

143 2597 294 2637 Papirius
326 2599 448 2629 Cursor
481 2600 581 2638 hujus
621 2600 725 2629 nostri
762 2607 840 2629 avus

146 2640 247 2671 fuisse
264 2642 405 2672 videtur.

190 2684 231 2714 56
256 2684 385 2715 Virium
409 2684 457 2724 vi]
482 2686 603 2716 Parum
621 2685 746 2716 usitata
763 2693 842 2714 sane

150 2725 288 2764 locutio,
305 2734 340 2758 et
363 2731 456 2768 cujus
482 2728 571 2759 haud
594 2726 690 2758 facite
706 2728 843 2758 fortasse

151 2769 240 2799 aliud
253 2771 443 2811 exemplum
461 2774 615 2812 reperias,
648 2772 783 2802 Dicitur
796 2778 847 2800 ta-

151 2821 244 2850 men,
269 2823 335 2844 non
366 2815 509 2845 absimili
539 2816 648 2855 figura
677 2813 846 2853 loquendi,

883 1995 982 2025 ‘robur
997 1995 1128 2023 virium.

928 2040 964 2071 57
991 2037 1084 2078 Quin
1106 2045 1179 2066 enm
1190 2044 1307 2076 parem
1328 2034 1491 2065 destinant
1505 2036 1576 2064 ani-

883 2080 958 2120 mis]
983 2080 1126 2120 Quidam
1144 2079 1223 2109 editi
1240 2078 1406 2108 habebant
1420 2077 1576 2107 mendose

883 2124 1107 2154 destinarant.-
1137 2122 1223 2162 quod
1248 2120 1502 2160 intelligendum
1527 2121 1576 2149 sn-

884 2167 963 2197 isset
989 2167 1029 2196 de
1057 2165 1214 2196 Romanis
1231 2164 1295 2194 illis
1313 2165 1368 2203 qui
1392 2168 1465 2193 tum
1489 2164 1577 2192 vive-

883 2211 977 2246 bant,
994 2210 1112 2248 quibus
1136 2215 1249 2239 tamen
1274 2217 1314 2237 ne
1330 2208 1419 2236 fama
1441 2206 1576 2245 quidem

882 2249 1104 2283 Alexandrum
1133 2252 1302 2290 cognitum
1326 2250 1426 2280 fuisse
1442 2259 1476 2279 se
1492 2250 1577 2278 arbi-

881 2297 963 2326 trari
989 2296 1073 2326 dicit.
1097 2295 1209 2325 Livius
1237 2293 1322 2323 infra
1349 2303 1378 2322 c.
1407 2295 1455 2323 18.
1488 2293 1577 2325 Hinc

882 2349 996 2369 ansam
1021 2338 1160 2377 arripuit
1186 2338 1301 2367 Petrus
1326 2336 1431 2374 Bayze
1455 2336 1488 2365 in
1510 2336 1578 2365 dic-

881 2383 1024 2413 tionario
1041 2392 1113 2416 suo,
1126 2381 1180 2410 ubi
1197 2380 1236 2410 de
1251 2379 1436 2409 Alexandro
1452 2377 1577 2417 Magno

881 2427 966 2465 agit,
983 2431 1062 2455 nota
1082 2423 1120 2461 O,
1139 2423 1330 2462 increpandi
1348 2421 1445 2461 paulo
1463 2420 1577 2450 durius

881 2468 978 2499 Livii.
1023 2468 1086 2497 Sed
1110 2476 1186 2496 vera
1202 2466 1301 2505 hujus
1318 2465 1382 2494 loci
1398 2465 1497 2494 lectio
1514 2471 1578 2500 est,

882 2513 1057 2547 destinant,
1095 2519 1194 2549 quam
1231 2508 1413 2548 praeferunt
1451 2513 1577 2537 veteres

883 2555 963 2585 editi
977 2553 1228 2592 011111es,scripti
1245 2552 1362 2587 nostri,
1378 2551 1577 2590 plurimique

885 2608 902 2627 e
920 2597 1147 2627 Gronovianis.
1185 2596 1307 2625 Sensus
1324 2599 1391 2624 est:
1419 2594 1473 2624 ubi
1490 2602 1579 2632 quae-

886 2642 973 2671 ritur
999 2640 1108 2676 hodie,
1125 2648 1166 2668 an
1191 2637 1335 2677 aliquem
1353 2636 1492 2667 Romani
1519 2635 1579 2665 du-

888 2694 958 2714 cem
972 2692 1136 2722 opponere
1152 2683 1338 2721 potuissent
1355 2689 1466 2718 parem
1482 2678 1579 2708 Alex-

887 2727 1002 2763 andro,
1019 2726 1216 2762 destinatur,
1233 2724 1423 2754 nominatur
1451 2722 1580 2762 potissi-

893 2779 983 2800 mum
1002 2769 1147 2808 Papirius
1166 2765 1295 2798 Cursor,

919 2852 1024 2895 Life

1588 201 1629 232 U.
1648 201 1684 232 C.
1700 203 1775 233 4:35.

1587 246 1625 276 Α.
1643 244 1681 276 C.
1698 247 1774 279 317.

1586 652 1700 691 Papirii
1709 653 1786 681 Cur-

1586 696 1786 726 sorislaudes.
