<?xml version="1.0" encoding="UTF-8"?>
<!DOCTYPE html PUBLIC "-//W3C//DTD XHTML 1.0 Transitional//EN"
    "http://www.w3.org/TR/xhtml1/DTD/xhtml1-transitional.dtd">
<html xmlns="http://www.w3.org/1999/xhtml" xml:lang="en" lang="en">
 <head>
  <title>
</title>
<meta http-equiv="Content-Type" content="text/html;charset=utf-8" />
  <meta name='ocr-system' content='tesseract 3.04.00' />
  <meta name='ocr-capabilities' content='ocr_page ocr_carea ocr_par ocr_line ocrx_word'/>
</head>
<body>
  <div class='ocr_page' id='page_1' title='image "./historiarumaburb01livyuoft_0074.png"; bbox 0 0 1991 3250; ppageno 0'>
   <div class='ocr_carea' id='block_1_1' title="bbox 0 3083 7 3138">
    <p class='ocr_par' dir='ltr' id='par_1_1' title="bbox 0 3083 7 3138">
     <span class='ocr_line' id='line_1_1' title="bbox 0 3083 7 3138; textangle 90"><span class='ocrx_word' id='word_1_1' title='bbox 0 3083 7 3138; x_wconf 60' lang='lat' dir='ltr'>..a-¹</span> 
     </span>
    </p>
   </div>
   <div class='ocr_carea' id='block_1_2' title="bbox 146 914 336 1076">
    <p class='ocr_par' dir='ltr' id='par_1_2' title="bbox 146 914 336 1076">
     <span class='ocr_line' id='line_1_2' title="bbox 147 914 331 945; baseline -0.011 -1"><span class='ocrx_word' id='word_1_2' title='bbox 147 914 331 945; x_wconf 83' lang='lat' dir='ltr'>Communia</span> 
     </span>
     <span class='ocr_line' id='line_1_3' title="bbox 147 959 336 988; baseline -0.005 0"><span class='ocrx_word' id='word_1_3' title='bbox 147 968 232 988; x_wconf 79' lang='lat' dir='ltr'>sacra</span> <span class='ocrx_word' id='word_1_4' title='bbox 247 959 336 988; x_wconf 84' lang='lat' dir='ltr'>Rom.</span> 
     </span>
     <span class='ocr_line' id='line_1_4' title="bbox 146 1002 322 1032; baseline 0.006 -2"><span class='ocrx_word' id='word_1_5' title='bbox 146 1009 178 1030; x_wconf 86' lang='lat' dir='ltr'>et</span> <span class='ocrx_word' id='word_1_6' title='bbox 194 1002 322 1032; x_wconf 84' lang='lat' dir='ltr'>Latino-</span> 
     </span>
     <span class='ocr_line' id='line_1_5' title="bbox 146 1054 225 1076; baseline 0.025 -2"><span class='ocrx_word' id='word_1_7' title='bbox 146 1054 225 1076; x_wconf 75' lang='lat' dir='ltr'>rum.</span> 
     </span>
    </p>
   </div>
   <div class='ocr_carea' id='block_1_3' title="bbox 352 98 1809 1681">
    <p class='ocr_par' dir='ltr' id='par_1_3' title="bbox 363 98 1285 139">
     <span class='ocr_line' id='line_1_6' title="bbox 363 98 1285 139; baseline 0.002 -3"><span class='ocrx_word' id='word_1_8' title='bbox 363 100 415 137; x_wconf 73' lang='lat'>62</span> <span class='ocrx_word' id='word_1_9' title='bbox 936 98 1079 137; x_wconf 87' lang='lat' dir='ltr'>TITI</span> <span class='ocrx_word' id='word_1_10' title='bbox 1114 99 1285 139; x_wconf 82' lang='lat' dir='ltr'>LIVII</span> 
     </span>
    </p>

    <p class='ocr_par' dir='ltr' id='par_1_4' title="bbox 352 201 1802 888">
     <span class='ocr_line' id='line_1_7' title="bbox 358 201 1796 260; baseline 0.004 -17"><span class='ocrx_word' id='word_1_11' title='bbox 358 202 622 258; x_wconf 84' lang='lat' dir='ltr'>pomoerium</span> <span class='ocrx_word' id='word_1_12' title='bbox 654 201 832 260; x_wconf 81' lang='lat' dir='ltr'><strong>profert.</strong></span> <span class='ocrx_word' id='word_1_13' title='bbox 891 203 1179 258; x_wconf 87' lang='lat' dir='ltr'>Pomoerium,</span> <span class='ocrx_word' id='word_1_14' title='bbox 1201 203 1320 247; x_wconf 87' lang='lat' dir='ltr'>verbi</span> <span class='ocrx_word' id='word_1_15' title='bbox 1349 203 1435 246; x_wconf 90' lang='lat' dir='ltr'>vim</span> <span class='ocrx_word' id='word_1_16' title='bbox 1462 203 1594 247; x_wconf 85' lang='lat' dir='ltr'>solam</span> <span class='ocrx_word' id='word_1_17' title='bbox 1625 205 1796 249; x_wconf 85' lang='lat' dir='ltr'>intuen-</span> 
     </span>
     <span class='ocr_line' id='line_1_8' title="bbox 359 261 1797 321; baseline 0.004 -21"><span class='ocrx_word' id='word_1_18' title='bbox 359 269 438 310; x_wconf 86' lang='lat' dir='ltr'>tes,</span> <span class='ocrx_word' id='word_1_19' title='bbox 467 262 500 287; x_wconf 81' lang='lat'>³⁹</span> <span class='ocrx_word' id='word_1_20' title='bbox 518 261 821 316; x_wconf 81' lang='lat' dir='ltr'>postmoerium</span> <span class='ocrx_word' id='word_1_21' title='bbox 851 261 1186 319; x_wconf 84' lang='lat' dir='ltr'><strong>interpretantur</strong></span> <span class='ocrx_word' id='word_1_22' title='bbox 1215 276 1321 304; x_wconf 91' lang='lat' dir='ltr'>esse.</span> <span class='ocrx_word' id='word_1_23' title='bbox 1383 261 1460 302; x_wconf 87' lang='lat' dir='ltr'>Est</span> <span class='ocrx_word' id='word_1_24' title='bbox 1489 273 1631 304; x_wconf 87' lang='lat' dir='ltr'>autem</span> <span class='ocrx_word' id='word_1_25' title='bbox 1657 265 1797 321; x_wconf 83' lang='lat' dir='ltr'>magis</span> 
     </span>
     <span class='ocr_line' id='line_1_9' title="bbox 357 316 1797 376; baseline 0.005 -19"><span class='ocrx_word' id='word_1_26' title='bbox 357 316 475 358; x_wconf 89' lang='lat' dir='ltr'>circa</span> <span class='ocrx_word' id='word_1_27' title='bbox 507 331 678 358; x_wconf 87' lang='lat' dir='ltr'>murum</span> <span class='ocrx_word' id='word_1_28' title='bbox 711 318 844 370; x_wconf 86' lang='lat' dir='ltr'>locus,</span> <span class='ocrx_word' id='word_1_29' title='bbox 868 334 995 374; x_wconf 90' lang='lat' dir='ltr'>quem</span> <span class='ocrx_word' id='word_1_30' title='bbox 1029 320 1070 360; x_wconf 92' lang='lat' dir='ltr'>in</span> <span class='ocrx_word' id='word_1_31' title='bbox 1101 320 1335 361; x_wconf 85' lang='lat' dir='ltr'>condendis</span> <span class='ocrx_word' id='word_1_32' title='bbox 1368 319 1548 371; x_wconf 75' lang='lat' dir='ltr'>urbibus</span> <span class='ocrx_word' id='word_1_33' title='bbox 1579 323 1797 376; x_wconf 86' lang='lat' dir='ltr'>quondam</span> 
     </span>
     <span class='ocr_line' id='line_1_10' title="bbox 360 372 1798 430; baseline 0.004 -17"><span class='ocrx_word' id='word_1_34' title='bbox 360 372 548 425; x_wconf 83' lang='lat' dir='ltr'><strong>Etrusci,</strong></span> <span class='ocrx_word' id='word_1_35' title='bbox 581 389 668 430; x_wconf 90' lang='lat' dir='ltr'>qua</span> <span class='ocrx_word' id='word_1_36' title='bbox 704 389 872 417; x_wconf 89' lang='lat' dir='ltr'>murum</span> <span class='ocrx_word' id='word_1_37' title='bbox 909 377 1080 418; x_wconf 89' lang='lat' dir='ltr'>ducturi</span> <span class='ocrx_word' id='word_1_38' title='bbox 1120 386 1255 428; x_wconf 86' lang='lat' dir='ltr'>erant,</span> <span class='ocrx_word' id='word_1_39' title='bbox 1289 376 1416 418; x_wconf 90' lang='lat' dir='ltr'>certis</span> <span class='ocrx_word' id='word_1_40' title='bbox 1451 376 1568 418; x_wconf 87' lang='lat' dir='ltr'>circa</span> <span class='ocrx_word' id='word_1_41' title='bbox 1605 379 1798 419; x_wconf 89' lang='lat' dir='ltr'>terminis</span> 
     </span>
     <span class='ocr_line' id='line_1_11' title="bbox 358 430 1801 488; baseline 0.005 -18"><span class='ocrx_word' id='word_1_42' title='bbox 358 430 618 485; x_wconf 82' lang='lat' dir='ltr'>inaugurato</span> <span class='ocrx_word' id='word_1_43' title='bbox 645 433 982 475; x_wconf 81' lang='lat' dir='ltr'>consecrabant:</span> <span class='ocrx_word' id='word_1_44' title='bbox 1014 444 1062 474; x_wconf 88' lang='lat' dir='ltr'>ut</span> <span class='ocrx_word' id='word_1_45' title='bbox 1089 447 1228 488; x_wconf 88' lang='lat' dir='ltr'>neque</span> <span class='ocrx_word' id='word_1_46' title='bbox 1251 434 1451 474; x_wconf 88' lang='lat' dir='ltr'>interiore</span> <span class='ocrx_word' id='word_1_47' title='bbox 1472 442 1593 488; x_wconf 87' lang='lat' dir='ltr'>parte</span> <span class='ocrx_word' id='word_1_48' title='bbox 1616 435 1801 477; x_wconf 72' lang='lat' dir='ltr'>aedificia</span> 
     </span>
     <span class='ocr_line' id='line_1_12' title="bbox 357 488 1802 546; baseline 0.006 -19"><span class='ocrx_word' id='word_1_49' title='bbox 357 488 625 530; x_wconf 80' lang='lat' dir='ltr'>⁴0moenibus</span> <span class='ocrx_word' id='word_1_50' title='bbox 655 490 1022 541; x_wconf 82' lang='lat' dir='ltr'>continuarentur,</span> <span class='ocrx_word' id='word_1_51' title='bbox 1053 505 1150 546; x_wconf 85' lang='lat' dir='ltr'>quae</span> <span class='ocrx_word' id='word_1_52' title='bbox 1182 505 1296 532; x_wconf 91' lang='lat' dir='ltr'>nunc</span> <span class='ocrx_word' id='word_1_53' title='bbox 1329 489 1457 546; x_wconf 80' lang='lat' dir='ltr'>vulgo</span> <span class='ocrx_word' id='word_1_54' title='bbox 1488 490 1615 531; x_wconf 85' lang='lat' dir='ltr'>etiam</span> <span class='ocrx_word' id='word_1_55' title='bbox 1649 493 1802 534; x_wconf 75' lang='lat' dir='ltr'>⁴¹con·</span> 
     </span>
     <span class='ocr_line' id='line_1_13' title="bbox 352 543 1801 604; baseline 0.003 -19"><span class='ocrx_word' id='word_1_56' title='bbox 352 543 571 600; x_wconf 82' lang='lat' dir='ltr'>jungunt3</span> <span class='ocrx_word' id='word_1_57' title='bbox 601 557 645 587; x_wconf 92' lang='lat' dir='ltr'>et</span> <span class='ocrx_word' id='word_1_58' title='bbox 675 546 942 587; x_wconf 87' lang='lat' dir='ltr'>extrinsecus</span> <span class='ocrx_word' id='word_1_59' title='bbox 974 547 1067 603; x_wconf 90' lang='lat' dir='ltr'>puri</span> <span class='ocrx_word' id='word_1_60' title='bbox 1099 547 1258 602; x_wconf 89' lang='lat' dir='ltr'>aliquid</span> <span class='ocrx_word' id='word_1_61' title='bbox 1287 548 1342 588; x_wconf 88' lang='lat' dir='ltr'>ab</span> <span class='ocrx_word' id='word_1_62' title='bbox 1365 547 1553 588; x_wconf 89' lang='lat' dir='ltr'>humano</span> <span class='ocrx_word' id='word_1_63' title='bbox 1584 546 1699 588; x_wconf 90' lang='lat' dir='ltr'>cultu</span> <span class='ocrx_word' id='word_1_64' title='bbox 1728 563 1801 604; x_wconf 90' lang='lat' dir='ltr'>pa-</span> 
     </span>
     <span class='ocr_line' id='line_1_14' title="bbox 359 602 1802 660; baseline 0.003 -19"><span class='ocrx_word' id='word_1_65' title='bbox 359 609 466 642; x_wconf 86' lang='lat' dir='ltr'>teret</span> <span class='ocrx_word' id='word_1_66' title='bbox 489 602 582 643; x_wconf 89' lang='lat' dir='ltr'>soli.</span> <span class='ocrx_word' id='word_1_67' title='bbox 645 602 747 644; x_wconf 90' lang='lat' dir='ltr'>Hoc</span> <span class='ocrx_word' id='word_1_68' title='bbox 779 603 981 658; x_wconf 86' lang='lat' dir='ltr'>spatium,</span> <span class='ocrx_word' id='word_1_69' title='bbox 1003 604 1118 660; x_wconf 89' lang='lat' dir='ltr'>quod</span> <span class='ocrx_word' id='word_1_70' title='bbox 1146 618 1284 660; x_wconf 88' lang='lat' dir='ltr'>neque</span> <span class='ocrx_word' id='word_1_71' title='bbox 1308 604 1509 656; x_wconf 85' lang='lat' dir='ltr'>habitari,</span> <span class='ocrx_word' id='word_1_72' title='bbox 1533 618 1671 660; x_wconf 89' lang='lat' dir='ltr'>neque</span> <span class='ocrx_word' id='word_1_73' title='bbox 1692 606 1802 647; x_wconf 80' lang='lat' dir='ltr'>arari</span> 
     </span>
     <span class='ocr_line' id='line_1_15' title="bbox 359 657 1800 716; baseline 0.003 -18"><span class='ocrx_word' id='word_1_74' title='bbox 359 657 423 699; x_wconf 82' lang='lat' dir='ltr'>fas</span> <span class='ocrx_word' id='word_1_75' title='bbox 459 670 563 709; x_wconf 85' lang='lat' dir='ltr'>erat,</span> <span class='ocrx_word' id='word_1_76' title='bbox 597 673 683 700; x_wconf 90' lang='lat' dir='ltr'>non</span> <span class='ocrx_word' id='word_1_77' title='bbox 709 660 845 716; x_wconf 82' lang='lat' dir='ltr'>magis</span> <span class='ocrx_word' id='word_1_78' title='bbox 879 661 996 715; x_wconf 87' lang='lat' dir='ltr'>quod</span> <span class='ocrx_word' id='word_1_79' title='bbox 1035 670 1134 716; x_wconf 90' lang='lat' dir='ltr'>post</span> <span class='ocrx_word' id='word_1_80' title='bbox 1166 675 1335 702; x_wconf 90' lang='lat' dir='ltr'>murum</span> <span class='ocrx_word' id='word_1_81' title='bbox 1370 671 1494 713; x_wconf 84' lang='lat' dir='ltr'>esset,</span> <span class='ocrx_word' id='word_1_82' title='bbox 1522 676 1650 716; x_wconf 88' lang='lat' dir='ltr'>quam</span> <span class='ocrx_word' id='word_1_83' title='bbox 1683 662 1800 716; x_wconf 91' lang='lat' dir='ltr'>quod</span> 
     </span>
     <span class='ocr_line' id='line_1_16' title="bbox 357 716 1800 774; baseline 0.003 -18"><span class='ocrx_word' id='word_1_84' title='bbox 357 729 505 756; x_wconf 88' lang='lat' dir='ltr'>murus</span> <span class='ocrx_word' id='word_1_85' title='bbox 526 724 624 770; x_wconf 89' lang='lat' dir='ltr'>post</span> <span class='ocrx_word' id='word_1_86' title='bbox 647 716 706 768; x_wconf 89' lang='lat' dir='ltr'>id,</span> <span class='ocrx_word' id='word_1_87' title='bbox 728 717 992 772; x_wconf 86' lang='lat' dir='ltr'>pomoerium</span> <span class='ocrx_word' id='word_1_88' title='bbox 1017 717 1203 759; x_wconf 87' lang='lat' dir='ltr'>Romani</span> <span class='ocrx_word' id='word_1_89' title='bbox 1227 717 1509 774; x_wconf 88' lang='lat' dir='ltr'>adpellarunt.</span> <span class='ocrx_word' id='word_1_90' title='bbox 1542 727 1585 758; x_wconf 88' lang='lat' dir='ltr'>et</span> <span class='ocrx_word' id='word_1_91' title='bbox 1615 719 1659 759; x_wconf 91' lang='lat' dir='ltr'>in</span> <span class='ocrx_word' id='word_1_92' title='bbox 1683 719 1800 760; x_wconf 85' lang='lat' dir='ltr'>urbis</span> 
     </span>
     <span class='ocr_line' id='line_1_17' title="bbox 358 771 1800 830; baseline 0.003 -18"><span class='ocrx_word' id='word_1_93' title='bbox 358 771 626 814; x_wconf 88' lang='lat' dir='ltr'>incremento</span> <span class='ocrx_word' id='word_1_94' title='bbox 658 787 840 830; x_wconf 84' lang='lat' dir='ltr'>semper,</span> <span class='ocrx_word' id='word_1_95' title='bbox 862 783 1069 829; x_wconf 88' lang='lat' dir='ltr'>quantum</span> <span class='ocrx_word' id='word_1_96' title='bbox 1093 775 1256 816; x_wconf 84' lang='lat' dir='ltr'>moenia</span> <span class='ocrx_word' id='word_1_97' title='bbox 1279 789 1529 830; x_wconf 87' lang='lat' dir='ltr'>processura</span> <span class='ocrx_word' id='word_1_98' title='bbox 1547 785 1682 827; x_wconf 89' lang='lat' dir='ltr'>erant,</span> <span class='ocrx_word' id='word_1_99' title='bbox 1706 787 1800 817; x_wconf 88' lang='lat' dir='ltr'>tan-</span> 
     </span>
     <span class='ocr_line' id='line_1_18' title="bbox 360 829 1348 888; baseline 0.004 -20"><span class='ocrx_word' id='word_1_100' title='bbox 360 838 450 869; x_wconf 91' lang='lat' dir='ltr'>tum</span> <span class='ocrx_word' id='word_1_101' title='bbox 475 829 646 871; x_wconf 85' lang='lat' dir='ltr'>termini</span> <span class='ocrx_word' id='word_1_102' title='bbox 669 829 715 872; x_wconf 88' lang='lat' dir='ltr'>hi</span> <span class='ocrx_word' id='word_1_103' title='bbox 743 831 980 872; x_wconf 88' lang='lat' dir='ltr'>consecrati</span> <span class='ocrx_word' id='word_1_104' title='bbox 1008 831 1348 888; x_wconf 76' lang='lat' dir='ltr'>proferebantur.</span> 
     </span>
    </p>

    <p class='ocr_par' dir='ltr' id='par_1_5' title="bbox 362 884 1809 1681">
     <span class='ocr_line' id='line_1_19' title="bbox 419 884 1801 944; baseline 0.001 -16"><span class='ocrx_word' id='word_1_105' title='bbox 419 884 564 928; x_wconf 87' lang='lat' dir='ltr'><strong>XLV.</strong></span> <span class='ocrx_word' id='word_1_106' title='bbox 595 885 739 929; x_wconf 86' lang='lat' dir='ltr'>Aucta</span> <span class='ocrx_word' id='word_1_107' title='bbox 759 888 936 929; x_wconf 89' lang='lat' dir='ltr'>civitate</span> <span class='ocrx_word' id='word_1_108' title='bbox 962 888 1260 944; x_wconf 84' lang='lat' dir='ltr'>magnitudine</span> <span class='ocrx_word' id='word_1_109' title='bbox 1282 888 1412 939; x_wconf 87' lang='lat' dir='ltr'>urbis,</span> <span class='ocrx_word' id='word_1_110' title='bbox 1437 886 1632 929; x_wconf 83' lang='lat' dir='ltr'>formatis</span> <span class='ocrx_word' id='word_1_111' title='bbox 1661 889 1801 930; x_wconf 86' lang='lat' dir='ltr'>omni·</span> 
     </span>
     <span class='ocr_line' id='line_1_20' title="bbox 362 942 1801 1001; baseline 0.002 -18"><span class='ocrx_word' id='word_1_112' title='bbox 362 942 442 984; x_wconf 92' lang='lat' dir='ltr'>bus</span> <span class='ocrx_word' id='word_1_113' title='bbox 476 943 594 985; x_wconf 87' lang='lat' dir='ltr'>dorni</span> <span class='ocrx_word' id='word_1_114' title='bbox 623 947 689 985; x_wconf 80' lang='lat' dir='ltr'>et‘</span> <span class='ocrx_word' id='word_1_115' title='bbox 722 944 774 985; x_wconf 89' lang='lat' dir='ltr'>ad</span> <span class='ocrx_word' id='word_1_116' title='bbox 808 945 906 986; x_wconf 78' lang='lat' dir='ltr'>belli</span> <span class='ocrx_word' id='word_1_117' title='bbox 937 956 980 986; x_wconf 87' lang='lat' dir='ltr'>et</span> <span class='ocrx_word' id='word_1_118' title='bbox 1012 946 1063 986; x_wconf 82' lang='lat' dir='ltr'>ad</span> <span class='ocrx_word' id='word_1_119' title='bbox 1096 945 1213 1001; x_wconf 86' lang='lat' dir='ltr'>pacis</span> <span class='ocrx_word' id='word_1_120' title='bbox 1245 960 1358 996; x_wconf 76' lang='lat' dir='ltr'>usuS,</span> <span class='ocrx_word' id='word_1_121' title='bbox 1388 960 1443 986; x_wconf 91' lang='lat' dir='ltr'>ne</span> <span class='ocrx_word' id='word_1_122' title='bbox 1475 959 1642 1001; x_wconf 85' lang='lat' dir='ltr'>semper</span> <span class='ocrx_word' id='word_1_123' title='bbox 1673 946 1801 987; x_wconf 80' lang='lat' dir='ltr'>armis</span> 
     </span>
     <span class='ocr_line' id='line_1_21' title="bbox 363 1001 1803 1058; baseline 0.001 -17"><span class='ocrx_word' id='word_1_124' title='bbox 363 1014 467 1056; x_wconf 87' lang='lat' dir='ltr'>opes</span> <span class='ocrx_word' id='word_1_125' title='bbox 498 1001 836 1056; x_wconf 84' lang='lat' dir='ltr'>adquirerentur‚</span> <span class='ocrx_word' id='word_1_126' title='bbox 859 1001 1040 1044; x_wconf 83' lang='lat' dir='ltr'>consilio</span> <span class='ocrx_word' id='word_1_127' title='bbox 1071 1017 1227 1058; x_wconf 81' lang='lat' dir='ltr'>augere</span> <span class='ocrx_word' id='word_1_128' title='bbox 1258 1002 1486 1058; x_wconf 89' lang='lat' dir='ltr'>imperium</span> <span class='ocrx_word' id='word_1_129' title='bbox 1513 1010 1692 1044; x_wconf 88' lang='lat' dir='ltr'>conatus</span> <span class='ocrx_word' id='word_1_130' title='bbox 1723 1012 1803 1053; x_wconf 87' lang='lat' dir='ltr'>est,</span> 
     </span>
     <span class='ocr_line' id='line_1_22' title="bbox 364 1056 1803 1114; baseline 0.002 -17"><span class='ocrx_word' id='word_1_131' title='bbox 364 1056 491 1098; x_wconf 89' lang='lat' dir='ltr'>simul</span> <span class='ocrx_word' id='word_1_132' title='bbox 511 1066 555 1098; x_wconf 90' lang='lat' dir='ltr'>et</span> <span class='ocrx_word' id='word_1_133' title='bbox 576 1057 749 1114; x_wconf 88' lang='lat' dir='ltr'>aliquod</span> <span class='ocrx_word' id='word_1_134' title='bbox 771 1059 927 1100; x_wconf 85' lang='lat' dir='ltr'>addere</span> <span class='ocrx_word' id='word_1_135' title='bbox 948 1060 1043 1101; x_wconf 84' lang='lat' dir='ltr'>urbi</span> <span class='ocrx_word' id='word_1_136' title='bbox 1065 1060 1210 1101; x_wconf 84' lang='lat' dir='ltr'>decus.</span> <span class='ocrx_word' id='word_1_137' title='bbox 1256 1059 1357 1102; x_wconf 88' lang='lat' dir='ltr'>Jam</span> <span class='ocrx_word' id='word_1_138' title='bbox 1381 1069 1471 1100; x_wconf 89' lang='lat' dir='ltr'>tum</span> <span class='ocrx_word' id='word_1_139' title='bbox 1493 1068 1584 1100; x_wconf 82' lang='lat' dir='ltr'>erat</span> <span class='ocrx_word' id='word_1_140' title='bbox 1606 1059 1803 1100; x_wconf 84' lang='lat' dir='ltr'>inclitum</span> 
     </span>
     <span class='ocr_line' id='line_1_23' title="bbox 366 1113 1804 1171; baseline 0.001 -15"><span class='ocrx_word' id='word_1_141' title='bbox 366 1113 522 1156; x_wconf 82' lang='lat' dir='ltr'>Dianae</span> <span class='ocrx_word' id='word_1_142' title='bbox 549 1113 750 1171; x_wconf 85' lang='lat' dir='ltr'>Ephesiae</span> <span class='ocrx_word' id='word_1_143' title='bbox 776 1115 950 1158; x_wconf 83' lang='lat' dir='ltr'>fanum:</span> <span class='ocrx_word' id='word_1_144' title='bbox 984 1117 1024 1157; x_wconf 92' lang='lat' dir='ltr'>id</span> <span class='ocrx_word' id='word_1_145' title='bbox 1048 1117 1335 1158; x_wconf 87' lang='lat' dir='ltr'>communiter</span> <span class='ocrx_word' id='word_1_146' title='bbox 1365 1132 1390 1157; x_wconf 89' lang='lat' dir='ltr'>a</span> <span class='ocrx_word' id='word_1_147' title='bbox 1410 1116 1660 1158; x_wconf 89' lang='lat' dir='ltr'>civitatibus</span> <span class='ocrx_word' id='word_1_148' title='bbox 1687 1116 1804 1158; x_wconf 84' lang='lat' dir='ltr'>Asiae</span> 
     </span>
     <span class='ocr_line' id='line_1_24' title="bbox 364 1171 1807 1229; baseline 0.001 -17"><span class='ocrx_word' id='word_1_149' title='bbox 364 1171 529 1213; x_wconf 82' lang='lat' dir='ltr'>factum</span> <span class='ocrx_word' id='word_1_150' title='bbox 571 1172 686 1214; x_wconf 87' lang='lat' dir='ltr'>fama</span> <span class='ocrx_word' id='word_1_151' title='bbox 731 1172 910 1214; x_wconf 84' lang='lat' dir='ltr'>ferebat.</span> <span class='ocrx_word' id='word_1_152' title='bbox 971 1174 1116 1220; x_wconf 85' lang='lat' dir='ltr'>Quum</span> <span class='ocrx_word' id='word_1_153' title='bbox 1157 1188 1411 1215; x_wconf 89' lang='lat' dir='ltr'>consensum</span> <span class='ocrx_word' id='word_1_154' title='bbox 1456 1172 1660 1229; x_wconf 89' lang='lat' dir='ltr'>Deosque</span> <span class='ocrx_word' id='word_1_155' title='bbox 1701 1187 1807 1214; x_wconf 87' lang='lat' dir='ltr'>con-</span> 
     </span>
     <span class='ocr_line' id='line_1_25' title="bbox 364 1228 1804 1287; baseline 0.001 -18"><span class='ocrx_word' id='word_1_156' title='bbox 364 1228 550 1270; x_wconf 88' lang='lat' dir='ltr'>sociatos</span> <span class='ocrx_word' id='word_1_157' title='bbox 583 1229 775 1271; x_wconf 83' lang='lat' dir='ltr'>laudaret</span> <span class='ocrx_word' id='word_1_158' title='bbox 813 1231 919 1272; x_wconf 92' lang='lat' dir='ltr'>mire</span> <span class='ocrx_word' id='word_1_159' title='bbox 952 1231 1124 1272; x_wconf 86' lang='lat' dir='ltr'>Servius</span> <span class='ocrx_word' id='word_1_160' title='bbox 1160 1231 1269 1273; x_wconf 87' lang='lat' dir='ltr'>inter</span> <span class='ocrx_word' id='word_1_161' title='bbox 1302 1244 1498 1287; x_wconf 86' lang='lat' dir='ltr'>proceres</span> <span class='ocrx_word' id='word_1_162' title='bbox 1536 1230 1804 1280; x_wconf 88' lang='lat' dir='ltr'>Latinorum,</span> 
     </span>
     <span class='ocr_line' id='line_1_26' title="bbox 364 1286 1806 1344; baseline 0.001 -18"><span class='ocrx_word' id='word_1_163' title='bbox 364 1300 463 1327; x_wconf 90' lang='lat' dir='ltr'>cum</span> <span class='ocrx_word' id='word_1_164' title='bbox 492 1286 648 1341; x_wconf 86' lang='lat' dir='ltr'>quibus</span> <span class='ocrx_word' id='word_1_165' title='bbox 682 1287 853 1343; x_wconf 88' lang='lat' dir='ltr'>publice</span> <span class='ocrx_word' id='word_1_166' title='bbox 883 1289 1172 1344; x_wconf 84' lang='lat' dir='ltr'>privatimque</span> <span class='ocrx_word' id='word_1_167' title='bbox 1200 1288 1391 1344; x_wconf 86' lang='lat' dir='ltr'>hospitia</span> <span class='ocrx_word' id='word_1_168' title='bbox 1424 1287 1719 1342; x_wconf 84' lang='lat' dir='ltr'>amicitiasque</span> <span class='ocrx_word' id='word_1_169' title='bbox 1753 1287 1806 1327; x_wconf 88' lang='lat' dir='ltr'>de</span> 
     </span>
     <span class='ocr_line' id='line_1_27' title="bbox 362 1342 1806 1400; baseline 0 -16"><span class='ocrx_word' id='word_1_170' title='bbox 362 1342 572 1384; x_wconf 79' lang='lat' dir='ltr'>industria</span> <span class='ocrx_word' id='word_1_171' title='bbox 593 1343 826 1398; x_wconf 80' lang='lat' dir='ltr'>junxerat3</span> <span class='ocrx_word' id='word_1_172' title='bbox 864 1359 978 1400; x_wconf 86' lang='lat' dir='ltr'>saepe</span> <span class='ocrx_word' id='word_1_173' title='bbox 1007 1346 1201 1385; x_wconf 83' lang='lat' dir='ltr'>iterando</span> <span class='ocrx_word' id='word_1_174' title='bbox 1228 1345 1374 1386; x_wconf 87' lang='lat' dir='ltr'>eadem</span> <span class='ocrx_word' id='word_1_175' title='bbox 1403 1344 1590 1400; x_wconf 86' lang='lat' dir='ltr'>perpulit</span> <span class='ocrx_word' id='word_1_176' title='bbox 1618 1344 1806 1394; x_wconf 83' lang='lat' dir='ltr'>tandem,</span> 
     </span>
     <span class='ocr_line' id='line_1_28' title="bbox 363 1400 1807 1458; baseline 0 -17"><span class='ocrx_word' id='word_1_177' title='bbox 363 1408 413 1441; x_wconf 87' lang='lat' dir='ltr'>ut</span> <span class='ocrx_word' id='word_1_178' title='bbox 442 1402 474 1423; x_wconf 67' lang='lat'>⁴⁹</span> <span class='ocrx_word' id='word_1_179' title='bbox 491 1400 646 1442; x_wconf 87' lang='lat' dir='ltr'>Romae</span> <span class='ocrx_word' id='word_1_180' title='bbox 678 1400 824 1442; x_wconf 88' lang='lat' dir='ltr'>fanum</span> <span class='ocrx_word' id='word_1_181' title='bbox 859 1401 1015 1443; x_wconf 86' lang='lat' dir='ltr'>Dianae</span> <span class='ocrx_word' id='word_1_182' title='bbox 1049 1401 1196 1458; x_wconf 90' lang='lat' dir='ltr'>populi</span> <span class='ocrx_word' id='word_1_183' title='bbox 1230 1401 1372 1442; x_wconf 87' lang='lat' dir='ltr'>Latini</span> <span class='ocrx_word' id='word_1_184' title='bbox 1397 1416 1494 1443; x_wconf 89' lang='lat' dir='ltr'>cum</span> <span class='ocrx_word' id='word_1_185' title='bbox 1530 1401 1690 1456; x_wconf 87' lang='lat' dir='ltr'>populo</span> <span class='ocrx_word' id='word_1_186' title='bbox 1714 1400 1807 1441; x_wconf 78' lang='lat' dir='ltr'>Ro-</span> 
     </span>
     <span class='ocr_line' id='line_1_29' title="bbox 363 1456 1808 1514; baseline 0 -16"><span class='ocrx_word' id='word_1_187' title='bbox 363 1471 493 1499; x_wconf 86' lang='lat' dir='ltr'>mano</span> <span class='ocrx_word' id='word_1_188' title='bbox 524 1456 729 1499; x_wconf 87' lang='lat' dir='ltr'>facerent.</span> <span class='ocrx_word' id='word_1_189' title='bbox 792 1457 855 1499; x_wconf 90' lang='lat' dir='ltr'>Ea</span> <span class='ocrx_word' id='word_1_190' title='bbox 883 1467 978 1499; x_wconf 86' lang='lat' dir='ltr'>erat</span> <span class='ocrx_word' id='word_1_191' title='bbox 1014 1459 1245 1508; x_wconf 87' lang='lat' dir='ltr'>confessio,</span> <span class='ocrx_word' id='word_1_192' title='bbox 1277 1469 1408 1514; x_wconf 89' lang='lat' dir='ltr'>caput</span> <span class='ocrx_word' id='word_1_193' title='bbox 1442 1473 1582 1499; x_wconf 86' lang='lat' dir='ltr'>rerum</span> <span class='ocrx_word' id='word_1_194' title='bbox 1617 1457 1808 1498; x_wconf 83' lang='lat' dir='ltr'>Romam</span> 
     </span>
     <span class='ocr_line' id='line_1_30' title="bbox 364 1514 1807 1571; baseline -0.001 -16"><span class='ocrx_word' id='word_1_195' title='bbox 364 1528 470 1566; x_wconf 85' lang='lat' dir='ltr'>esse,</span> <span class='ocrx_word' id='word_1_196' title='bbox 491 1514 544 1556; x_wconf 89' lang='lat' dir='ltr'>de</span> <span class='ocrx_word' id='word_1_197' title='bbox 565 1529 652 1570; x_wconf 92' lang='lat' dir='ltr'>quo</span> <span class='ocrx_word' id='word_1_198' title='bbox 675 1515 802 1556; x_wconf 88' lang='lat' dir='ltr'>toties</span> <span class='ocrx_word' id='word_1_199' title='bbox 825 1516 953 1556; x_wconf 90' lang='lat' dir='ltr'>armis</span> <span class='ocrx_word' id='word_1_200' title='bbox 977 1524 1185 1558; x_wconf 85' lang='lat' dir='ltr'>certatum</span> <span class='ocrx_word' id='word_1_201' title='bbox 1218 1515 1372 1557; x_wconf 84' lang='lat' dir='ltr'>fuerat.</span> <span class='ocrx_word' id='word_1_202' title='bbox 1415 1518 1446 1540; x_wconf 72' lang='lat'>4³</span> <span class='ocrx_word' id='word_1_203' title='bbox 1469 1514 1518 1556; x_wconf 90' lang='lat' dir='ltr'>Id</span> <span class='ocrx_word' id='word_1_204' title='bbox 1541 1528 1807 1571; x_wconf 86' lang='lat' dir='ltr'>quamquam</span> 
     </span>
     <span class='ocr_line' id='line_1_31' title="bbox 367 1571 1808 1628; baseline -0.001 -16"><span class='ocrx_word' id='word_1_205' title='bbox 367 1571 575 1613; x_wconf 89' lang='lat' dir='ltr'>omissum</span> <span class='ocrx_word' id='word_1_206' title='bbox 600 1571 694 1628; x_wconf 88' lang='lat' dir='ltr'>jam</span> <span class='ocrx_word' id='word_1_207' title='bbox 725 1586 780 1613; x_wconf 86' lang='lat' dir='ltr'>ex</span> <span class='ocrx_word' id='word_1_208' title='bbox 811 1573 1004 1614; x_wconf 89' lang='lat' dir='ltr'>omnium</span> <span class='ocrx_word' id='word_1_209' title='bbox 1035 1588 1138 1614; x_wconf 84' lang='lat' dir='ltr'>cura</span> <span class='ocrx_word' id='word_1_210' title='bbox 1172 1573 1440 1623; x_wconf 87' lang='lat' dir='ltr'>Latinorum,</span> <span class='ocrx_word' id='word_1_211' title='bbox 1467 1573 1525 1613; x_wconf 92' lang='lat' dir='ltr'>ob</span> <span class='ocrx_word' id='word_1_212' title='bbox 1556 1586 1644 1614; x_wconf 86' lang='lat' dir='ltr'>rem</span> <span class='ocrx_word' id='word_1_213' title='bbox 1680 1571 1808 1612; x_wconf 88' lang='lat' dir='ltr'>toties</span> 
     </span>
     <span class='ocr_line' id='line_1_32' title="bbox 368 1628 1809 1681; baseline 0 -12"><span class='ocrx_word' id='word_1_214' title='bbox 368 1628 600 1670; x_wconf 85' lang='lat' dir='ltr'>infeliciter</span> <span class='ocrx_word' id='word_1_215' title='bbox 632 1636 838 1671; x_wconf 84' lang='lat' dir='ltr'>tentatam</span> <span class='ocrx_word' id='word_1_216' title='bbox 871 1630 1014 1681; x_wconf 86' lang='lat' dir='ltr'>armis,</span> <span class='ocrx_word' id='word_1_217' title='bbox 1036 1630 1289 1680; x_wconf 80' lang='lat' dir='ltr'>videbatur3</span> <span class='ocrx_word' id='word_1_218' title='bbox 1319 1629 1395 1670; x_wconf 92' lang='lat' dir='ltr'>uni</span> <span class='ocrx_word' id='word_1_219' title='bbox 1426 1643 1470 1670; x_wconf 91' lang='lat' dir='ltr'>se</span> <span class='ocrx_word' id='word_1_220' title='bbox 1499 1643 1554 1671; x_wconf 84' lang='lat' dir='ltr'>ex</span> <span class='ocrx_word' id='word_1_221' title='bbox 1586 1632 1618 1654; x_wconf 76' lang='lat'>⁴⁴</span> <span class='ocrx_word' id='word_1_222' title='bbox 1636 1628 1809 1669; x_wconf 87' lang='lat' dir='ltr'>Sabinis</span> 
     </span>
    </p>
   </div>
   <div class='ocr_carea' id='block_1_4' title="bbox 153 1685 1812 1743">
    <p class='ocr_par' dir='ltr' id='par_1_6' title="bbox 153 1685 1812 1743">
     <span class='ocr_line' id='line_1_33' title="bbox 153 1685 1812 1743; baseline -0.002 -15"><span class='ocrx_word' id='word_1_223' title='bbox 153 1697 354 1735; x_wconf 72' lang='lat' dir='ltr'>Besinsignis</span> <span class='ocrx_word' id='word_1_224' title='bbox 370 1685 457 1727; x_wconf 89' lang='lat' dir='ltr'>fors</span> <span class='ocrx_word' id='word_1_225' title='bbox 479 1685 580 1727; x_wconf 88' lang='lat' dir='ltr'>dare</span> <span class='ocrx_word' id='word_1_226' title='bbox 602 1686 692 1727; x_wconf 87' lang='lat' dir='ltr'>visa</span> <span class='ocrx_word' id='word_1_227' title='bbox 712 1696 777 1727; x_wconf 90' lang='lat' dir='ltr'>est</span> <span class='ocrx_word' id='word_1_228' title='bbox 797 1687 968 1742; x_wconf 84' lang='lat' dir='ltr'>privato</span> <span class='ocrx_word' id='word_1_229' title='bbox 989 1687 1170 1728; x_wconf 86' lang='lat' dir='ltr'>consilio</span> <span class='ocrx_word' id='word_1_230' title='bbox 1187 1687 1360 1742; x_wconf 81' lang='lat' dir='ltr'>imperii</span> <span class='ocrx_word' id='word_1_231' title='bbox 1385 1685 1679 1743; x_wconf 85' lang='lat' dir='ltr'>recuperandi.</span> <span class='ocrx_word' id='word_1_232' title='bbox 1721 1685 1812 1726; x_wconf 85' lang='lat' dir='ltr'>Bos</span> 
     </span>
    </p>
   </div>
   <div class='ocr_carea' id='block_1_5' title="bbox 154 1741 345 1779">
    <p class='ocr_par' dir='ltr' id='par_1_7' title="bbox 154 1741 345 1779">
     <span class='ocr_line' id='line_1_34' title="bbox 154 1741 345 1779; baseline -0.01 -8"><span class='ocrx_word' id='word_1_233' title='bbox 154 1741 345 1779; x_wconf 76' lang='lat' dir='ltr'>magnitudi-</span> 
     </span>
    </p>
   </div>
   <div class='ocr_carea' id='block_1_6' title="bbox 156 1786 334 1859">
    <p class='ocr_par' dir='ltr' id='par_1_8' title="bbox 156 1786 334 1859">
     <span class='ocr_line' id='line_1_35' title="bbox 156 1786 334 1814; baseline -0.006 -1"><span class='ocrx_word' id='word_1_234' title='bbox 156 1786 204 1813; x_wconf 85' lang='lat' dir='ltr'>nis</span> <span class='ocrx_word' id='word_1_235' title='bbox 219 1787 334 1814; x_wconf 82' lang='lat' dir='ltr'>macta-</span> 
     </span>
     <span class='ocr_line' id='line_1_36' title="bbox 157 1832 202 1859; baseline 0.044 -2"><span class='ocrx_word' id='word_1_236' title='bbox 157 1832 202 1859; x_wconf 79' lang='lat' dir='ltr'>ta.</span> 
     </span>
    </p>
   </div>
   <div class='ocr_carea' id='block_1_7' title="bbox 368 1743 1815 2028">
    <p class='ocr_par' dir='ltr' id='par_1_9' title="bbox 368 1743 1815 2028">
     <span class='ocr_line' id='line_1_37' title="bbox 371 1743 1812 1800; baseline -0.001 -16"><span class='ocrx_word' id='word_1_237' title='bbox 371 1744 413 1784; x_wconf 92' lang='lat' dir='ltr'>in</span> <span class='ocrx_word' id='word_1_238' title='bbox 446 1743 618 1784; x_wconf 82' lang='lat' dir='ltr'>Sabinis</span> <span class='ocrx_word' id='word_1_239' title='bbox 641 1752 742 1785; x_wconf 88' lang='lat' dir='ltr'>nata</span> <span class='ocrx_word' id='word_1_240' title='bbox 761 1743 935 1786; x_wconf 85' lang='lat' dir='ltr'>cuidam</span> <span class='ocrx_word' id='word_1_241' title='bbox 963 1743 1251 1800; x_wconf 81' lang='lat' dir='ltr'>patrifamiliae</span> <span class='ocrx_word' id='word_1_242' title='bbox 1283 1744 1454 1795; x_wconf 88' lang='lat' dir='ltr'>dicitur,</span> <span class='ocrx_word' id='word_1_243' title='bbox 1476 1743 1671 1785; x_wconf 81' lang='lat' dir='ltr'>miranda</span> <span class='ocrx_word' id='word_1_244' title='bbox 1689 1756 1812 1798; x_wconf 84' lang='lat' dir='ltr'>mag·-</span> 
     </span>
     <span class='ocr_line' id='line_1_38' title="bbox 368 1800 1811 1857; baseline -0.001 -15"><span class='ocrx_word' id='word_1_245' title='bbox 368 1800 567 1842; x_wconf 86' lang='lat' dir='ltr'>nitudine</span> <span class='ocrx_word' id='word_1_246' title='bbox 611 1815 660 1842; x_wconf 85' lang='lat' dir='ltr'>ac</span> <span class='ocrx_word' id='word_1_247' title='bbox 703 1802 862 1857; x_wconf 86' lang='lat' dir='ltr'>specie.</span> <span class='ocrx_word' id='word_1_248' title='bbox 922 1800 1032 1843; x_wconf 83' lang='lat' dir='ltr'>Fixa</span> <span class='ocrx_word' id='word_1_249' title='bbox 1073 1816 1148 1857; x_wconf 92' lang='lat' dir='ltr'>per</span> <span class='ocrx_word' id='word_1_250' title='bbox 1185 1800 1340 1842; x_wconf 80' lang='lat' dir='ltr'>multas</span> <span class='ocrx_word' id='word_1_251' title='bbox 1381 1810 1529 1843; x_wconf 86' lang='lat' dir='ltr'>aetates</span> <span class='ocrx_word' id='word_1_252' title='bbox 1566 1814 1729 1842; x_wconf 86' lang='lat' dir='ltr'>cornua</span> <span class='ocrx_word' id='word_1_253' title='bbox 1766 1800 1811 1840; x_wconf 88' lang='lat' dir='ltr'>in</span> 
     </span>
     <span class='ocr_line' id='line_1_39' title="bbox 369 1855 1811 1914; baseline -0.001 -16"><span class='ocrx_word' id='word_1_254' title='bbox 369 1857 584 1899; x_wconf 86' lang='lat' dir='ltr'>vestibulo</span> <span class='ocrx_word' id='word_1_255' title='bbox 616 1858 764 1914; x_wconf 86' lang='lat' dir='ltr'>templi</span> <span class='ocrx_word' id='word_1_256' title='bbox 800 1858 954 1900; x_wconf 83' lang='lat' dir='ltr'>Dianae</span> <span class='ocrx_word' id='word_1_257' title='bbox 991 1866 1319 1900; x_wconf 87' lang='lat' dir='ltr'>monumentum</span> <span class='ocrx_word' id='word_1_258' title='bbox 1355 1858 1393 1899; x_wconf 89' lang='lat' dir='ltr'>ei</span> <span class='ocrx_word' id='word_1_259' title='bbox 1432 1858 1549 1899; x_wconf 85' lang='lat' dir='ltr'>fuere</span> <span class='ocrx_word' id='word_1_260' title='bbox 1587 1855 1811 1899; x_wconf 83' lang='lat' dir='ltr'>miraculo.</span> 
     </span>
     <span class='ocr_line' id='line_1_40' title="bbox 372 1914 1813 1972; baseline -0.002 -15"><span class='ocrx_word' id='word_1_261' title='bbox 372 1914 554 1966; x_wconf 85' lang='lat' dir='ltr'>Habita,</span> <span class='ocrx_word' id='word_1_262' title='bbox 581 1925 629 1956; x_wconf 83' lang='lat' dir='ltr'>ut</span> <span class='ocrx_word' id='word_1_263' title='bbox 659 1925 767 1967; x_wconf 87' lang='lat' dir='ltr'>erat,</span> <span class='ocrx_word' id='word_1_264' title='bbox 793 1930 858 1957; x_wconf 88' lang='lat' dir='ltr'>res</span> <span class='ocrx_word' id='word_1_265' title='bbox 891 1915 1077 1972; x_wconf 84' lang='lat' dir='ltr'>prodigii</span> <span class='ocrx_word' id='word_1_266' title='bbox 1110 1916 1206 1958; x_wconf 84' lang='lat' dir='ltr'>loco</span> <span class='ocrx_word' id='word_1_267' title='bbox 1244 1925 1332 1956; x_wconf 86' lang='lat' dir='ltr'>est:</span> <span class='ocrx_word' id='word_1_268' title='bbox 1377 1923 1419 1956; x_wconf 91' lang='lat' dir='ltr'>et</span> <span class='ocrx_word' id='word_1_269' title='bbox 1452 1916 1659 1957; x_wconf 69' lang='lat' dir='ltr'>cecinere</span> <span class='ocrx_word' id='word_1_270' title='bbox 1678 1923 1813 1964; x_wconf 84' lang='lat' dir='ltr'>vates,</span> 
     </span>
     <span class='ocr_line' id='line_1_41' title="bbox 370 1971 1815 2028; baseline -0.002 -14"><span class='ocrx_word' id='word_1_271' title='bbox 370 1972 495 2028; x_wconf 81' lang='lat' dir='ltr'>cujus</span> <span class='ocrx_word' id='word_1_272' title='bbox 525 1971 714 2014; x_wconf 85' lang='lat' dir='ltr'>civitatis</span> <span class='ocrx_word' id='word_1_273' title='bbox 736 1987 832 2015; x_wconf 89' lang='lat' dir='ltr'>eam</span> <span class='ocrx_word' id='word_1_274' title='bbox 857 1973 964 2015; x_wconf 80' lang='lat' dir='ltr'>civis</span> <span class='ocrx_word' id='word_1_275' title='bbox 1000 1973 1204 2015; x_wconf 74' lang='lat' dir='ltr'>⁴⁵Dianae</span> <span class='ocrx_word' id='word_1_276' title='bbox 1236 1971 1497 2024; x_wconf 70' lang='lat' dir='ltr'>immolasset,</span> <span class='ocrx_word' id='word_1_277' title='bbox 1519 1973 1580 2013; x_wconf 85' lang='lat' dir='ltr'>ibi</span> <span class='ocrx_word' id='word_1_278' title='bbox 1610 1971 1702 2013; x_wconf 89' lang='lat' dir='ltr'>fore</span> <span class='ocrx_word' id='word_1_279' title='bbox 1733 1971 1815 2012; x_wconf 86' lang='lat' dir='ltr'>im-</span> 
     </span>
    </p>
   </div>
   <div class='ocr_carea' id='block_1_8' title="bbox 902 2063 1252 2095">
    <p class='ocr_par' dir='ltr' id='par_1_10' title="bbox 902 2063 1252 2095">
     <span class='ocr_line' id='line_1_42' title="bbox 902 2063 1252 2095; baseline 0 0"><span class='ocrx_word' id='word_1_280' title='bbox 902 2067 912 2084; x_wconf 75' lang='lat'><em>²</em></span> <span class='ocrx_word' id='word_1_281' title='bbox 929 2067 960 2095; x_wconf 80' lang='lat' dir='ltr'>et</span> <span class='ocrx_word' id='word_1_282' title='bbox 973 2063 1033 2094; x_wconf 88' lang='lat' dir='ltr'>del.</span> <span class='ocrx_word' id='word_1_283' title='bbox 1050 2065 1147 2095; x_wconf 86' lang='lat' dir='ltr'>Gron.</span> <span class='ocrx_word' id='word_1_284' title='bbox 1163 2065 1252 2095; x_wconf 72' lang='lat' dir='ltr'>Crev.</span> 
     </span>
    </p>
   </div>
   <div class='ocr_carea' id='block_1_9' title="bbox 374 2139 1077 2268">
    <p class='ocr_par' dir='ltr' id='par_1_11' title="bbox 374 2139 1077 2268">
     <span class='ocr_line' id='line_1_43' title="bbox 417 2139 1072 2182; baseline 0.002 -12"><span class='ocrx_word' id='word_1_285' title='bbox 417 2142 459 2174; x_wconf 84' lang='lat'>39</span> <span class='ocrx_word' id='word_1_286' title='bbox 477 2139 707 2169; x_wconf 77' lang='lat' dir='ltr'>Posemoeriwn</span> <span class='ocrx_word' id='word_1_287' title='bbox 722 2140 984 2180; x_wconf 75' lang='lat' dir='ltr'>interpretantur</span> <span class='ocrx_word' id='word_1_288' title='bbox 995 2140 1072 2182; x_wconf 66' lang='lat' dir='ltr'>esse]</span> 
     </span>
     <span class='ocr_line' id='line_1_44' title="bbox 376 2182 1076 2225; baseline 0.003 -12"><span class='ocrx_word' id='word_1_289' title='bbox 376 2183 464 2222; x_wconf 80' lang='lat' dir='ltr'>Lege</span> <span class='ocrx_word' id='word_1_290' title='bbox 481 2182 613 2212; x_wconf 75' lang='lat' dir='ltr'>divisim</span> <span class='ocrx_word' id='word_1_291' title='bbox 629 2192 706 2212; x_wconf 82' lang='lat' dir='ltr'>cum</span> <span class='ocrx_word' id='word_1_292' title='bbox 722 2184 985 2225; x_wconf 77' lang='lat' dir='ltr'>Perizoni0‚pose</span> <span class='ocrx_word' id='word_1_293' title='bbox 1001 2195 1076 2214; x_wconf 82' lang='lat' dir='ltr'>moe-</span> 
     </span>
     <span class='ocr_line' id='line_1_45' title="bbox 374 2226 1077 2268; baseline 0.003 -11"><span class='ocrx_word' id='word_1_294' title='bbox 374 2236 466 2264; x_wconf 78' lang='lat' dir='ltr'>rum,</span> <span class='ocrx_word' id='word_1_295' title='bbox 481 2226 549 2256; x_wconf 79' lang='lat' dir='ltr'>sive</span> <span class='ocrx_word' id='word_1_296' title='bbox 566 2235 712 2256; x_wconf 80' lang='lat' dir='ltr'>murum.</span> <span class='ocrx_word' id='word_1_297' title='bbox 750 2227 890 2266; x_wconf 82' lang='lat' dir='ltr'>Antiqui</span> <span class='ocrx_word' id='word_1_298' title='bbox 910 2229 1000 2259; x_wconf 89' lang='lat' dir='ltr'>enim</span> <span class='ocrx_word' id='word_1_299' title='bbox 1018 2238 1077 2268; x_wconf 84' lang='lat' dir='ltr'>pro</span> 
     </span>
    </p>
   </div>
   <div class='ocr_carea' id='block_1_10' title="bbox 1120 2139 1818 2267">
    <p class='ocr_par' dir='ltr' id='par_1_12' title="bbox 1120 2139 1818 2267">
     <span class='ocr_line' id='line_1_46' title="bbox 1120 2139 1818 2178; baseline 0 -8"><span class='ocrx_word' id='word_1_300' title='bbox 1120 2140 1210 2170; x_wconf 73' lang='lat' dir='ltr'>haud</span> <span class='ocrx_word' id='word_1_301' title='bbox 1225 2139 1321 2170; x_wconf 78' lang='lat' dir='ltr'>facile</span> <span class='ocrx_word' id='word_1_302' title='bbox 1345 2145 1431 2170; x_wconf 87' lang='lat' dir='ltr'>esset</span> <span class='ocrx_word' id='word_1_303' title='bbox 1447 2148 1485 2169; x_wconf 86' lang='lat' dir='ltr'>ea</span> <span class='ocrx_word' id='word_1_304' title='bbox 1508 2139 1716 2178; x_wconf 82' lang='lat' dir='ltr'>dignoscere,</span> <span class='ocrx_word' id='word_1_305' title='bbox 1731 2141 1818 2170; x_wconf 79' lang='lat' dir='ltr'>teste</span> 
     </span>
     <span class='ocr_line' id='line_1_47' title="bbox 1120 2183 1768 2222; baseline -0.014 -6"><span class='ocrx_word' id='word_1_306' title='bbox 1120 2185 1221 2216; x_wconf 88' lang='lat' dir='ltr'>Dion.</span> <span class='ocrx_word' id='word_1_307' title='bbox 1239 2183 1259 2213; x_wconf 79' lang='lat'>1.</span> <span class='ocrx_word' id='word_1_308' title='bbox 1279 2184 1333 2213; x_wconf 75' lang='lat' dir='ltr'>iv.</span> <span class='ocrx_word' id='word_1_309' title='bbox 1764 2219 1768 2222; x_wconf 22' lang='grc' dir='ltr'>ι</span> 
     </span>
     <span class='ocr_line' id='line_1_48' title="bbox 1163 2224 1817 2267; baseline -0.005 -9"><span class='ocrx_word' id='word_1_310' title='bbox 1163 2229 1205 2258; x_wconf 73' lang='lat'>42</span> <span class='ocrx_word' id='word_1_311' title='bbox 1230 2226 1352 2267; x_wconf 77' lang='lat' dir='ltr'>Romoe]</span> <span class='ocrx_word' id='word_1_312' title='bbox 1388 2226 1426 2256; x_wconf 86' lang='lat' dir='ltr'>In</span> <span class='ocrx_word' id='word_1_313' title='bbox 1450 2226 1632 2265; x_wconf 77' lang='lat' dir='ltr'>Aventino,</span> <span class='ocrx_word' id='word_1_314' title='bbox 1655 2230 1694 2256; x_wconf 84' lang='lat' dir='ltr'>ut</span> <span class='ocrx_word' id='word_1_315' title='bbox 1720 2224 1817 2256; x_wconf 85' lang='lat' dir='ltr'>docet</span> 
     </span>
    </p>
   </div>
   <div class='ocr_carea' id='block_1_11' title="bbox 375 2270 1079 2657">
    <p class='ocr_par' dir='ltr' id='par_1_13' title="bbox 375 2270 1079 2657">
     <span class='ocr_line' id='line_1_49' title="bbox 375 2270 1076 2309; baseline 0.004 -10"><span class='ocrx_word' id='word_1_316' title='bbox 375 2270 492 2300; x_wconf 82' lang='lat' dir='ltr'>littera</span> <span class='ocrx_word' id='word_1_317' title='bbox 504 2280 525 2300; x_wconf 81' lang='lat' dir='ltr'>u</span> <span class='ocrx_word' id='word_1_318' title='bbox 537 2270 746 2309; x_wconf 84' lang='lat' dir='ltr'>usurpabant</span> <span class='ocrx_word' id='word_1_319' title='bbox 757 2271 925 2302; x_wconf 81' lang='lat' dir='ltr'>interdum</span> <span class='ocrx_word' id='word_1_320' title='bbox 935 2282 962 2302; x_wconf 86' lang='lat' dir='ltr'><em>oe</em></span> <span class='ocrx_word' id='word_1_321' title='bbox 972 2285 980 2301; x_wconf 89' lang='lat'><em>:</em></span> <span class='ocrx_word' id='word_1_322' title='bbox 995 2272 1076 2302; x_wconf 84' lang='lat' dir='ltr'>seri-</span> 
     </span>
     <span class='ocr_line' id='line_1_50' title="bbox 375 2314 1074 2354; baseline 0.004 -12"><span class='ocrx_word' id='word_1_323' title='bbox 375 2314 564 2352; x_wconf 77' lang='lat' dir='ltr'>bebantque</span> <span class='ocrx_word' id='word_1_324' title='bbox 601 2319 805 2344; x_wconf 74' lang='lat' dir='ltr'>caeraverunc</span> <span class='ocrx_word' id='word_1_325' title='bbox 842 2325 902 2354; x_wconf 90' lang='lat' dir='ltr'>pro</span> <span class='ocrx_word' id='word_1_326' title='bbox 939 2325 1074 2346; x_wconf 80' lang='lat' dir='ltr'>curave-</span> 
     </span>
     <span class='ocr_line' id='line_1_51' title="bbox 375 2358 1078 2389; baseline 0.006 -5"><span class='ocrx_word' id='word_1_327' title='bbox 375 2361 468 2387; x_wconf 68' lang='lat' dir='ltr'>runt.</span> <span class='ocrx_word' id='word_1_328' title='bbox 515 2358 675 2387; x_wconf 87' lang='lat' dir='ltr'>Ceterum</span> <span class='ocrx_word' id='word_1_329' title='bbox 699 2358 889 2389; x_wconf 76' lang='lat' dir='ltr'>emendatio</span> <span class='ocrx_word' id='word_1_330' title='bbox 910 2358 1078 2389; x_wconf 85' lang='lat' dir='ltr'>Perizonii</span> 
     </span>
     <span class='ocr_line' id='line_1_52' title="bbox 375 2400 1077 2432; baseline 0.006 -4"><span class='ocrx_word' id='word_1_331' title='bbox 375 2402 514 2431; x_wconf 82' lang='lat' dir='ltr'>omnino</span> <span class='ocrx_word' id='word_1_332' title='bbox 527 2400 660 2430; x_wconf 82' lang='lat' dir='ltr'>videtur</span> <span class='ocrx_word' id='word_1_333' title='bbox 671 2402 868 2432; x_wconf 81' lang='lat' dir='ltr'>necessaria.</span> <span class='ocrx_word' id='word_1_334' title='bbox 893 2401 971 2432; x_wconf 91' lang='lat' dir='ltr'>Non</span> <span class='ocrx_word' id='word_1_335' title='bbox 986 2402 1077 2432; x_wconf 87' lang='lat' dir='ltr'>enim</span> 
     </span>
     <span class='ocr_line' id='line_1_53' title="bbox 378 2443 1078 2483; baseline 0.003 -9"><span class='ocrx_word' id='word_1_336' title='bbox 378 2450 478 2482; x_wconf 72' lang='lat' dir='ltr'>negat</span> <span class='ocrx_word' id='word_1_337' title='bbox 503 2443 616 2474; x_wconf 75' lang='lat' dir='ltr'>Livius</span> <span class='ocrx_word' id='word_1_338' title='bbox 634 2446 828 2483; x_wconf 73' lang='lat' dir='ltr'>pomoera&#39;um</span> <span class='ocrx_word' id='word_1_339' title='bbox 854 2445 983 2476; x_wconf 82' lang='lat' dir='ltr'>dictum</span> <span class='ocrx_word' id='word_1_340' title='bbox 1007 2454 1078 2476; x_wconf 87' lang='lat' dir='ltr'>esse</span> 
     </span>
     <span class='ocr_line' id='line_1_54' title="bbox 378 2488 1079 2526; baseline 0.006 -10"><span class='ocrx_word' id='word_1_341' title='bbox 378 2488 470 2526; x_wconf 74' lang='lat' dir='ltr'>quasi</span> <span class='ocrx_word' id='word_1_342' title='bbox 492 2488 737 2526; x_wconf 74' lang='lat' dir='ltr'>postmoerium:</span> <span class='ocrx_word' id='word_1_343' title='bbox 761 2489 817 2519; x_wconf 72' lang='lat' dir='ltr'>sed</span> <span class='ocrx_word' id='word_1_344' title='bbox 841 2489 1015 2520; x_wconf 81' lang='lat' dir='ltr'>contendit</span> <span class='ocrx_word' id='word_1_345' title='bbox 1039 2499 1079 2520; x_wconf 86' lang='lat' dir='ltr'>ea</span> 
     </span>
     <span class='ocr_line' id='line_1_55' title="bbox 378 2531 1077 2570; baseline 0.004 -11"><span class='ocrx_word' id='word_1_346' title='bbox 378 2540 456 2560; x_wconf 75' lang='lat' dir='ltr'>voce</span> <span class='ocrx_word' id='word_1_347' title='bbox 486 2531 651 2570; x_wconf 78' lang='lat' dir='ltr'>designari</span> <span class='ocrx_word' id='word_1_348' title='bbox 680 2531 789 2562; x_wconf 79' lang='lat' dir='ltr'>iocum</span> <span class='ocrx_word' id='word_1_349' title='bbox 815 2534 902 2562; x_wconf 79' lang='lat' dir='ltr'>circa</span> <span class='ocrx_word' id='word_1_350' title='bbox 928 2543 1077 2570; x_wconf 86' lang='lat' dir='ltr'>murum,</span> 
     </span>
     <span class='ocr_line' id='line_1_56' title="bbox 378 2578 1078 2614; baseline 0.007 -12"><span class='ocrx_word' id='word_1_351' title='bbox 378 2578 447 2603; x_wconf 79' lang='lat' dir='ltr'>tain</span> <span class='ocrx_word' id='word_1_352' title='bbox 480 2584 557 2604; x_wconf 86' lang='lat' dir='ltr'>eum</span> <span class='ocrx_word' id='word_1_353' title='bbox 594 2579 669 2614; x_wconf 81' lang='lat' dir='ltr'>post</span> <span class='ocrx_word' id='word_1_354' title='bbox 699 2585 798 2614; x_wconf 81' lang='lat' dir='ltr'>quem</span> <span class='ocrx_word' id='word_1_355' title='bbox 832 2585 947 2606; x_wconf 80' lang='lat' dir='ltr'>murus</span> <span class='ocrx_word' id='word_1_356' title='bbox 977 2583 1078 2613; x_wconf 73' lang='lat' dir='ltr'>esset,</span> 
     </span>
     <span class='ocr_line' id='line_1_57' title="bbox 378 2618 802 2657; baseline 0.005 -11"><span class='ocrx_word' id='word_1_357' title='bbox 378 2625 478 2655; x_wconf 85' lang='lat' dir='ltr'>quam</span> <span class='ocrx_word' id='word_1_358' title='bbox 494 2618 550 2655; x_wconf 80' lang='lat' dir='ltr'>qui</span> <span class='ocrx_word' id='word_1_359' title='bbox 566 2622 640 2657; x_wconf 74' lang='lat' dir='ltr'>post</span> <span class='ocrx_word' id='word_1_360' title='bbox 656 2627 802 2648; x_wconf 84' lang='lat' dir='ltr'>murum.</span> 
     </span>
    </p>
   </div>
   <div class='ocr_carea' id='block_1_12' title="bbox 379 2660 1075 2735">
    <p class='ocr_par' dir='ltr' id='par_1_14' title="bbox 379 2660 1075 2735">
     <span class='ocr_line' id='line_1_58' title="bbox 421 2660 1075 2704; baseline 0.006 -14"><span class='ocrx_word' id='word_1_361' title='bbox 421 2664 463 2691; x_wconf 80' lang='lat'>40</span> <span class='ocrx_word' id='word_1_362' title='bbox 486 2660 645 2691; x_wconf 73' lang='lat' dir='ltr'>Moem&#39;bus</span> <span class='ocrx_word' id='word_1_363' title='bbox 659 2663 945 2704; x_wconf 71' lang='lat' dir='ltr'>continuarentur]</span> <span class='ocrx_word' id='word_1_364' title='bbox 971 2663 1075 2704; x_wconf 78' lang='lat' dir='ltr'>Prope</span> 
     </span>
     <span class='ocr_line' id='line_1_59' title="bbox 379 2708 751 2735; baseline 0 -1"><span class='ocrx_word' id='word_1_365' title='bbox 379 2713 491 2734; x_wconf 82' lang='lat' dir='ltr'>muros</span> <span class='ocrx_word' id='word_1_366' title='bbox 508 2708 751 2735; x_wconf 77' lang='lat' dir='ltr'>extruerentnr.</span> 
     </span>
    </p>
   </div>
   <div class='ocr_carea' id='block_1_13' title="bbox 1121 2271 1824 2744">
    <p class='ocr_par' dir='ltr' id='par_1_15' title="bbox 1121 2271 1321 2302">
     <span class='ocr_line' id='line_1_60' title="bbox 1121 2271 1321 2302; baseline 0 0"><span class='ocrx_word' id='word_1_367' title='bbox 1121 2271 1222 2302; x_wconf 88' lang='lat' dir='ltr'>Dion.</span> <span class='ocrx_word' id='word_1_368' title='bbox 1241 2271 1321 2302; x_wconf 82' lang='lat' dir='ltr'>ibid.</span> 
     </span>
    </p>

    <p class='ocr_par' dir='ltr' id='par_1_16' title="bbox 1122 2311 1820 2519">
     <span class='ocr_line' id='line_1_61' title="bbox 1162 2311 1820 2354; baseline -0.005 -9"><span class='ocrx_word' id='word_1_369' title='bbox 1162 2318 1203 2346; x_wconf 75' lang='lat'>43</span> <span class='ocrx_word' id='word_1_370' title='bbox 1214 2315 1232 2332; x_wconf 60' lang='lat'>*¹⁵</span> <span class='ocrx_word' id='word_1_371' title='bbox 1242 2315 1285 2345; x_wconf 82' lang='grc' dir='ltr'>1ιί</span> <span class='ocrx_word' id='word_1_372' title='bbox 1292 2324 1480 2354; x_wconf 75' lang='lat' dir='ltr'>quanquam</span> <span class='ocrx_word' id='word_1_373' title='bbox 1489 2313 1653 2354; x_wconf 70' lang='lat' dir='ltr'>omissum]</span> <span class='ocrx_word' id='word_1_374' title='bbox 1669 2311 1705 2342; x_wconf 86' lang='lat' dir='ltr'>Id</span> <span class='ocrx_word' id='word_1_375' title='bbox 1715 2322 1820 2352; x_wconf 83' lang='lat' dir='ltr'>quan-</span> 
     </span>
     <span class='ocr_line' id='line_1_62' title="bbox 1123 2356 1817 2398; baseline -0.003 -10"><span class='ocrx_word' id='word_1_376' title='bbox 1123 2368 1223 2397; x_wconf 81' lang='lat' dir='ltr'>quam</span> <span class='ocrx_word' id='word_1_377' title='bbox 1247 2358 1445 2388; x_wconf 74' lang='lat' dir='ltr'>videbantur</span> <span class='ocrx_word' id='word_1_378' title='bbox 1466 2358 1540 2398; x_wconf 87' lang='lat' dir='ltr'>jam</span> <span class='ocrx_word' id='word_1_379' title='bbox 1564 2366 1678 2387; x_wconf 84' lang='lat' dir='ltr'>omnes</span> <span class='ocrx_word' id='word_1_380' title='bbox 1706 2356 1817 2387; x_wconf 82' lang='lat' dir='ltr'>Latini</span> 
     </span>
     <span class='ocr_line' id='line_1_63' title="bbox 1123 2400 1816 2440; baseline -0.004 -8"><span class='ocrx_word' id='word_1_381' title='bbox 1123 2412 1161 2432; x_wconf 88' lang='lat' dir='ltr'>ex</span> <span class='ocrx_word' id='word_1_382' title='bbox 1186 2402 1297 2432; x_wconf 80' lang='lat' dir='ltr'>animo</span> <span class='ocrx_word' id='word_1_383' title='bbox 1314 2410 1459 2440; x_wconf 80' lang='lat' dir='ltr'>curaque</span> <span class='ocrx_word' id='word_1_384' title='bbox 1482 2400 1644 2437; x_wconf 83' lang='lat' dir='ltr'>omisisse,</span> <span class='ocrx_word' id='word_1_385' title='bbox 1661 2410 1723 2429; x_wconf 84' lang='lat' dir='ltr'>nee</span> <span class='ocrx_word' id='word_1_386' title='bbox 1747 2410 1816 2429; x_wconf 82' lang='lat' dir='ltr'>am-</span> 
     </span>
     <span class='ocr_line' id='line_1_64' title="bbox 1124 2443 1817 2485; baseline -0.001 -11"><span class='ocrx_word' id='word_1_387' title='bbox 1124 2445 1209 2485; x_wconf 85' lang='lat' dir='ltr'>plius</span> <span class='ocrx_word' id='word_1_388' title='bbox 1247 2445 1287 2476; x_wconf 85' lang='lat' dir='ltr'>dc</span> <span class='ocrx_word' id='word_1_389' title='bbox 1327 2445 1516 2485; x_wconf 80' lang='lat' dir='ltr'>principatu</span> <span class='ocrx_word' id='word_1_390' title='bbox 1551 2453 1628 2474; x_wconf 87' lang='lat' dir='ltr'>cum</span> <span class='ocrx_word' id='word_1_391' title='bbox 1658 2443 1817 2474; x_wconf 76' lang='lat' dir='ltr'>Romanis</span> 
     </span>
     <span class='ocr_line' id='line_1_65' title="bbox 1122 2488 1437 2519; baseline -0.003 0"><span class='ocrx_word' id='word_1_392' title='bbox 1122 2488 1205 2519; x_wconf 68' lang='lat' dir='ltr'>velle</span> <span class='ocrx_word' id='word_1_393' title='bbox 1224 2489 1437 2518; x_wconf 76' lang='lat' dir='ltr'>contendere.</span> 
     </span>
    </p>

    <p class='ocr_par' dir='ltr' id='par_1_17' title="bbox 1121 2530 1819 2694">
     <span class='ocr_line' id='line_1_66' title="bbox 1166 2530 1819 2571; baseline -0.005 -8"><span class='ocrx_word' id='word_1_394' title='bbox 1166 2535 1206 2563; x_wconf 71' lang='lat'>4⁴</span> <span class='ocrx_word' id='word_1_395' title='bbox 1234 2533 1377 2571; x_wconf 67' lang='lat' dir='ltr'>Sabinis]</span> <span class='ocrx_word' id='word_1_396' title='bbox 1400 2531 1479 2571; x_wconf 74' lang='lat' dir='ltr'>Qui,</span> <span class='ocrx_word' id='word_1_397' title='bbox 1497 2540 1563 2560; x_wconf 86' lang='lat' dir='ltr'>non</span> <span class='ocrx_word' id='word_1_398' title='bbox 1581 2539 1675 2560; x_wconf 82' lang='lat' dir='ltr'>secus</span> <span class='ocrx_word' id='word_1_399' title='bbox 1693 2541 1730 2560; x_wconf 83' lang='lat' dir='ltr'>ac</span> <span class='ocrx_word' id='word_1_400' title='bbox 1756 2530 1819 2560; x_wconf 82' lang='lat' dir='ltr'>La-</span> 
     </span>
     <span class='ocr_line' id='line_1_67' title="bbox 1124 2573 1819 2614; baseline -0.004 -8"><span class='ocrx_word' id='word_1_401' title='bbox 1124 2576 1200 2610; x_wconf 81' lang='lat' dir='ltr'>tini.</span> <span class='ocrx_word' id='word_1_402' title='bbox 1216 2581 1251 2606; x_wconf 86' lang='lat' dir='ltr'>et</span> <span class='ocrx_word' id='word_1_403' title='bbox 1266 2576 1306 2606; x_wconf 85' lang='lat' dir='ltr'>de</span> <span class='ocrx_word' id='word_1_404' title='bbox 1323 2575 1463 2614; x_wconf 75' lang='lat' dir='ltr'>imperio</span> <span class='ocrx_word' id='word_1_405' title='bbox 1480 2584 1556 2604; x_wconf 86' lang='lat' dir='ltr'>eum</span> <span class='ocrx_word' id='word_1_406' title='bbox 1573 2573 1732 2604; x_wconf 80' lang='lat' dir='ltr'>Romanis</span> <span class='ocrx_word' id='word_1_407' title='bbox 1748 2583 1819 2604; x_wconf 90' lang='lat' dir='ltr'>cer-</span> 
     </span>
     <span class='ocr_line' id='line_1_68' title="bbox 1121 2617 1819 2659; baseline -0.004 -10"><span class='ocrx_word' id='word_1_408' title='bbox 1121 2625 1286 2657; x_wconf 81' lang='lat' dir='ltr'>taverant,</span> <span class='ocrx_word' id='word_1_409' title='bbox 1299 2622 1331 2649; x_wconf 89' lang='lat' dir='ltr'>et</span> <span class='ocrx_word' id='word_1_410' title='bbox 1347 2627 1439 2659; x_wconf 78' lang='lat' dir='ltr'>spem</span> <span class='ocrx_word' id='word_1_411' title='bbox 1451 2618 1522 2656; x_wconf 81' lang='lat' dir='ltr'>jani</span> <span class='ocrx_word' id='word_1_412' title='bbox 1539 2627 1673 2648; x_wconf 84' lang='lat' dir='ltr'>omnem</span> <span class='ocrx_word' id='word_1_413' title='bbox 1691 2617 1819 2655; x_wconf 79' lang='lat' dir='ltr'>abjece-</span> 
     </span>
     <span class='ocr_line' id='line_1_69' title="bbox 1122 2667 1211 2694; baseline 0 -1"><span class='ocrx_word' id='word_1_414' title='bbox 1122 2667 1211 2694; x_wconf 84' lang='lat' dir='ltr'>rant.</span> 
     </span>
    </p>

    <p class='ocr_par' dir='ltr' id='par_1_18' title="bbox 1163 2703 1824 2744">
     <span class='ocr_line' id='line_1_70' title="bbox 1163 2703 1824 2744; baseline -0.006 -7"><span class='ocrx_word' id='word_1_415' title='bbox 1163 2709 1205 2737; x_wconf 88' lang='grc'>45</span> <span class='ocrx_word' id='word_1_416' title='bbox 1223 2705 1343 2737; x_wconf 64' lang='lat' dir='ltr'>Discum</span> <span class='ocrx_word' id='word_1_417' title='bbox 1360 2704 1565 2744; x_wconf 74' lang='lat' dir='ltr'>inunolasset]</span> <span class='ocrx_word' id='word_1_418' title='bbox 1591 2703 1824 2738; x_wconf 76' lang='lat' dir='ltr'>Aventinensi.</span> 
     </span>
    </p>
   </div>
   <div class='ocr_carea' id='block_1_14' title="bbox 380 2745 1824 2831">
    <p class='ocr_par' dir='ltr' id='par_1_19' title="bbox 380 2745 1824 2831">
     <span class='ocr_line' id='line_1_71' title="bbox 422 2745 1824 2789; baseline -0.001 -12"><span class='ocrx_word' id='word_1_419' title='bbox 422 2749 458 2777; x_wconf 68' lang='lat'>41</span> <span class='ocrx_word' id='word_1_420' title='bbox 499 2745 722 2789; x_wconf 48' lang='lat' dir='ltr'>conjungunt]</span> <span class='ocrx_word' id='word_1_421' title='bbox 765 2749 816 2778; x_wconf 78' lang='lat' dir='ltr'>lta</span> <span class='ocrx_word' id='word_1_422' title='bbox 839 2750 1006 2789; x_wconf 70' lang='lat' dir='ltr'>jungunt,</span> <span class='ocrx_word' id='word_1_423' title='bbox 1035 2754 1076 2781; x_wconf 82' lang='lat' dir='ltr'>ut</span> <span class='ocrx_word' id='word_1_424' title='bbox 1118 2754 1158 2780; x_wconf 88' lang='lat' dir='ltr'>ut</span> <span class='ocrx_word' id='word_1_425' title='bbox 1173 2749 1273 2779; x_wconf 83' lang='lat' dir='ltr'>docet</span> <span class='ocrx_word' id='word_1_426' title='bbox 1296 2748 1367 2778; x_wconf 77' lang='lat' dir='ltr'>val.</span> <span class='ocrx_word' id='word_1_427' title='bbox 1394 2747 1482 2778; x_wconf 78' lang='lat' dir='ltr'>Max.</span> <span class='ocrx_word' id='word_1_428' title='bbox 1504 2747 1579 2777; x_wconf 77' lang='lat' dir='ltr'>Vn.</span> <span class='ocrx_word' id='word_1_429' title='bbox 1605 2751 1635 2778; x_wconf 80' lang='lat'>3.</span> <span class='ocrx_word' id='word_1_430' title='bbox 1671 2747 1746 2779; x_wconf 77' lang='lat' dir='ltr'>Ideo</span> <span class='ocrx_word' id='word_1_431' title='bbox 1767 2748 1824 2777; x_wconf 82' lang='lat' dir='ltr'>ho·</span> 
     </span>
     <span class='ocr_line' id='line_1_72' title="bbox 380 2790 1669 2831; baseline 0.001 -11"><span class='ocrx_word' id='word_1_432' title='bbox 380 2790 504 2820; x_wconf 71' lang='lat' dir='ltr'>moenia</span> <span class='ocrx_word' id='word_1_433' title='bbox 522 2791 611 2820; x_wconf 87' lang='lat' dir='ltr'>urbis</span> <span class='ocrx_word' id='word_1_434' title='bbox 634 2791 700 2822; x_wconf 83' lang='lat' dir='ltr'>sint</span> <span class='ocrx_word' id='word_1_435' title='bbox 723 2793 925 2831; x_wconf 79' lang='lat' dir='ltr'>privatarum</span> <span class='ocrx_word' id='word_1_436' title='bbox 950 2793 1073 2823; x_wconf 77' lang='lat' dir='ltr'>aediuin</span> <span class='ocrx_word' id='word_1_437' title='bbox 1117 2802 1192 2826; x_wconf 80' lang='lat' dir='ltr'>vem</span> <span class='ocrx_word' id='word_1_438' title='bbox 1209 2792 1348 2825; x_wconf 72' lang='lat' dir='ltr'>Sabinus</span> <span class='ocrx_word' id='word_1_439' title='bbox 1365 2792 1505 2824; x_wconf 76' lang='lat' dir='ltr'>Romam</span> <span class='ocrx_word' id='word_1_440' title='bbox 1521 2790 1669 2823; x_wconf 74' lang='lat' dir='ltr'>adduxit.</span> 
     </span>
    </p>
   </div>
   <div class='ocr_carea' id='block_1_15' title="bbox 380 2834 1075 2877">
    <p class='ocr_par' dir='ltr' id='par_1_20' title="bbox 380 2834 1075 2877">
     <span class='ocr_line' id='line_1_73' title="bbox 380 2834 1075 2877; baseline 0.004 -13"><span class='ocrx_word' id='word_1_441' title='bbox 380 2839 510 2874; x_wconf 73' lang='lat' dir='ltr'>partes:</span> <span class='ocrx_word' id='word_1_442' title='bbox 536 2834 624 2865; x_wconf 83' lang='lat' dir='ltr'>uude</span> <span class='ocrx_word' id='word_1_443' title='bbox 650 2835 763 2875; x_wconf 74' lang='lat' dir='ltr'>fiebat,</span> <span class='ocrx_word' id='word_1_444' title='bbox 779 2841 817 2868; x_wconf 88' lang='lat' dir='ltr'>ut</span> <span class='ocrx_word' id='word_1_445' title='bbox 840 2837 980 2877; x_wconf 80' lang='lat' dir='ltr'>Augusti</span> <span class='ocrx_word' id='word_1_446' title='bbox 1004 2846 1075 2867; x_wconf 75' lang='lat' dir='ltr'>oevo</span> 
     </span>
    </p>
   </div>
  </div>
 </body>
</html>
