1991 3250
189 234 318 264 classes.

356 125 409 159 58
891 114 1037 155 ΤΙΤῙ
1076 113 1257 154 LIVII

358 235 463 273 rem,
494 233 669 262 censum
702 218 924 270 haberent,
955 218 1183 274 octoginta
1213 217 1405 260 confecit
1435 219 1661 271 centurias,
1690 235 1794 277 qua-

358 279 567 335 dragenas
605 280 634 301 ¹⁸
650 276 864 318 seniorum
904 290 954 317 ac
983 275 1223 330 juniorum.
1284 275 1431 316 Prima
1467 275 1612 318 classis
1647 291 1794 319 omnes

357 334 576 392 adpellati.
637 334 850 382 seniores,
873 331 927 374 ad
957 332 1074 373 urbis
1105 332 1344 374 custodiam
1373 341 1420 374 ut
1448 341 1607 389 praesto
1629 345 1794 378 essent:

351 392 550 450 juveneS,
572 399 619 432 ut
646 390 750 432 foris
780 389 891 430 bella
919 398 1131 445 gererent.
1169 403 1288 430 arma
1315 389 1381 430 his
1412 389 1635 445 imperata,
1657 391 1793 448 galea,

358 450 560 506 clipeum,
581 462 736 498 ocreae,
757 446 912 497 lorica3
945 446 1092 487 omnia
1123 460 1178 487 ex
1209 461 1307 488 aere.
1345 446 1440 488 haec
1469 457 1518 487 ut
1548 457 1796 504 tegumenta

358 507 549 562 corporis
571 514 726 547 essent.
761 502 846 544 tela
865 503 910 543 in
932 501 1116 554 hostem,
1139 502 1344 558 hastaque
1366 513 1410 544 et
1431 503 1612 560 gladius.
1659 503 1795 546 Addi-

361 575 417 606 tae
440 563 542 605 huic
569 561 694 603 classi
730 560 870 601 ¹⁹duae
902 558 1071 600 fabrfim
1093 561 1315 611 centuriae,
1336 573 1433 615 quae
1456 562 1547 602 sine
1571 561 1698 602 armis
1720 561 1795 602 sti-

358 621 516 678 pendia
549 619 754 660 facerent.
794 616 942 657 datum
976 631 1145 668 munuS‚
1169 626 1216 657 ut
1246 617 1466 659 machinas
1495 619 1537 659 in
1570 617 1680 659 bello
1713 617 1795 660 fer-

359 687 470 720 rent.
531 674 728 717 Secunda
759 673 904 714 classis
934 674 1044 714 intra
1075 682 1249 714 centum
1281 689 1415 730 usque
1447 675 1499 716 ad
1533 675 1721 730 quinque
1751 682 1797 717 et

362 733 638 791 septuaginta
657 731 840 772 millium
861 744 1037 771 censum
1059 730 1285 781 instituta3
1316 742 1359 772 et
1381 746 1434 773 ex
1457 732 1540 783 his,
1557 732 1797 774 senioribus

355 791 706 847 junioribusque,
724 787 881 844 viginti
903 787 1162 844 conscriptae
1180 789 1412 841 centuriae:
1438 803 1555 830 arma
1572 790 1796 845 imperata,

361 851 394 871 ²⁰
409 856 577 890 scutum
602 860 678 902 pro
695 845 851 901 clipeo,
867 853 911 885 et
933 851 1088 900 praeter
1106 844 1282 886 loricam
1301 846 1447 886 omnia
1463 845 1625 887 eadem.
1647 849 1676 869 ‘²¹
1693 845 1798 887 Ter-

362 905 436 946 tiae
459 904 604 946 classis
626 903 670 944 in
690 901 1006 959 quinquaginta
1026 901 1205 942 millium
1228 915 1402 942 censum
1424 916 1515 944 esse
1538 903 1688 944 voluit.
1711 911 1798 944 tot·

363 962 477 1004 idern
500 960 707 1004 centuriae
740 968 784 1001 et
817 959 900 1011 hae,
924 958 1161 1014 eodemque
1194 957 1440 1000 discrimine
1473 960 1684 1010 aetatium,
1706 959 1797 1001 fac·

365 1029 447 1062 tae:
507 1033 587 1059 nec
623 1017 677 1058 de
714 1016 842 1058 armis
878 1015 1113 1071 quidquam
1153 1024 1393 1067 mutatum3
1453 1031 1592 1058 ocreae
1631 1025 1799 1058 tantum

364 1077 564 1118 ademtae.
626 1073 677 1115 In
706 1082 859 1130 quarta
886 1072 1019 1114 classe
1047 1087 1198 1114 census
1230 1072 1419 1129 quinque
1447 1083 1491 1114 et
1520 1074 1674 1130 viginti
1705 1073 1802 1114 mil-

363 1133 486 1185 lium,
509 1132 690 1175 totidem
719 1130 924 1173 centuriae
947 1129 1090 1171 faetae.
1122 1143 1240 1171 arma
1261 1140 1440 1182 mutata,
1470 1133 1503 1154 ²²
1518 1130 1623 1172 nihil
1645 1138 1801 1187 praeter

363 1190 534 1233 hastam
557 1199 600 1231 et
622 1198 819 1230 verutum
847 1188 1011 1229 datum.
1071 1187 1238 1234 Quinta
1266 1186 1411 1229 classis
1433 1196 1573 1239 aucta,
1594 1188 1800 1229 centuriae

366 1248 548 1304 triginta
577 1246 729 1289 factae:
762 1244 916 1286 fundas
945 1244 1192 1300 lapidesque
1221 1243 1402 1286 missiles
1433 1245 1477 1286 hi
1505 1259 1648 1286 secum
1681 1258 1801 1301 gere-

366 1306 488 1348 bant.
519 1310 549 1332 2²³
566 1304 608 1346 in
639 1302 705 1345 his
734 1301 970 1354 2⁴adcensi‚
1000 1301 1255 1354 cornicines,
1277 1304 1309 1324 ⁹5
1325 1302 1623 1359 tibicinesque,
1646 1301 1688 1343 in
1719 1311 1803 1343 tres

369 1416 444 1448 aeris
460 1415 501 1447 ad
517 1418 697 1456 argentum
713 1412 882 1455 proportio
899 1415 1064 1449 servetur,

369 1461 527 1491 aestimari
552 1459 677 1499 poterit
699 1458 832 1494 marcis,
857 1466 914 1486 seu
937 1455 1065 1486 selibris

371 1505 500 1543 argenti
523 1502 760 1533 Parisiensibus
790 1501 858 1531 156.
885 1509 962 1529 cum
986 1498 1066 1529 dua-

369 1547 432 1577 bus
451 1547 557 1578 unciis
572 1559 578 1576 :
597 1545 764 1580 secundae,
781 1547 852 1578 117.
868 1552 944 1573 cum
960 1543 1066 1572 tribus

372 1591 571 1621 semunciis:
595 1589 719 1625 tertiae,
735 1591 788 1622 78.
812 1597 888 1617 cum
912 1595 981 1616 una
1003 1595 1066 1616 un-

373 1636 443 1664 cia:
468 1639 608 1672 quartae,
625 1636 677 1665 33).
693 1642 768 1662 cum
787 1640 855 1660 una
870 1630 1062 1659 semuncia:

371 1679 513 1717 quinta»,
545 1681 589 1710 17,
631 1686 706 1705 cum
738 1675 845 1705 tribus
874 1673 1065 1703 semunciis.

373 1721 529 1752 Ratione:
560 1719 658 1757 liujus
689 1718 919 1749 aestimatiouis
950 1716 1066 1746 attuli-

370 1775 446 1795 mus
461 1765 494 1794 in
513 1763 739 1803 disputatione
756 1762 796 1792 de
811 1760 1012 1801 ponderibus
1032 1763 1066 1790 et

373 1809 533 1848 pecuniis.
579 1807 638 1836 llice
663 1809 775 1835 autem
800 1814 918 1835 census
942 1803 1066 1833 intelli-

372 1851 500 1891 gendus
515 1855 579 1887 est,
596 1859 661 1880 uon
678 1850 717 1879 tle
736 1849 843 1879 reditu
867 1857 992 1884 annuo,
1009 1846 1067 1877 sed

372 1896 412 1925 «le
429 1900 515 1926 sorte
532 1895 603 1935 ipsa
628 1894 788 1923 bonorum
807 1892 1068 1931 uniuscujusque

372 1939 496 1969 classis.

422 1985 457 2013 13
485 1979 670 2019 Semina-um]
689 1980 754 2020 Qui
771 1983 902 2009 sextum
919 1984 953 2009 et
966 1978 1068 2016 quad-

373 2026 574 2065 ragesimum
613 2024 721 2055 aetatis
765 2032 893 2053 annum
939 2023 1069 2060 attigis-

373 2075 460 2099 sent.
506 2069 699 2104 danim-um,
722 2077 742 2097 a
767 2067 897 2097 decimo
926 2066 1067 2105 septimo

373 2115 481 2143 aetatis
505 2122 592 2142 anno
619 2112 660 2141 ad
685 2110 972 2150 quadragesimum
997 2119 1067 2139 sex-

374 2165 460 2186 tum.
498 2156 573 2186 vid.
597 2155 635 2185 A.
652 2154 737 2184 Geli.
754 2154 775 2183 l.
794 2155 836 2184 X.
861 2164 889 2183 c.
908 2155 959 2183 98.
996 2153 1068 2183 Hac

375 2200 414 2229 tle
433 2210 466 2229 re
480 2205 634 2229 accurate
647 2198 795 2238 disputat
811 2197 942 2238 Lipsius
958 2197 978 2227 l.
990 2196 1016 2227 l.
1028 2197 1068 2227 de

374 2242 497 2274 Militia
515 2243 609 2272 Rom.
627 2241 715 2272 Dial.
732 2243 763 2272 2.

424 2290 458 2321 if)
485 2285 721 2324 Ducefizbrzlm
736 2283 902 2326 centuria]
922 2284 990 2315 Has
1008 2283 1068 2314 Di-

373 2330 509 2370 onysius
526 2329 679 2359 secundae
697 2327 808 2366 classi,
824 2330 932 2359 verius
949 2327 1068 2357 fortas-

373 2383 421 2410 se,
439 2373 603 2403 attribuit.
719 2377 723 2380 '

419 2419 460 2446 ‘20
485 2416 623 2447 Senium
642 2424 704 2454 pro
719 2414 837 2455 clypeo]
858 2414 1000 2455 Clypeus
1018 2423 1069 2444 ro-

376 2460 501 2489 tundus
538 2464 573 2490 ot
611 2459 765 2488 brendon·
796 2462 950 2496 scutum,
980 2463 1068 2487 teste

377 2503 488 2542 Polyb.
507 2503 527 2532 l.
544 2503 600 2532 Vl.
617 2503 729 2532 formae
747 2502 912 2540 oblongae,
926 2508 1071 2541 quatuor

377 2546 476 2586 pedes
507 2546 658 2585 longum,
685 2546 787 2575 lutum
812 2545 893 2575 duos
917 2555 993 2574 cum
1017 2554 1069 2573 se-

378 2590 489 2624 misse,
514 2597 548 2619 ut
581 2595 690 2619 totum
715 2599 834 2628 eorpus
858 2593 1067 2629 protegeret:

376 2633 513 2670 ideoque
546 2633 660 2663 datum
684 2632 838 2662 secundm
862 2632 971 2667 classi.
995 2642 1068 2670 quae

376 2676 511 2705 loricam
553 2685 617 2705 non
657 2676 802 2706 haberet.
849 2675 1067 2712 Posteaquam

377 2719 517 2749 Romani
542 2719 662 2748 milites
680 2719 882 2758 stipendium
906 2719 945 2748 de
967 2718 1072 2757 publi-

377 2773 416 2791 co
433 2772 602 2801 novem-w,
616 2767 711 2791 soum
727 2763 880 2791 onum-ns
897 2762 975 2791 data
992 2762 1072 2791 fnis-

378 2816 410 2836 se
428 2812 546 2835 aneton·
561 2812 610 2835 est
631 2805 698 2836 Liv.
718 2805 809 2835 Vlll.
827 2810 856 2834 5²1.

422 2851 456 2880 21
496 2849 612 2879 Terttoe
649 2847 771 2886 classis]
818 2848 933 2878 streioe
964 2849 1071 2877 classis

1107 1411 1276 1442 centurias
1290 1411 1337 1448 in,
1354 1409 1387 1440 id
1403 1414 1455 1440 est
1469 1419 1573 1448 usque
1589 1409 1630 1439 ad
1645 1410 1804 1449 quinqua-

1107 1455 1206 1493 ginta
1243 1455 1385 1485 millium
1421 1463 1550 1483 censum
1587 1463 1649 1483 esse
1692 1454 1806 1484 voluit.

1109 1498 1180 1528 Vox
1197 1498 1363 1529 centurias
1379 1495 1434 1527 hic
1449 1495 1634 1536 supplenda
1648 1502 1712 1533 est,
1724 1506 1805 1536 quo-

1111 1541 1209 1572 modo
1225 1541 1381 1572 centurioe
1396 1539 1496 1578 infra,
1507 1543 1544 1570 ut
1559 1540 1706 1570 secundm
1721 1541 1804 1570 clas-

1108 1586 1152 1615 sis
1167 1588 1371 1616 vocarentur.
1417 1583 1524 1613 Possis
1541 1592 1670 1622 quoque
1694 1582 1804 1614 delere

1109 1629 1262 1659 voculam
1277 1630 1324 1658 in..

1153 1675 1194 1703 252
1228 1673 1326 1703 Nihil
1350 1675 1474 1710 proeler
1503 1671 1630 1701 hastam
1656 1674 1686 1700 et
1709 1680 1806 1700 veru-

1110 1714 1197 1753 tum]
1217 1715 1420 1746 Probabilius
1438 1724 1529 1744 arma
1551 1715 1697 1753 assignat
1722 1713 1804 1743 Dio-

1111 1760 1221 1799 nysius
1251 1759 1330 1789 huie
1354 1758 1463 1795 classi,
1487 1763 1635 1794 scutum,
1659 1757 1803 1795 hastam,

1111 1808 1145 1833 et
1167 1802 1328 1842 gladium.
1373 1803 1490 1840 Neque
1513 1801 1602 1831 enirn
1627 1800 1805 1830 verisimile

1111 1846 1244 1877 videtur
1266 1846 1347 1876 duas
1371 1845 1503 1882 classes,
1528 1849 1562 1875 et
1585 1843 1719 1882 quidem
1745 1853 1806 1873 nu-

1113 1891 1365 1925 merosissimas,
1381 1888 1443 1918 levi
1467 1894 1645 1918 armaturae
1662 1887 1805 1918 attribu-

1110 1938 1161 1964 tas
1183 1934 1297 1964 fuisse.
1344 1933 1388 1963 Et
1410 1933 1549 1962 fortasse
1565 1931 1619 1961 hic
1636 1941 1695 1972 pro
1710 1941 1804 1962 veru·

1112 1982 1184 2008 tum
1199 1976 1378 2017 legendum
1395 1980 1446 2006 est
1459 1979 1600 2006 scutum.

1155 2023 1194 2051 93
1221 2021 1261 2051 In
1278 2019 1339 2058 his]
1361 2019 1398 2049 ln
1421 2019 1540 2049 harum
1563 2019 1705 2058 triginta
1729 2028 1806 2049 cen·

1112 2066 1277 2094 tui-iarum
1302 2072 1441 2093 numero
1465 2062 1597 2092 inclusi.
1643 2064 1696 2093 Sic
1712 2063 1804 2093 enim

1112 2115 1186 2138 tota
1194 2109 1423 2138 universarum
1434 2106 1660 2136 centuriarum
1674 2115 1807 2136 summa

1114 2161 1291 2182 numerum
1322 2151 1483 2190 imparem
1515 2150 1678 2180 servabit:
1719 2149 1815 2189 quod-

1113 2196 1262 2226 Servium
1276 2194 1416 2224 voluisse
1430 2193 1606 2223 verisimile
1623 2199 1686 2231 est,
1703 2197 1741 2224 ut
1756 2193 1807 2223 ul·

1109 2240 1194 2269 tima
1233 2239 1387 2268 centuria
1414 2247 1545 2276 sperare
1575 2242 1686 2276 posset
1714 2236 1806 2266 sutu-

1112 2292 1199 2321 rum,
1215 2288 1255 2312 ut
1271 2282 1380 2311 divisis
1397 2280 1570 2320 aequalitcr
1584 2280 1616 2310 in
1633 2280 1714 2310 duas
1730 2289 1805 2319 par-

1110 2331 1163 2357 tes
1201 2331 1386 2356 ceterarum
1424 2324 1576 2354 omnium
1614 2323 1806 2361 sententiis,

1111 2369 1268 2408 suffragio
1297 2379 1356 2399 suo
1388 2377 1439 2398 res
1467 2372 1542 2397 tota
1574 2366 1807 2397 inclinaretur.

1113 2413 1152 2444 ld
1174 2415 1264 2443 enim
1288 2413 1348 2442 etsi
1365 2412 1431 2448 vix,
1458 2420 1496 2440 ac
1522 2419 1563 2440 ne
1590 2410 1644 2440 vix
1670 2409 1803 2450 quidem

1112 2457 1264 2487 futurum
1280 2463 1364 2492 erat,
1376 2462 1490 2485 tamen
1506 2463 1579 2493 spes
1597 2453 1654 2484 illa
1667 2453 1806 2484 omnino

1113 2499 1323 2541 praeeidenda
1339 2499 1461 2528 infimae
1485 2497 1572 2536 plebi
1590 2506 1656 2527 uon
1672 2497 1749 2533 fuit,
1767 2502 1806 2527 ut

1114 2545 1230 2575 mitius
1259 2543 1425 2582 acciperet
1447 2541 1665 2570 immutatum
1690 2540 1808 2570 suffra-

1114 2589 1242 2625 giorum
1282 2586 1444 2616 ordinem.
1490 2585 1683 2623 Dionysius,
1714 2583 1807 2614 nulla

1114 2638 1332 2661 accensorum
1376 2628 1467 2657 facta
1502 2628 1685 2664 mentione,
1723 2626 1806 2657 duas

1114 2674 1321 2704 cornicinum
1351 2671 1606 2709 tubicinumque
1638 2670 1807 2700 centurias

1117 2718 1210 2748 addit
1239 2716 1380 2755 triginta
1410 2714 1548 2753 hujusce
1579 2713 1690 2744 classis
1730 2722 1807 2744 cen-

1116 2761 1224 2790 iuriis.

1159 2805 1200 2833 ‘24
1223 2801 1368 2840 Accensi]
1387 2801 1532 2842 Quinam
1550 2800 1583 2830 hi
1600 2801 1667 2830 sint
1683 2801 1808 2830 accensi

1116 2846 1148 2876 in
1173 2855 1272 2876 unam
1301 2846 1501 2886 peculiarem
1527 2844 1712 2874 centuriam
1729 2853 1808 2874 con·
