1914 3239
620 136 744 174 LIB.
772 136 804 173 1.
841 126 972 173 CAP.
999 133 1116 173 V11.'
1528 140 1576 177 13

126 248 259 290 quum
282 249 409 276 avum
443 242 587 292 regem
611 235 882 285 salutassent,
905 244 1054 275 secuta
1076 248 1130 275 ex
1155 234 1273 275 omni
1299 234 1577 278 multitudine

126 292 400 332 consentiens
439 306 525 333 vox
565 302 705 332 ratum
740 306 897 332 nomen
934 292 1251 347 imperiumque
1286 293 1377 346 regi
1414 293 1574 333 eflecit.

126 345 196 388 Ita
230 347 452 389 Numitori
487 347 658 388 Albana
690 348 898 403 permissa
933 361 992 411 re,
1024 347 1257 387 Romulum
1302 347 1773 403 RemumqueUrbiscon

125 405 285 459 cupido
308 403 439 459 cepit,
457 403 499 444 in
520 405 572 444 iis
592 404 713 453 locis,
737 404 810 444 ubi
834 405 1043 459 expositi,
1064 404 1224 458 ubique
1243 403 1414 444 educati
1438 405 1782 456 e1a11t,d‘=¹¹daecou

126 461 243 501 urbis
276 460 529 502 condendae.
560 468 604 500 et
634 462 902 514 ⁴³supererat
934 460 1167 501 multitudo
1198 459 1469 500 Albanorum
1494 460 1576 501 La·
1589 449 1693 522 {sixtum
1711 460 1794 491 ‘³1³¹‘

128 517 420 571 tinorumque..
452 517 504 556 ad
528 516 570 556 id
594 520 787 571 pastores
825 531 998 570 quoque
1020 526 1306 566 accesserant,
1330 518 1402 570 qui
1427 531 1576 557 omnes

125 572 252 613 facile
287 586 407 628 spem
446 572 653 622 facerent,
698 587 874 627 parvam
911 573 1085 621 Albam,
1123 587 1302 627 parvum
1343 573 1575 613 Lavinium

126 644 215 685 prae
237 643 287 669 ea
319 629 438 679 urbe,
461 643 559 683 quae
590 628 861 679 conderetur,
892 627 998 669 f01·.e
1061 628 1302 669 Intervenit
1331 629 1487 669 deinde
1510 629 1575 670 his

126 685 468 741 cogitationibus
491 686 659 725 avitum
683 685 858 736 malum,
879 685 999 740 regni
1021 685 1197 740 cupidO,
1217 694 1346 739 atque
1369 685 1468 726 inde
1492 684 1578 726 foe-

126 742 228 782 dum
263 752 482 782 certamen
524 752 722 783 coortum
762 756 786 781 a
820 719 951 782 53ῐίεΟ
959 742 1053 782 miti
1085 742 1578 796 ⁴⁴p1-incipio³.Quo-

125 798 242 839 niam
267 797 428 853 gemini
453 808 610 849 essent,
629 812 709 838 nec
733 799 874 838 aetatis
900 798 1157 839 verecundia
1179 798 1410 839 discrimen
1436 797 1577 839 facere

126 864 287 909 posset,
310 863 357 895 ut
381 853 472 904 Dii,
495 868 680 908 quorum
705 855 850 895 tutelae
874 868 924 895 ea
945 854 1040 895 loca
1068 863 1226 904 essent,
1247 855 1438 908 auguriis
1462 854 1577 909 lege-

128 921 238 961 1·‚ent
261 910 336 965 qui
359 925 514 951 nomen
541 925 664 952 novae
689 912 784 951 urbi
808 911 943 961 da·,1et
962 911 1033 965 qui
1061 911 1314 951 conditam
1307 911 1488 965 imperio
1514 926 1577 951 re-

126 977 262 1022 geret,
287 965 529 1008 Palatiumh
552 967 779 1019 Romulus,
818 967 982 1008 Remus
1010 967 1278 1009 Aventinum
1308 967 1361 1008 ad
1394 981 1578 1023 inaugu-

128 1024 311 1065 landum
332 1026 364 1047 ⁴⁵
380 1023 540 1079 templa
561 1024 755 1078 capiunt.

182 1079 289 1120 VII.
314 1080 454 1121 Priori
480 1079 620 1121 Remo
644 1080 873 1136 augurium
897 1079 1065 1120 venisse
1087 1077 1238 1130 fertur
1260 1093 1335 1120 sex
1361 1079 1576 1121 v:nltures

123 1136 317 1192 jamque,
340 1137 547 1178 nunciato
581 1138 779 1191 augurio,
801 1151 933 1191 quum
964 1135 1125 1190 duplex
1157 1150 1359 1177 numerus
1385 1136 1579 1177 Romulo

128 1207 172 1234 se
191 1193 464 1244 ostendisset,
488 1203 718 1247 utrumque
741 1207 885 1248 regem
910 1207 986 1233 sua
1017 1192 1250 1233 multitudo
1275 1207 1393 1233 cons
1385 1192 1579 1233 ιῙυῑεῑνΕ-

126 1259 205 1291 rat.
247 1251 280 1272 ‘¹⁶
296 1260 489 1306 tempore
523 1250 582 1291 illi
606 1260 842 1305 praecepto,
874 1259 918 1289 at
939 1249 985 1289 hi
1009 1263 1187 1289 numero
1210 1251 1372 1299 avium,
1394 1263 1576 1304 regnum

127 1306 371 1347 trahebant.
424 1306 546 1357 Inde,
580 1320 681 1347 eum
711 1306 991 1347 altercatione
1022 1306 1259 1361 congressi,
1291 1309 1322 1331 ⁴7
1341 1306 1577 1346 certamine
1590 1323 1743 1351 Remusa

126 1363 284 1404 irarum
308 1362 360 1404 ad
383 1363 548 1404 caedem
572 1371 813 1404 v··e1tuntui.
846 1363 939 1403 ibi
931 1377 971 1402 in
999 1363 1151 1402 turba'
1145 1373 1254 1402 ictus
1280 1362 1443 1403 Remus
1465 1364 1577 1404 ceci·
1590 1365 1687 1393 fratre
1700 1364 1781 1394 000³-

126 1420 206 1460 dit.
228 1419 459 1475 Vulgatior
478 1419 594 1460 fama
607 1429 686 1470 est,
703 1419 890 1461 ludibrio
906 1419 1048 1459 fnatris
1065 1418 1250 1459 Remum
1271 1433 1406 1460 novos
1425 1420 1578 1460 transi·
1591 1408 1691 1438 ‘³¹⁰³‘

125 1475 255 1517 luisse
285 1490 459 1518 mur:os
510 1477 610 1517 inde
641 1477 696 1516 ab
719 1477 828 1517 irato
853 1474 1043 1516 Romulo
1064 1480 1216 1529 (quum
1243 1476 1382 1516 venbis
1405 1490 1580 1530 quoque

127 1532 392 1588 increpitans
429 1532 672 1587 adjecisset,
698 1532 767 1574 Sic
799 1531 954 1582 deinde,
978 1531 1217 1587 quicumque
1250 1532 1355 1572 alius
1376 1533 1581 1573 transiliet

125 1589 271 1630 maenia
294 1590 400 1639 mea)
425 1589 718 1630 interf.ectum
780 1588 849 1630 Ita
871 1588 984 1629 solus
1010 1589 1174 1643 potitus
1203 1589 1386 1644 imperio
1410 1589 1578 1630 homu-
1590 1600 1690 1628 Roma
1705 1600 1798 1629 cond.

125 1645 219 1697 lus;
249 1646 472 1686 ⁴⁸condita
494 1646 595 1687 urbs
618 1645 858 1687 conditoris
890 1645 1066 1687 nomine
1087 1644 1316 1708 adpellata
1361 1642 1775 1686 Palatium0¹·V¹1·1·

125 1703 331 1757 primum,
351 1702 394 1743 in
417 1717 504 1757 quo
524 1702 616 1758 ipse
637 1714 729 1743 erat
759 1702 981 1752 educatus,
1004 1702 1184 1743 muniit:
1219 1716 1339 1743 sacia
1363 1701 1459 1742 Diis
1484 1690 1631 1758 aliis}
1637 1688 1692 1713 ant
1695 1694 1710 1712 θ
1726 1686 1764 1715 ί

127 1758 301 1800 Albano
325 1758 426 1810 ritu,
451 1759 611 1800 Graeco
635 1758 833 1810 Herculi,
855 1768 904 1800 ut
922 1759 977 1799 ab
999 1757 1201 1799 Evandro
1223 1758 1424 1799 instituta
1441 1768 1578 1809 erant,

130 1815 254 1856 facit.
315 1815 574 1857 Herculem¹
606 1816 650 1857 in
683 1830 734 1856 ea
766 1816 877 1866 loca,
917 1815 1122 1871 Geryone
1156 1815 1402 1866 interemto,
1447 1817 1577 1856 boves
1591 1828 1739 1899 lii-arculis

1590 1880 1609 1899 3
1632 1874 1742 1900 ventus
1759 1871 1794 1905 in

1648 1731 1722 1759 751.

167 1911 183 1931 ἕ
192 1906 360 1945 principio.
405 1906 468 1935 Hic
481 1905 633 1935 minorem
650 1906 940 1944 interpunctionem
955 1905 1051 1934 habet
1065 1905 1166 1934 Gron.
1185 1906 1354 1943 conjuncta
1376 1907 1518 1935 oratione
1539 1906 1578 1935 ad
1590 1914 1732 1945 Latium,

127 1954 245 1987 regeret
260 1958 371 1987 usque.

126 1993 227 2021 tinam
250 1993 348 2022 Gron.
378 1992 470 2021 Crev.

128 2074 131 2077 '
170 2065 440 2106 43*Supererat
455 2066 645 2106 multitudo]
672 2067 834 2098 Abunda-

131 2110 200 2140 bat.

170 2155 214 2183 44
238 2153 424 2193 Principio]
441 2153 587 2193 Nempe,
607 2158 657 2190 ut,
674 2154 832 2192 quoniam

131 2200 244 2226 essent
269 2198 447 2235 gemini..
468 2197 536 2255 .dii
567 2198 715 2236 auguriis
746 2197 834 2235 lege

128 2244 231 2270 rent.
487 2253 493 2256 ·
554 2253 560 2257 ·

172 2286 215 2313 45
242 2282 396 2322 Templa]
411 2283 592 2322 Templum
603 2267 785 2313 ‘dicebatur
802 2287 837 2313 et

129 2326 278 2366 spatium
302 2326 468 2365 quoddam
494 2327 539 2355 in
545 2336 619 2355 aere
644 2327 684 2356 ab
710 2336 836 2365 augure

132 2369 325 2405 definitum,
343 2370 434 2399 intra
451 2369 539 2407 quod
555 2370 706 2409 auspicia
722 2375 836 2409 capta—

130 2412 213 2450 bat;
239 2419 274 2442 et
302 2413 372 2452 ipse
397 2412 502 2449 locus,
520 2412 576 2441 ubi
601 2412 714 2442 sedem
740 2422 837 2452 cepe·

130 2459 183 2486 rat
207 2455 248 2485 ad
271 2455 441 2495 captanda
464 2455 622 2494 auspicia.
666 2456 699 2485 A
721 2457 838 2495 templo

129 2499 178 2529 ita
194 2497 373 2528 intellecto*
387 2498 516 2528 dictum
540 2503 590 2527 est
614 2500 836 2547 contemplari:

178 2542 220 2571 46
232 2541 250 2559 *²
267 2541 421 2580 Tempore
445 2542 494 2571 illi
505 2541 679 2580 prcecepto]
708 2541 761 2571 illi
780 2542 836 2579 qui

133 2584 242 2616 Remo
256 2583 426 2621 favebant,
443 2593 586 2622 regnum
605 2585 645 2613 ad
669 2594 744 2614 eum
770 2589 837 2614 tra-

132 2626 273 2664 hebant,
289 2628 356 2657 sive
381 2628 452 2667 ejus
474 2637 544 2657 esse
562 2626 681 2657 debere
699 2631 838 2667 conten-

135 2670 271 2707 debant,
300 2670 387 2709 quod
415 2670 595 2709 augurium
624 2671 654 2699 ei
686 2670 837 2700 oblatum

134 2718 287 2753 tempore
301 2714 394 2754 prius
410 2718 515 2743 esset:
542 2713 588 2750 hi,
605 2714 662 2753 qui
679 2712 838 2750 Romuio,

136 2756 178 2788 ad
206 2765 285 2785 eum
309 2757 476 2796 pertinere
499 2766 642 2795 regnum
667 2756 837 2792 dicebant,

137 2798 226 2838 quod
250 2800 356 2839 major
376 2809 445 2830 sese
463 2799 493 2830 ei
509 2799 709 2831 ostendisset
725 2799 838 2830 avium

138 2851 310 2874 numerus.

418 1949 466 1977 lbi
481 1953 587 1978 autem
603 1949 933 1987 major'interpunctio
949 1948 1070 1977 dirimit
1080 1949 1264 1978 orationem.

651 1991 845 2022 *Herculem
868 1998 923 2022 etc.
968 1992 1030 2020 Hic
1061 1992 1187 2021 initium
1215 1992 1327 2030 capitis
1353 1992 1480 2030 septimi
1506 1992 1581 2022 fecit

1451 1948 1466 1968 ¹²
1481 1950 1581 1978 Pala·

921 2070 962 2101 47
975 2066 995 2085 ²*
1011 2067 1195 2097 Cer-tamine
1218 2067 1367 2107 irarum]
1403 2067 1495 2098 Dum
1512 2078 1584 2098 cer·

878 2113 955 2140 tant
971 2111 1146 2149 utriusque
1163 2111 1233 2148 irae,
1250 2116 1286 2141 et
1309 2120 1350 2141 ex
1372 2111 1443 2151 ipso
1466 2111 1585 2141 confli-

880 2158 938 2183 ctu
956 2154 1190 2183 exardescunt.

923 2199 964 2226 453
994 2196 1128 2226 Condita
1155 2197 1249 2235 urbs]
1274 2196 1323 2227 Ex
1348 2197 1484 2227 Catonis
1508 2207 1584 2227 sen-

879 2240 1001 2277 tentia,
1018 2239 1127 2269 Roma
1143 2239 1277 2270 condita
1293 2245 1344 2270 est
1367 2241 1446 2279 ipsis
1470 2241 1584 2270 Palili-

879 2284 954 2318 bus,
972 2282 1031 2312 XI.
1049 2282 1125 2312 Kal.
1141 2283 1222 2312 Maii
1238 2284 1317 2313 anni
1334 2287 1361 2313 l.
1375 2283 1583 2323 Olympiadis

880 2325 956 2356 Vll.
972 2332 1051 2355 ante
1070 2325 1241 2355 Christum
1260 2329 1334 2360 751.
1362 2327 1488 2357 Mirum
1508 2336 1584 2366 pro·

880 2369 969 2398 fecto
986 2368 1040 2398 hic
1056 2378 1122 2398 non
1147 2369 1312 2399 indicasse
1336 2368 1483 2406 Livium,
1500 2374 1583 2408 quot

883 2421 986 2442 annos
1003 2412 1210 2442 existimaret.
1226 2412 1266 2442 ab
1284 2413 1364 2442 urbe
1387 2412 1525 2443 condita.
1540 2412 1583 2442 ad

881 2465 910 2485 s·
910 2465 943 2484 13
958 2462 1112 2495 tempora
1129 2455 1257 2494 elapsos
1273 2465 1356 2486 esse.
1380 2454 1470 2495 Quid
1486 2455 1526 2485 de
1543 2464 1584 2487 ea

882 2508 918 2528 re
943 2503 1056 2527 noster
1077 2499 1223 2537 scriptor
1245 2499 1401 2536 senserit,
1425 2498 1584 2538 expendit

882 2540 1094 2571 [lectissimus
1110 2540 1315 2578 Dodwelhzs,
1328 2521 1473 2572 Dis’sert.
1489 2541 1530 2571 X.
1540 2541 1583 2572 de

882 2584 929 2624 Cy
933 2584 991 2614 elis
1006 2584 1256 2614 Romanorum:
1281 2590 1316 2614 et
1333 2595 1410 2614 eum
1427 2584 1584 2615 Catonia·

882 2636 961 2657 nam
978 2636 1078 2657 aeram
1103 2631 1258 2657 secutum
1281 2627 1396 2663 fuisse,
1412 2637 1486 2666 quae
1502 2626 1585 2657 Var-

882 2671 1023 2700 romana
1038 2669 1165 2700 duobus
1178 2671 1275 2700 annis
1286 2670 1415 2700 brevior
1429 2674 1493 2707 est,
1508 2680 1586 2709 pro·

882 2713 961 2742 bare
978 2713 1111 2742 nititur.
1149 2712 1361 2744 Dodwellum
1378 2717 1511 2744 secutus
1533 2716 1584 2742 est

882 2757 917 2785 in
952 2765 1014 2785 sua
1042 2755 1127 2786 Livii
1150 2755 1297 2787 editione
1321 2757 1372 2787 vir
1394 2756 1584 2794 multijugae

882 2798 1095 2838 eruditionis,
1119 2797 1172 2829 Jo.
1197 2798 1368 2839 Clericus3
1397 2808 1457 2831 nos
1481 2798 1586 2832 Cleri

886 2850 976 2872 cum.
