1914 3239
578 103 698 151 LIB.
725 102 756 141 Ι.
784 100 912 139 CAP.
940 99 1030 137 XX.
1473 107 1524 140 <29

81 216 172 244 sum
210 201 339 252 lunae,
373 201 414 242 111
454 201 682 243 duodecim
721 215 887 242 menses
926 200 1131 241 describit
1168 214 1343 241 annum.
1396 218 1525 257 quein

79 259 200 314 (quia
222 260 405 299 uicenos
429 258 517 299 dies
539 257 718 313 singulis
744 258 961 298 mensibus
987 257 1089 298 luna
1110 272 1197 297 non
1220 257 1380 312 explet,
1404 266 1436 285 '³0
1451 261 1525 300 de-

77 324 261 370 suntque
292 315 380 355 dies
403 315 540 355 solido
561 329 690 364 anno,
713 314 785 368 qui
817 313 1031 354 solstitiali
1063 316 1372 369 circumagitur
1402 317 1524 365 orbe)

74 371 441 412 ³¹intercal-<tribus
473 370 690 411 mensibus
723 371 1058 424 interponendis,
1088 371 1145 410 ita
1175 371 1455 425 dispensavit,
1479 384 1526 414 ut

75 437 225 482 quarto
248 437 291 468 ct
313 427 522 483 1130511110
544 441 657 467 anno
680 427 732 467 ad
757 435 914 467 metam
937 427 1131 467 eamdem
1156 426 1283 477 Solis,
1303 428 1417 469 unde
1441 431 1524 470 orsi

75 494 230 535 essent,
256 484 389 539 plenis
421 497 628 524 annorum
655 484 848 523 omnium
881 484 1027 537 spatiis
1057 483 1192 524 32(1105
1224 495 1523 539 congruerent.

66 539 197 582 Idem
233 546 263 568 ³³
279 539 466 581 nefastos
497 540 587 580 dies
619 538 839 594 fastosque
873 540 991 590 fecit,
1022 540 1123 595 quia
1153 519 1386 595 aliqu-indo
1416 542 1526 583 nihil

73 611 172 638 cum
198 596 359 652 populo
381 597 452 652 agi
476 596 581 636 utile
602 595 792 636 futurum
817 604 919 636 erat.

131 654 246 696 XX.
278 652 390 693 Tum
408 630 709 693 saceldotibus
740 653 932 693 creandis
959 651 1152 692 animum
1177 652 1354 708 adjecit,
1375 669 1527 710 quam-

73 725 204 769 quam
242 710 333 764 ipse
368 709 552 764 pluiima
595 723 713 749 sacra
751 710 915 759 obibat,
953 723 1002 749 ea
1035 709 1240 760 maxime,
1273 725 1372 765 quae
1412 726 1526 752 nunc

75 767 128 807 id
160 773 193 794 ⁵³⁴
212 765 384 807 Dialem
427 766 646 806 flaminem
689 766 920 821 pertinent.
982 766 1081 816 Sed,
1115 766 1218 820 quia
1265 767 1309 807 in
1351 768 1527 809 civit-ite

74 822 279 864 bellicosi
310 823 450 877 plures
484 822 676 886 Romuli,
701 837 829 877 quam
866 822 1039 872 Numae,
1064 823 1223 862 similes
1253 838 1374 879 leges
1403 834 1528 879 puta-

76 881 152 921 bat
185 879 290 930 fore,
319 880 538 933 iturosque
561 880 676 934 ipsos
701 880 755 920 ad
782 879 907 930 bella,
926 893 980 920 ne
1009 893 1129 919 sacra
1156 879 1288 935 regiae
1316 881 1424 921 vicis
1454 882 1528 922 de-

78 945 328 986 sererentur,
364 936 583 976 fiaminem
622 936 724 977 ,1011
768 936 995 977 adsiduum
1040 936 1301 977 sa·ce1dotem
1351 939 1526 990 creaxit,
1540 950 1707 983 Flamines,

1424 994 1528 1036 huic

76 993 324 1049 insignique
351 1007 449 1033 eum
475 1001 592 1033 veste
618 1001 662 1033 et
689 992 825 1033 curuli
859 993 979 1048 regia
1009 992 1111 1033 sella
1138 993 1378 1035 adornavit.

693 1049 829 1089 Marti
870 1063 1018 1100 unum,
1055 1049 1234 1090 alterum
1275 1053 1307 1073 ³³
1326 1051 1527 1097 Quirino.

74 1050 182 1091 (11105
226 1049 422 1090 flamines
460 1050 645 1104 adjecit:

71 1107 105 1130 ³⁶
120 1107 410 1170 Virginesque
431 1106 577 1148 -Vestae
611 1106 731 1161 legit,
755 1105 870 1147 Alba
891 1106 1123 1148 oriundum
1157 1106 1462 1159 sacerdotium,
1485 1119 1530 1150 et

76 1165 196 1218 genti
220 1163 459 1204 conditoris
482 1163 595 1204 haud
626 1163 831 1204 alienum.

74 1220 231 1261 tistites
263 1229 421 1271 essent,
454 1220 719 1276 stipendium
756 1220 808 1261 de
846 1195 1024 1276 publico
1055 1222 1231 1262 statuit:

73 1344 166 1375 Livio
182 1345 366 1384 ceterisque
389 1345 510 1385 Numae
531 1345 705 1383 tribuitur,
722 1344 778 1374 de-

72 1389 143 1418 beri
171 1390 282 1427 potius
309 1387 479 1418 existimat
505 1387 689 1427 Tarquinio
717 1389 779 1418 Su-

72 1432 185 1471 perbo.
231 1432 283 1461 De
306 1441 395 1461 anno
410 1437 522 1461 vetere
543 1432 696 1461 Romano
713 1431 778 1461 vid.

72 1482 108 1503 et
145 1475 281 1514 «10501111.
319 1475 478 1513 Scaliger.
517 1474 557 1504 (10
599 1475 779 1504 Emendat.

72 1518 290 1557 Temporum.
309 1518 330 1548 1.
352 1518 395 1547 11.

115 1564 157 1590 30
180 1561 312 1592 Desunt
328 1562 394 1591 dies
407 1561 503 1590 solido
519 1562 621 1600 anno]
642 1561 777 1591 Desunt

73 1613 163 1634 anno
188 1604 296 1634 lunari
324 1604 393 1634 dies
418 1604 459 1634 ad
485 1604 776 1644 complementum

72 1647 168 1677 solidi
185 1648 264 1677 anni
283 1648 338 1686 qui
357 1670 364 1677 .
381 1669 388 1676 .
433 1669 440 1676 .

114 1694 151 1720 31
185 1691 440 1721 Interculare'bus
460 1691 621 1721 mensibus
636 1691 775 1730 interpo-

70 1733 201 1776 nendis]
220 1735 283 1764 Hic
296 1744 428 1773 quoque
442 1734 562 1764 bonam
579 1744 676 1774 opem
693 1733 775 1763 tulit

70 1776 164 1807 Livio
187 1778 385 1807 Gronovius.
430 1777 518 1807 Ante
542 1787 619 1807 eum
643 1777 774 1816 legeba—

68 1826 138 1858 tur,
155 1821 368 1850 intercalares
390 1822 550 1851 mensibus
568 1823 772 1860 inem-ponen-

70 1864 120 1893 do.
160 1863 219 1893 Ille
243 1863 324 1894 fecit
346 1864 379 1893 id
403 1864 491 1902 quod
514 1864 692 1894 edidimus.
734 1864 772 1893 Ei

70 1907 295 1946 adstipulatur
317 1916 404 1937 unus
426 1917 465 1936 ex
490 1907 630 1937 Hearnii
655 1906 775 1937 codici-

70 1950 142 1979 bus.
188 1950 340 1989 Quatuor
356 1960 373 1979 e
390 1950 511 1980 nostris
527 1951 652 1981 liabent
671 1952 773 1980 ‘inter-

61 1994 241 2033 ponendos:
266 2003 351 2023 1111115
369 1994 491 2023 diser-tc
509 1995 758 2032 iuteipmzendis.

113 2038 154 2067 3⁶2
178 2035 261 2067 Dies
286 2036 521 2075 congruerent]
561 2038 641 2068 Dies
671 2047 774 2067 anno-

70 2088 143 2109 rum
169 2079 316 2110 civilium
341 2080 411 2119 pari
437 2090 514 2109 011111
531 2080 646 2110 diebus
671 2090 775 2110 anno—

68 2132 144 2153 rum
169 2122 325 2152 solarium
346 2133 486 2153 numero
507 2133 642 2154 cursum
669 2124 777 2153 absol-

70 2169 185 2195 verent
210 2166 250 2196 ad
267 2166 407 2196 eandem
430 2170 557 2197 metam
581 2166 658 2197 solis
683 2166 773 2198 unde

72 2210 138 2239 orsi
156 2212 263 2239 erant.

112 2255 153 2283 33
180 2252 335 2291 quastos
366 2253 432 2282 dies
451 2251 640 2292 fastosque]
683 2252 774 2283 Fasti

70 2295 138 2325 dies
166 2300 273 2332 erant,
297 2295 417 2333 quibus
441 2295 564 2325 licebat
586 2297 653 2326 tria
675 2297 774 2326 verba

70 2339 221 2368 solennia
243 2319 318 2375 fziri,
336 2338 401 2376 Do,
426 2338 522 2376 Dico,
542 2339 682 2371 Addit-o,-
713 2350 772 2369 seu

69 2381 156 2412 ferre
174 2382 213 2411 de
230 2391 264 2411 re
279 2388 490 2412 controversa
507 2381 682 2419 injudicio
697 2393 773 2412 sen-

70 2426 214 2455 tentiam
232 2437 238 2455 ε
263 2424 396 2467 nefasti,
415 2426 534 2463 quibus
557 2435 624 2455 non
640 2425 772 2456 licebat.

72 2467 220 2498 Nesastis
246 2474 360 2498 autem
388 2469 504 2498 diebus
531 2468 584 2507 agi
611 2477 688 2498 cum
716 2479 774 2507 po-

72 2511 153 2550 pulo
177 2521 244 2541 non
269 2516 414 2551 poterat,
438 2513 460 2541 i.
483 2522 512 2541 e.
538 2511 681 2551 populus
708 2521 776 2542 non

72 2559 206 2594 poterat
221 2555 256 2584 in
272 2555 470 2594 suffragium
488 2556 588 2584 mitti.

117 2600 160 2629 34
182 2597 318 2628 Dialem
331 2597 526 2638 flaminem]
556 2598 648 2627 <Iovis
671 2607 779 2628 sacer·

77 2639 201 2671 dotem.
247 2641 405 2671 Flaminis
433 2641 693 2681 appellationem
721 2641 780 2670 Fe-

73 2689 145 2714 stus
161 2683 297 2714 deducit
311 2685 409 2724 afilo,
426 2694 492 2724 quo
509 2690 611 2724 caput
626 2685 777 2714 cinctum

73 2727 226 2756 flamines
243 2727 422 2757 habebant.
452 2728 550 2767 Quod
568 2728 702 2766 quidem
719 2727 780 2757 du-

76 2769 153 2809 plici
176 2769 275 2803 inodo
300 2771 442 2809 intelligi
468 2776 589 2810 potest.
633 2771 723 2802 Nam
746 2776 781 2800 et

79 2812 157 2852 pilei
181 2823 296 2845 eorum
313 2824 396 2855 apex
420 2814 476 2845 filo
498 2814 594 2846 laneo
611 2818 702 2845 totus
726 2823 781 2846 ve-

882 1162 964 1212 his,
986 1173 1034 1204 ut
1065 1163 1257 1205 adsiduae
1281 1165 1431 1229 templi
1453 1181 1530 1206 an-

1275 1222 1528 1277 xiiginitate

824 1344 977 1382 labatur-3
996 1349 1043 1383 et,
1056 1345 1169 1375 Servio
1183 1349 1270 1375 teste
1282 1345 1324 1375 ad
1339 1346 1432 1377 VIII.
1450 1347 1527 1378 AEn.

824 1398 853 1418 v.
878 1389 951 1419 (164.
993 1399 1096 1427 quum
1126 1389 1291 1419 Flalnines
1316 1389 1440 1428 pileum
1469 1401 1530 1430 pez·

825 1437 924 1461 aestus
940 1431 1026 1462 ferre
1044 1441 1110 1460 non
1129 1436 1278 1471 possent,
1296 1442 1358 1462 nec
1373 1433 1422 1463 fas
1440 1439 1529 1464 esset

824 1485 879 1504 005
897 1475 986 1505 nudo
1004 1475 1113 1515 capite
1132 1475 1299 1512 incedere,
1317 1475 1373 1505 filo
1390 1482 1527 1507 tantuin

821 1519 934 1557 capita
951 1518 1091 1557 religare
1115 1524 1301 1557 coeperunt.
1339 1520 1439 1549 Porro
1467 1520 1529 1550 fla-

821 1570 899 1590 men
921 1561 996 1591 ,lovi
1025 1561 1178 1591 addictus
1207 1561 1314 1591 Dialis
1337 1562 1446 1592 dictus
1475 1569 1527 1594 est

820 1604 881 1633 ἀπὸ
897 1605 935 1634 ‘ri
951 1604 1027 1641 Διός,
1044 1605 1112 1634 sive
1128 1614 1147 1634 a
1163 1603 1293 1646 Drjove,
1307 1616 1372 1644 quo
1390 1607 1527 1636 nomine

820 1648 950 1686 antiqui
973 1648 1092 1677 dorem
1116 1649 1290 1678 vocabant.
1330 1649 1381 1678 De
1399 1649 1527 1688 multis,

820 1691 925 1729 iisque
944 1691 1099 1730 gravibus
1115 1692 1278 1731 impositis
1292 1693 1420 1722 flamini
1434 1693 1526 1723 Diali

820 1734 1021 1764 czerimoniis
1047 1735 1184 1764 consule
1211 1735 1249 1765 Α.
1274 1735 1358 1766 Gen.
1383 1736 1404 1766 l.
1427 1737 1470 1767 X.
1496 1747 1526 1768 e.

862 1824 902 1851 535
925 1820 1084 1861 Quirino]
1121 1821 1277 1852 Romulo.
1314 1822 1407 1853 Curis
1437 1823 1526 1864 apud

819 1864 956 1894 Sabinos
981 1864 1086 1894 hasta.
1134 1864 1214 1895 Inde
1236 1865 1412 1904 Romulus,
1435 1873 1527 1906 post-

820 1917 921 1946 quam
954 1908 987 1937 in
1020 1907 1158 1938 deorum
1190 1918 1369 1938 numerum
1398 1911 1524 1940 relatus

820 1955 884 1988 est,
911 1954 1072 1989 tanquam
1105 1951 1250 1981 Martius
1278 1953 1413 1990 quidam
1442 1953 1523 1983 deus

820 2004 858 2023 ac
883 2003 1032 2034 pugnax,
1049 1994 1217 2034 ‚Quirinus
1240 1995 1349 2025 dictus
1367 2001 1428 2026 est.
1450 1997 1523 2027 vid.

820 2037 911 2067 Plut.
928 2038 961 2067 in
980 2037 1076 2067 Rom.
1101 2037 1192 2068 Mars
1210 2048 1340 2077 quoque
1357 2039 1418 2069 sub
1441 2040 1525 2080 Qui-

821 2081 884 2110 rini
903 2081 1038 2110 nomine
1056 2081 1238 2111 colebatur.
1278 2082 1455 2122 Quirinus,
1473 2084 1524 2113 in-

821 2124 894 2162 quit
919 2124 1051 2154 Servius
1075 2124 1117 2154 ad
1143 2124 1199 2155 VI.
1238 2125 1369 2155 AEneid.
1393 2136 1423 2155 ν.
1447 2129 1522 2160 859.

818 2171 864 2196 est
880 2166 974 2196 Μανε
991 2169 1047 2206 qui
1058 2172 1175 2206 proeest
1186 2170 1275 2208 paci,
1293 2174 1323 2198 et
1340 2171 1431 2199 intra
1446 2172 1524 2200 civi·

818 2214 920 2240 tatem
939 2211 1068 2240 colitur.
1109 2210 1204 2241 [Vam
1228 2213 1301 2242 belli
1316 2212 1413 2242 Mars
1427 2218 1526 2243 extra

817 2254 984 2283 civitatem
1000 2255 1158 2293 templum
1171 2255 1295 2285 habuit.
1329 2256 1419 2285 Hinc
1433 2256 1523 2286 Mars

819 2296 980 2326 Gradivus
1016 2303 1052 2326 et
1089 2297 1250 2337 Quirinus
1292 2304 1388 2337 pater
1422 2299 1525 2331 simul

812 2340 1150 2378 jungunturinfral.
1167 2341 1207 2370 V.
1226 2351 1255 2371 0.
1272 2341 1325 2373 52.
1340 2348 1374 2372 et
1389 2343 1524 2381 utrique

818 2383 943 2413 ancilia
955 2383 1164 2413 tribuuntur.

862 2428 904 2457 36
932 2426 1088 2465 l'ff'rgines
1118 2426 1234 2465 Vestoe]
1274 2428 1403 2468 AEterni
1438 2429 1525 2468 ignis

819 2479 1083 2508 arcanorumque
1102 2470 1210 2500 Vestae
1229 2480 1400 2501 sacrorum
1417 2482 1475 2503 cus
1477 2476 1527 2502 to·
1558 2482 1562 2486 ·

823 2512 890 2542 des.
934 2512 1090 2551 Quatuor
1116 2523 1134 2543 a
1162 2513 1276 2543 Numa
1301 2514 1398 2544 lectae
1422 2519 1525 2546 sunt·

822 2560 940 2595 postea
956 2555 1030 2585 duae
1048 2556 1183 2586 additae.
1223 2556 1373 2588 Vestales
1390 2568 1526 2589 necesse

824 2603 897 2628 erat
928 2608 987 2638 per
1016 2599 1159 2638 triginta
1188 2608 1293 2644 anuos
1325 2600 1396 2632 deae
1426 2603 1527 2632 sacris

825 2642 976 2680 operari:
1007 2646 1145 2680 totoque
1169 2642 1231 2672 hoc
1255 2649 1406 2683 tempore
1422 2655 1442 2675 a
1465 2655 1529 2675 nu·

824 2684 903 2724 ptiis
916 2684 1189 2724 prohibebantur.
1205 2686 1254 2716 Eo
1266 2686 1392 2727 elapso,
1401 2688 1527 2718 nubere

825 2727 960 2765 licebat,
978 2728 1005 2757 si
1029 2727 1189 2759 libuisset.
1237 2729 1338 2760 Plura
1360 2730 1400 2760 de
1422 2735 1529 2761 vesta-

827 2769 913 2800 libus
936 2770 1001 2805 vid.
1022 2771 1112 2811 apud
1138 2772 1241 2803 Dion.
1264 2773 1287 2803 1.
1312 2773 1357 2812 II.
1381 2773 1470 2806 Plut.
1492 2775 1530 2809 iu

825 2813 953 2853 Numa,
971 2818 1005 2844 et
1020 2813 1059 2845 A.
1077 2814 1163 2846 Gen.
1176 2815 1202 2846 1.
1217 2813 1246 2847 1.
1264 2826 1293 2846 c.
1317 2817 1368 2849 12.
