1914 3239
598 107 726 144 LIB.
756 106 789 144 1.
832 106 964 144 CAP.
991 105 1079 143 XV.
1164 109 1168 112 ”
1515 108 1565 143 ⁶23

120 215 213 248 tum
247 205 418 247 educit:
466 213 606 247 castra
637 220 662 246 a
696 204 871 246 Fidenis
906 203 1071 245 ⁹⁹mille
1106 210 1308 259 passuum
1342 202 1472 244 locat.
1506 205 1566 245 ibi

119 263 294 304 modico
321 262 525 317 praesidio
549 261 715 312 relicto,
743 275 943 316 egressus
979 261 1181 302 omnibus
1216 259 1372 314 copiis,
1401 270 1568 314 partem

118 319 309 360 militum
342 319 473 360 1locis
506 319 622 359 circa
649 318 781 358 densa
796 317 947 358 obsita
979 317 1169 373 virgulta
1201 317 1396 358 obscuris
1416 318 1569 358 -subsi-

121 377 222 417 dere
245 376 288 417 in
311 374 649 429 insidiisjussit3
682 388 782 415 cnm
816 384 937 429 parte
958 375 1122 428 majore
1143 384 1273 428 atque
1307 373 1427 414 omni
1448 375 1569 428 equi-

122 441 214 473 tatu
238 432 471 487 profectus,
493 431 534 472 id
556 431 671 485 quod
694 432 933 485 quaerebat,
957 431 1224 472 tumultuoso
1246 440 1289 471 et
1312 430 1470 470 minaci
1495 444 1569 486 ge-

121 503 221 531 ncre
252 503 426 544 pugnae,
449 488 740 542 adequitando
765 487 869 542 ipsis
905 502 1041 543 prope
1073 488 1223 542 portis,
1247 486 1417 527 hostem
1451 487 1569 527 exci-

122 547 209 597 vi⁴t3
250 545 367 600 fugae
399 559 587 600 quoque,
624 560 722 600 quae
755 544 997 585 simulanda
1035 554 1141 595 erat,
1175 544 1325 585 eadem
1360 544 1570 598 equestris

120 617 269 658 pugna
289 616 483 642 caussam
506 603 648 642 minus
683 601 924 641 mirabilem
956 601 1090 641 dedit.
1122 611 1165 641 et
1184 615 1332 655 quum,
1355 601 1474 640 velut
1505 600 1570 640 in-

122 668 187 700 ter
218 672 379 713 pugnae
418 658 622 714 fugaeque
652 657 884 698 consilium
919 658 1163 713 trepidante
1195 657 1407 712 equitatu,
1440 656 1569 711 pedes

122 729 295 771 quoque
317 714 493 756 referret
528 715 725 771 gradum,
747 714 884 769 plenis
905 724 1081 769 repente
1113 715 1247 770 portis
1276 713 1399 754 effusi
1425 713 1570 754 hostes

122 771 293 827 inpulsa
320 771 519 812 Romana
551 772 659 822 acie,
680 772 824 812 studio
848 771 1036 812 instandi
1071 771 1364 827 sequendique
1393 770 1572 810 trahun-

122 836 193 870 tur
214 828 268 869 ad
290 827 431 869 locum
458 829 723 869 insidiarum.
763 827 871 869 Inde
893 828 1037 869 subito
1057 828 1200 868 exorti
1224 827 1414 868 Romani
1435 837 1572 867 trans-

121 898 285 926 versam
310 885 518 926 invadunt
540 885 730 926 hostium
763 885 917 926 aciem.
976 884 1158 925 Addunt
1180 898 1386 938 pavorem
1409 893 1525 924 mota
1548 897 1571 923 e

119 942 269 982 castris
295 941 419 996 signa
441 956 604 992 eorum,
628 942 699 996 qui
724 942 766 983 in
790 941 992 996 praesidio
1011 942 1150 982 relicti
1169 941 1353 982 fuerant.
1377 941 1438 980 ita
1460 940 1573 980 mul-

125 999 264 1054 tiplici
291 1007 449 1039 terrore
479 998 662 1054 perculsi
700 998 944 1048 Fidenates,
967 999 1085 1053 prius
1118 1011 1228 1053 pene
1249 1012 1377 1052 quam
1405 996 1572 1036 Romu-

123 1055 202 1106 lus,
219 1057 378 1112 quique
396 1070 496 1097 cum
514 1070 564 1096 eo
587 1055 707 1110 equis
732 1055 881 1105 ierant,
902 1055 1248 1110 circumagerent
1271 1054 1401 1094 frenis
1421 1068 1571 1107 equos,

123 1119 246 1168 terga
278 1121 477 1154 vertunt:
511 1112 734 1167 multoque
765 1111 958 1162 effusius,
981 1112 1163 1167 (quippe
1189 1125 1286 1152 vera
1318 1110 1441 1165 fuga)
1463 1111 1571 1164 Qqui

121 1169 372 1210 simulantes
404 1169 548 1224 paullo
579 1179 679 1210 ante
717 1169 853 1209 secuti
886 1179 1022 1219 erant,
1056 1167 1266 1224 oppidum
1303 1167 1572 1221 repetebant.

122 1240 209 1266 non
248 1236 388 1266 tamen
412 1226 607 1281 eripuere
640 1240 684 1266 se
718 1226 858 1266 hosti:
892 1225 1060 1266 haerens
1094 1227 1137 1265 in
1176 1234 1298 1280 terga
1332 1223 1573 1273 Romanus,

122 1283 240 1337 prius
265 1297 394 1338 quam
417 1282 530 1324 fores
555 1292 775 1338 portarum
798 1282 1107 1338 objicerentur,
1130 1281 1248 1322 velut
1279 1281 1452 1336 agmine
1488 1294 1573 1332 uno

122 1340 348 1395 inrumpit.

181 1396 286 1437 XV.
311 1394 419 1437 Belli
441 1395 661 1435 Fidenatis
680 1395 944 1451 contagione
965 1395 1120 1436 irritati
1141 1396 1154 1418 ³
1171 1393 1418 1434 Veientium
1436 1393 1570 1434 animi
1584 1393 1709 1447 Renum
1720 1403 1790 1423 cum

123 1461 167 1494 et
185 1452 579 1508 consanguinitate,
597 1456 713 1504 (nam
740 1452 969 1493 Fidenates
991 1465 1164 1507 quoque
1185 1450 1356 1492 Etrusci
1378 1438 1794 1501 fueru11t)l¹'“¹⁰¹¹‘³b¹¹³’

123 1518 166 1549 et
193 1510 307 1564 quod
329 1510 422 1564 ipsa
441 1509 740 1564 propinquitas
756 1508 856 1558 loci,
872 1510 905 1550 si
925 1508 1126 1549 Romana
1147 1522 1266 1549 arma
1282 1508 1484 1548 omnibus
1510 1507 1575 1547 in·-

124 1565 234 1607 festa
254 1565 450 1607 finitimis
472 1574 628 1615 essent,
646 1564 911 1615 stimulabat,
927 1565 970 1605 in
993 1564 1100 1606 fines
1124 1564 1347 1605 Romanos
1364 1578 1576 1604 excucur-

124 1632 286 1673 rerunt,
307 1622 604 1678 populabundi
629 1623 782 1677 magiS,
804 1636 934 1676 quam
962 1621 1076 1675 justi
1100 1620 1357 1662 more-belli.
1419 1620 1577 1675 Itaque

124 1693 213 1720 non
231 1680 382 1726 castris
406 1679 675 1735 positis‚n0n
692 1687 947 1734 exspectato
971 1678 1160 1720 hostium
1183 1678 1392 1728 exercitu,
1407 1686 1576 1731 raptam

124 1750 179 1777 ex
198 1737 311 1793 agris
332 1737 523 1791 praedam
547 1737 784 1791 portantes,
805 1735 935 1775 Veios
955 1735 1141 1776 rediere:
1166 1734 1390 1775 Romanus
1409 1743 1577 1784 contra,

126 1803 356 1849 postquam
378 1792 549 1834 hostem
571 1792 615 1832 in
646 1792 759 1847 agris
781 1805 868 1833 non
900 1792 1080 1842 invenit,
1103 1791 1373 1833 dimicationi
1410 1790 1576 1832 ultimae

126 1851 363 1891 instructus
386 1850 677 1903 intentusque,
692 1848 888 1890 Tiberim
908 1849 1075 1889 transit.
1107 1863 1234 1904 quem
1256 1857 1485 1902 postquam
1506 1862 1578 1888 ca-

126 1916 213 1947 stra
235 1921 409 1962 ponere,
428 1916 471 1948 et
490 1907 543 1947 ad
566 1906 723 1946 urbem'
734 1919 1008 1947 accessurum
1027 1905 1230 1946 Veientes
1254 1904 1478 1955 audivere3
1499 1905 1579 1945 ob-

127 1963 239 2004 viam
266 1964 441 2019 egressi,
476 1972 524 2004 ut
556 1963 702 2017 potius
735 1963 828 2003 acie
862 1962 1158 2012 decernerent,
1182 1975 1310 2016 quarn
1348 1960 1501 2001 inclusi
1524 1961 1578 2001 de

127 2020 254 2061 tectis
275 2020 583 2075 moenibusque
614 2019 887 2060 dimicarent.
949 2018 1034 2069 Ibi,
1059 2019 1223 2060 viribus
1252 2017 1369 2058 nulla
1391 2026 1482 2058 arte
1503 2016 1578 2057 ad-

120 2076 246 2134 jutis,
271 2086 438 2118 tantum
462 2077 652 2118 veterani
682 2077 835 2118 robore
856 2076 1071 2117 exercitus
1093 2090 1167 2117 rex
1199 2075 1423 2115 Romanus
1445 2073 1578 2116 vicit:

172 2212 214 2243 99
238 2208 332 2238 Mille
358 2207 536 2246 passuum]
564 2206 720 2246 intellige
747 2216 831 2246 prae-

128 2252 330 2292 positionem
355 2251 408 2280 ad.
425 2250 458 2281 arb
471 2260 631 2289 passuum
658 2251 787 2289 regitur
813 2260 833 2280 a

130 2295 267 2326 nomine
305 2295 403 2324 mille.
455 2294 540 2324 Tam
579 2294 670 2323 enim
708 2293 833 2324 dieitur

130 2340 219 2368 mille
243 2339 424 2373 hominum,
445 2346 547 2375 quam
570 2338 659 2367 mille
681 2338 832 2367 homines.

131 2383 250 2420 Itaque
267 2381 322 2411 hic
340 2382 429 2410 mille
438 2390 599 2418 passuum
615 2380 702 2410 idem
714 2385 778 2417 est,
793 2390 831 2410 ac

132 2426 158 2456 si
175 2425 361 2463 scripsisset
377 2423 492 2461 Livius
508 2424 554 2453 ad
567 2424 657 2452 mille
667 2433 794 2462 passus.

180 2471 190 2498 l
222 2468 315 2498 Locis
346 2468 434 2497 circa
468 2465 582 2504 doma]
624 2467 734 2496 Possit
766 2466 833 2496 for·

132 2517 220 2541 tasse
236 2514 410 2550 utcunque
427 2511 547 2549 exponi
561 2519 568 2537 z
589 2509 750 2539 subsidere
755 2506 833 2548 jus-

131 2557 173 2585 sit
203 2556 238 2583 z‘n
266 2555 339 2583 locis
361 2555 500 2584 obscuris
523 2557 659 2592 partem
692 2553 836 2582 militum

133 2599 225 2628 circa
241 2597 340 2627 densa
356 2598 518 2636 virgulta,
531 2597 551 2626 i.
566 2606 594 2625 e.
608 2596 731 2633 ubique
743 2604 835 2634 spar-

133 2650 204 2671 sam
222 2641 313 2670 inter
335 2640 438 2670 densa
451 2639 598 2679 virgulta
615 2638 836 2676 undequaque

133 2685 245 2721 obsita,
277 2693 336 2713 seu
369 2682 655 2721 circumjacentia.
709 2681 836 2710 Verum

134 2728 259 2765 rectius
287 2726 396 2756 multo
426 2726 491 2756 dici
522 2725 692 2755 videretur
721 2724 838 2754 obsitus

134 2771 290 2808 virgultis
316 2771 413 2806 locus,
430 2779 531 2808 quam
553 2769 653 2798 obsita
675 2769 837 2805 virgulta.

137 2811 254 2852 Itaque
278 2813 464 2843 Gronovius
487 2811 669 2844 emendat:
694 2811 838 2843 Partem

876 2208 1021 2238 militum
1046 2207 1120 2236 Iocis
1144 2207 1231 2236 circa
1255 2206 1350 2235 denso
1380 2205 1487 2235 obsitis
1511 2205 1582 2234 vir-

874 2253 968 2290 gulto
998 2251 1164 2280 obscuram
1196 2250 1359 2280 subsidere
1388 2251 1423 2278 in
1452 2248 1582 2278 insidiis

867 2294 982 2335 jussit.

921 2337 1051 2377 2*„Qui
1075 2333 1282 2373 simulantes]
1316 2334 1440 2365 Melius
1471 2333 1581 2373 legere

875 2381 1084 2411 videremur:
1123 2389 1190 2419 qua
1219 2380 1424 2414 simulantes,
1451 2377 1485 2407 id
1515 2383 1581 2413 est,

876 2434 942 2463 qua
965 2425 1114 2461 regione,
1130 2432 1196 2461 qua
1217 2422 1270 2450 via
1285 2421 1455 2451 Romanos
1477 2421 1581 2450 simu-

876 2467 984 2497 lantes
999 2467 1116 2505 fugam
1132 2465 1240 2495 secuti
1262 2468 1374 2502 erant,
1389 2463 1507 2494 eadem
1523 2473 1582 2504 op-

877 2511 994 2550 pidum
1011 2509 1221 2549 repetebant.

923 2557 942 2583 3
969 2553 1151 2583 Veientium
1181 2552 1286 2582 animi
1309 2573 1318 2581 .
1333 2572 1340 2580 .
1361 2572 1368 2580 .
1388 2559 1584 2580 excucurre-

878 2595 976 2634 runt]
1018 2596 1108 2626 Mira
1136 2595 1288 2634 profecto
1323 2593 1460 2623 locutio.
1517 2591 1583 2622 Sed

880 2640 961 2678 quia.
983 2639 1083 2676 longo
1104 2637 1282 2667 intervallo
1304 2645 1426 2667 nomen
1444 2646 1464 2665 a
1484 2635 1584 2665 verbo

881 2682 998 2719 distat,
1026 2682 1126 2711 licere
1153 2681 1215 2711 sibi
1244 2679 1377 2720 putavit
1402 2678 1515 2708 Livius
1542 2678 1584 2707 ad

882 2734 1017 2754 sensum
1044 2725 1164 2763 magis,
1185 2733 1286 2762 quam
1309 2723 1351 2753 ad
1379 2721 1505 2752 nudam
1529 2730 1582 2751 vo·

881 2778 959 2798 cum
976 2768 1218 2808 proprietatem
1237 2765 1422 2797 attendere.

942 2857 1016 2892 c4
