1969 3239
672 101 796 142 LIB.
825 101 894 140 111.
933 99 1062 138 CAP.
1089 99 1141 137 X,
1559 103 1630 137 163

0 206 10 228 ¹
178 205 307 246 ambo
329 204 523 248 consules
548 204 692 246 infesti
714 204 1042 246 circumstarefit
1063 201 1300 252 tribunum,
1323 200 1516 242 relictum
1540 202 1620 242 mi·
1636 211 1676 241 U.
1694 210 1729 240 c.
1744 208 1816 243 2593.

0 271 5 280 ’·
176 275 327 304 narum
365 274 492 318 atque
526 263 697 304 terroris
731 262 810 303 sit:
842 260 1079 300 insidiatum
1111 272 1213 310 eum,
1232 265 1269 300 et
1299 265 1472 313 tempore
1502 266 1617 313 capto
1632 254 1670 285 A.
1686 255 1721 285 C·
1739 255 1809 284 4(ῖο-

175 318 363 361 adortum
386 320 685 375 rempublicam.
746 318 796 359 Si
816 332 931 373 quem
951 315 1120 357 similem
1141 316 1223 372 ejus
1247 316 1385 370 priore
1413 330 1533 365 anuo,
1555 319 1618 356 iu-

174 382 234 416 ter
254 377 432 419 morbum
457 376 690 432 bellumque,
711 375 811 416 irati
832 373 914 416 Dii
934 373 1144 415 tribunum
1165 372 1371 423 dedissent,
1394 387 1471 413 uon
1496 380 1618 426 polu-

174 435 246 474 isse
267 434 366 475 sisti.
428 433 612 475 ,Mortuis
630 432 789 477 duobus,
805 430 1044 480 consulibus,
1061 430 1229 485 jacente
1249 443 1360 484 aegra
1381 429 1545 470 civitate
1576 432 1615 470 in

174 489 410 532 conluvione
429 491 600 532 omnium
625 504 771 540 rerum,
793 489 849 530 ad
873 487 1093 530 tollendum
1125 501 1146 527 e
1178 486 1380 542 republica
1412 486 1617 528 consulare

174 547 383 602 imperium
407 547 583 588 laturum
606 545 870 602 legesficisse;
901 546 1037 586 ducem
1060 542 1210 585 Volscis
1231 543 1453 599 AEqzzisque
1472 542 1528 583 ad
1543 543 1614 584 ob-

166 604 432 660 pugnandam
453 605 590 646 urbem
597 606 811 659 futurum.
874 602 987 658 Quid
1006 600 1199 642 taudem?
1221 601 1312 642 illiq
1333 615 1413 641 non
1432 600 1561 650 licere,
1583 603 1616 641 sl

173 661 274 717 quid
292 661 464 703 consules
486 661 653 716 superbe
675 664 716 702 iu
740 661 915 716 aliquem
938 659 1085 701 civium
1107 666 1178 699 aut
1199 657 1414 699 crudeliter
1419 657 1614 714 jecerint,

172 718 275 759 diem
296 717 457 760 dicere?
486 733 672 759 accusare
702 717 763 759 leis
796 719 889 772 ipsI's
909 716 1136 773 judicibus,
1157 730 1328 772 quoram
1363 717 1405 755 in
1438 715 1615 770 aliquem

171 776 346 816 sce-citum
368 775 455 816 sit?
488 775 584 815 Non
612 775 740 816 illml‘
771 776 979 815 consulare
1010 773 1236 828 imperium,
1255 772 1324 814 sed
1353 771 1614 813 tribuniciam

163 839 400 887 potestatem
420 832 591 873 invisam.
615 832 986 887 intolerandamque
1001 830 1170 888 facere:
1201 845 1321 886 quam
1339 837 1530 884 pacatam
1551 844 1610 871 re-

170 888 503 945 conciliatamque
526 889 723 931 Patribus
743 889 790 930 (le
810 890 964 945 integro
983 892 1022 929 iu
1044 890 1215 943 antiqua
1238 886 1368 942 redigi
1396 886 1523 928 mala.
1546 903 1612 928 ue-

171 960 248 1001 que
264 945 380 988 illum
401 962 440 988 se
460 946 678 1002 deprecari,
701 961 778 1003 quo
800 946 930 986 minus
945 954 1105 1000 pergat,
1126 952 1172 985 ut
1193 946 1367 999 coeperit.
1434 945 1523 995 Vos,
1547 945 1613 985 iu-

169 1003 262 1057 quit
284 1003 456 1055 Fabius,
475 1006 594 1046 ceteri
615 1003 783 1055 tribuni,
804 1018 977 1054 oramus,
999 1010 1045 1043 ut
1060 1002 1241 1057 primum
1263 1001 1438 1041 omnium
1466 1002 1611 1057 cogite-

169 1061 235 1111 tis,
250 1068 487 1115 potestatem
509 1061 627 1102 istam
648 1061 704 1102 acl
722 1060 973 1117 singulorum
990 1058 1205 1109 auxilium,
1224 1074 1303 1099 uon
1325 1057 1381 1098 acl
1393 1061 1611 1113 perniciem

169 1117 463 1169 universorum,
483 1125 756 1174 comparatam
778 1132 867 1159 esse.
887 1116 1067 1158 tribunos
1091 1116 1220 1172 plebis
1248 1131 1316 1157 ‘cos
1345 1122 1510 1167 creatos,
1533 1131 1612 1157 uon

167 1173 292 1216 hostes
326 1175 542 1217 Patribus.
603 1174 732 1217 Nobis
759 1176 961 1226 miserum,
980 1173 1222 1216 invidioswn
1254 1171 1362 1213 vohis
1393 1180 1462 1223 est,
1485 1172 1611 1214 deser-

170 1238 255 1272 tam
275 1233 562 1288 rempublicam
578 1233 734 1274 invadi.
756 1233 916 1288 nou-jus
937 1239 1123 1282 vestrum,
1143 1230 1211 1272 sed
1229 1229 1441 1280 invidiam,
1459 1230 1612 1273 minue-

170 1288 274 1330 rz'tz's.
335 1290 462 1346 Agite
481 1306 569 1331 cum
589 1289 756 1347 collega,
778 1298 823 1331 ut
843 1305 923 1331 rem
945 1291 1143 1346 integram
1165 1291 1208 1329 in
1239 1286 1452 1329 adventum
1473 1303 1613 1328 cousu-

169 1344 252 1386 Ium
273 1346 447 1402 differat.
469 1362 518 1389 ne
536 1347 664 1403 AEqui
684 1347 842 1404 quidem
863 1362 908 1388 ac
934 1345 1081 1397 Volsci,
1101 1345 1238 1387 morbo
1260 1345 1450 1386 absumtis
1472 1347 1612 1400 priore

170 1418 277 1444 anno
327 1404 567 1455 consulibus,
617 1403 769 1445 crudeli
816 1403 1057 1460 superboque
1104 1403 1216 1444 uobis
1268 1401 1368 1443 bello
1416 1403 1610 1444 institere.

169 1460 321 1516 Agunt
353 1476 450 1503 cum
488 1461 720 1503 Terentilio
753 1461 938 1504 tribuni:
987 1461 1201 1516 dilataque
1239 1460 1280 1500 in
1320 1461 1506 1514 speciem
1541 1475 1612 1500 ac—

171 1518 303 1569 tione,
326 1523 357 1545 ³⁴
371 1534 413 1560 re
437 1520 529 1574 ipsa
551 1519 726 1571 sublata,
749 1519 940 1560 consules
963 1518 1181 1573 extemplo
1205 1518 1405 1559 arcessiti.

227 1575 290 1617 X.
324 1575 542 1617 Lucretius
575 1591 673 1617 cum
716 1577 882 1632 ingenti
917 1576 1075 1631 praeda,
1108 1576 1270 1631 majore
1307 1574 1441 1616 multo
1475 1574 1613 1630 gloria

168 1632 307 1673 rediit.
327 1642 370 1673 et
390 1645 515 1689 auget
537 1634 716 1690 gloriam
740 1634 984 1684 adveniens,
1006 1633 1204 1688 exposita
1231 1632 1348 1673 omni
1378 1632 1424 1672 in
1456 1646 1609 1687 campo

167 1688 329 1730 Martio
352 1692 506 1746 praeda,
521 1701 568 1731 ut
588 1706 708 1732 suum
730 1691 910 1746 quisque
930 1706 1004 1746 per
1027 1690 1213 1732 triduum
1233 1689 1457 1746 cognitum
1476 1690 1611 1730 abdu-

168 1755 297 1787 ceret.
318 1747 479 1803 reliqua
500 1749 685 1800 vendita,
708 1749 861 1804 quibus
885 1748 1048 1789 domini
1072 1763 1159 1788 non
1187 1750 1404 1789 exstitere.
1466 1745 1610 1787 Debe-

169 1804 292 1844 batur
321 1805 515 1846 omnium
546 1821 758 1848 consensu
787 1805 952 1847 consuli
984 1805 1248 1860 triumphus:
1283 1805 1356 1846 sed
1386 1803 1515 1845 dilata
1546 1819 1612 1844 res

167 1870 245 1912 est,
269 1862 438 1904 tribuno
460 1863 513 1904 de
542 1863 637 1919 lege
658 1872 826 1919 ageqte.
849 1864 889 1905 id
923 1863 1135 1918 antiquius
1159 1862 1323 1904 consuli
1356 1861 1453 1902 fuit.
1511 1861 1612 1903 Jac-

169 1928 258 1959 tata
279 1933 354 1974 per
373 1921 536 1976 aliquot
558 1921 647 1962 dies
669 1926 825 1976 quum⁵
855 1921 898 1961 in
930 1931 1079 1960 senatu
1101 1934 1180 1970 res,
1202 1931 1292 1960 tum
1323 1919 1375 1960 ad
1410 1918 1612 1974 populum

168 1983 247 2016 est.
271 1978 399 2018 cessit
420 1977 471 2018 ad
492 1978 695 2019 ultimum
729 1978 937 2033 maJestati
971 1977 1153 2019 consulis
1185 1978 1395 2027 tribunus,
1417 1986 1460 2016 et
1481 1976 1612 2016 desti-

168 2033 235 2073 tit.
260 2041 348 2074 tum
370 2034 615 2089 imperatori
640 2035 934 2091 exercituique
956 2034 1094 2076 honos
1125 2049 1222 2076 suus
1253 2034 1459 2075 redditus.
1519 2032 1612 2074 Tri·
1627 2038 1788 2087 Lucretius

165 2089 390 2144 umphavit
411 2092 464 2133 de
486 2092 655 2134 Volscis
678 2093 940 2148 AEquisque:
973 2092 1310 2147 triumphantem
1334 2099 1493 2132 secutae
1526 2082 1813 2131 suaetnumphar.

173 2146 383 2202 legiones.
404 2148 523 2190 alteri
547 2151 711 2191 consuli
735 2150 898 2201 datum,
922 2159 970 2190 ut
990 2152 1021 2172 ³⁵
1037 2164 1169 2190 ovans
1192 2150 1281 2190 sine
1313 2148 1521 2189 militibus
1545 2162 1615 2188 m·-

166 2203 266 2244 bem
290 2204 431 2246 iniret.
490 2205 620 2247 Anno
641 2207 797 2249 deinde
820 2207 1084 2263 insequenti‘
1113 2207 1181 2249 lex
1205 2205 1450 2257 Terentina,
1472 2206 1526 2246 ab
1551 2215 1614 2246 to-

206 2296 221 2316 ‘3
247 2291 333 2326 Quid
343 2290 359 2319 ,7
382 2290 506 2320 taudem
520 2291 572 2320 illi
583 2296 639 2321 etc.
654 2293 752 2323 Gron.
925 2298 937 2312 ³
960 2293 1048 2322 illum
1063 2293 1159 2321 Gron.
1176 2292 1266 2321 Crev.
1419 2295 1430 2309 ⁵
1451 2295 1515 2319 tum
1533 2289 1617 2319 Eaed.

164 2336 174 2352 ¹
195 2335 333 2373 sequenti
342 2334 427 2364 Eaed.

209 2399 251 2428 34
276 2397 412 2437 Reipsa
428 2398 573 2442 sublata]
601 2397 641 2428 In
664 2404 865 2439 praesentem
911 2400 999 2431 rium
1044 2400 1246 2430 auctoritate
1284 2399 1483 2429 firmantur:
1539 2407 1617 2427 eum

166 2450 306 2471 annum.
348 2443 447 2472 Anno
471 2443 561 2472 enim
585 2444 739 2481 sequenti
763 2443 870 2474 relata

167 2495 188 2514 a
200 2487 273 2515 toto
290 2484 430 2525 collegio
447 2490 507 2516 est.

211 2530 252 2559 35
281 2527 405 2568 Omns]
447 2530 582 2567 Ovatio,
613 2530 723 2560 minor
750 2531 870 2560 trium-

167 2571 263 2612 phus.
304 2571 468 2603 Orationis
487 2582 610 2603 nomen
627 2573 762 2604 deducit
782 2573 871 2604 Plut.

168 2616 204 2645 in
220 2615 395 2653 Marcello,
411 2617 452 2647 ab
474 2627 528 2647 oce
550 2627 624 2656 quae
648 2624 722 2647 tum
749 2621 873 2647 macta-

167 2657 281 2696 batur,
319 2669 424 2698 quum
461 2661 496 2690 in
539 2661 663 2700 majore
701 2660 874 2701 triumpho

167 2701 401 2733 immolaretur
433 2707 567 2734 taurus:
612 2704 727 2735 Festus
765 2705 805 2734 ab
835 2714 874 2733 eo

170 2744 315 2775 clamore
343 2757 441 2786 quem
469 2747 600 2785 faciunt
627 2749 805 2779 redeuntes
833 2758 874 2777 ex

167 2796 284 2827 pugna
310 2790 453 2821 victores
485 2791 610 2822 milites
643 2793 816 2831 geminata
845 2792 874 2821 Ο

175 2829 300 2862 littera.
346 2834 384 2864 In
401 2844 441 2864 ea
457 2833 676 2866 describenda
691 2836 824 2870 variant
839 2835 875 2864 in

173 2874 370 2915 quibusdam
395 2878 598 2919 scriptores3
623 2879 679 2910 sed
705 2879 775 2912 haec
801 2878 875 2921 plu—

913 2454 1048 2484 nempe,
1067 2445 1119 2473 cui
1137 2443 1247 2473 ovatio
1263 2442 1398 2472 decreta
1420 2442 1543 2477 fuerat,
1562 2451 1618 2480 pe-

914 2488 1011 2518 dibus
1027 2487 1144 2518 urbem
1163 2487 1349 2525 ingressum
1364 2495 1456 2523 esse3
1483 2493 1550 2514 non
1567 2483 1619 2514 to-

915 2541 958 2570 ga
980 2532 1071 2571 picta
1094 2540 1202 2569 neque
1225 2530 1352 2566 trabea,
1369 2528 1428 2558 sed
1454 2533 1621 2568 praetexta.

916 2581 1053 2604 tantum
1071 2574 1229 2606 indutum
1247 2585 1257 2611 3
1282 2579 1478 2602 coronatum
1497 2574 1619 2611 myrto,

918 2627 985 2647 non
1001 2617 1116 2655 lauro;
1142 2621 1176 2646 et
1199 2616 1330 2655 ingenti
1353 2615 1486 2655 agmine
1509 2614 1619 2645 tibici-

920 2671 1001 2691 num
1027 2663 1187 2690 cinctum.
1232 2659 1306 2690 vid.
1323 2658 1420 2699 plura
1444 2658 1534 2698 apud
1559 2658 1622 2688 Di-

919 2707 1087 2744 onysium,
1108 2703 1130 2733 l.
1152 2703 1191 2734 V.
1209 2713 1240 2744 p.
1258 2706 1332 2734 314.
1358 2702 1446 2732 Plut.
1470 2703 1504 2732 in
1529 2701 1621 2731 Mar-

919 2748 1026 2785 eello3
1066 2747 1226 2784 Gellium,
1253 2746 1276 2777 l.
1299 2746 1339 2776 V.
1363 2756 1390 2776 c.
1415 2747 1445 2776 6.
1492 2745 1621 2774 Primus

919 2801 1020 2821 ovans
1037 2791 1154 2821 urbem
1178 2791 1346 2830 ingressus
1373 2794 1424 2819 est
1451 2788 1487 2820 P.
1504 2788 1622 2817 Postu-

921 2835 1007 2865 mius
1022 2834 1204 2872 Tubertus,
1222 2843 1310 2864 anno
1325 2833 1366 2863 ab
1389 2832 1513 2863 exactis
1538 2829 1624 2869 regi-

920 2878 982 2908 bus
999 2879 1158 2919 septimo.
1175 2878 1276 2911 Dion,
1294 2877 1374 2907 ibid,

902 2927 987 2967 ΜΞ
