1969 3239
604 124 723 163 ΜΒ.
751 124 819 162 1v.
855 123 985 162 CAP.
1012 122 1198 160 XLvm.
1229 109 1233 111 ’
1534 126 1613 166 ‘27²7

175 220 341 272 Rutilo,
363 222 582 264 biennium
607 223 846 279 tranquillae
868 231 1059 264 externae
1081 236 1162 273 res,
1182 221 1396 262 discordia
1413 220 1528 263 dorni
1552 236 1603 263 ex
1621 224 1661 257 U·
1678 223 1716 254 C·
1735 225 1808 277 339.

170 280 347 334 agrariis
370 280 535 334 legibus
557 281 652 322 fuit.
1617 267 1811 341 2·ξῇῗῇ

229 334 451 377 XLVIII.
482 336 740 378 Turbatores
759 333 875 391 vulgi
898 344 1017 377 erant
1038 338 1052 360 ³
1069 334 1211 391 Spurii
1239 333 1455 374 Maecilius
1477 320 1806 389 quai·-„3}‚“111,¹i340,

170 399 260 432 tum
284 403 326 433 et
350 392 542 434 Metilius
565 394 734 434 tertium
758 393 915 433 tribuni
938 392 1090 448 plebis,
1109 391 1237 433 ambo
1267 392 1463 432 absentes
1485 406 1600 432 crea-
1613 398 1752 446 Tr-Mi13

172 448 217 487 ti.
240 458 283 489 et
303 464 432 504 quum
468 451 734 505 rogationem
770 449 1124 505 promulgassent,
1146 458 1194 490 ut
1224 451 1352 503 *ager
1382 461 1435 488 ex
1467 441 1796 510 hosti-11',¹³“³⁰‘f³¹¹.³.'3

172 504 248 545 bus
280 517 431 561 captus
467 507 624 547 viritim
658 506 932 557 divideretur,
955 520 1209 562 magnaeque
1241 504 1372 560 partis
1395 504 1599 549 nobilium
1614 493 1779 565 {QZ-gum

166 575 217 602 eo
239 562 466 616 plebiscito
491 563 806 618 publicarentur
827 562 1038 615 fortunae;
1068 567 1166 615 (nec
1189 564 1302 603 enirn
1327 560 1458 601 ferme
1479 562 1601 615 quid-

167 632 293 672 quam
317 621 424 674 agri,
449 629 494 659 ut
515 623 555 660 in
579 621 683 660 urbe
704 619 843 660 alieno
866 619 956 661 solo
979 620 1132 675 posita,
1156 633 1240 659 non
1272 618 1399 658 armis
1430 629 1598 672 partum

165 683 277 726 erat3
308 690 400 726 nec,
423 677 536 731 quod
573 677 756 717 venisset
787 676 1112 732 adsignatumve
1142 675 1315 730 publice
1346 684 1469 724 esset,
1492 688 1600 729 prae-

167 739 359 786 terquam
384 732 503 787 plebs
526 732 732 784 habebat)
749 744 871 774 atrox
896 733 1007 788 plebi
1026 733 1310 787 Patribusque
1335 732 1599 787 propositum

166 787 390 829 videbatur
420 799 660 831 certamen:
694 805 771 831 nec
804 790 961 832 tribuni
992 790 1194 840 militum,
1216 803 1330 829 nunc
1360 788 1401 828 in
1435 797 1599 839 senatu,

164 845 367 886 ’nuncin
391 846 585 887 conciliis
621 847 798 902 privatis
833 848 1074 903 principum
1108 846 1328 902 cogendis,
1347 845 1458 885 viam
1491 860 1599 886 con·-

163 901 246 942 silii
280 902 579 955 inveniebant3
612 918 742 958 quum
773 903 858 958 Ap.
882 904 1102 953 Claudius,
1125 917 1256 958 nepos
1286 903 1396 957 ejus,
1417 901 1489 953 qui
1524 902 1597 943 de-

164 959 324 1000 cemvir
344 958 510 1016 legibus
533 961 769 1002 scribendis
791 961 942 1011 fuerat,
966 960 1167 1001 minimus
1194 969 1293 1000 natu
1325 973 1380 999 ex
1417 958 1596 999 Patrum

162 1015 347 1056 coneilio
361 1023 389 1067 ¹¹,
412 1017 570 1058 dicitur
591 1018 764 1067 dixisse,
791 1015 912 1058 Vetus
929 1032 966 1058 se
987 1016 1269 1073 acfamiliare
1290 1014 1504 1056 consilinm
1523 1014 1595 1057 do-

160 1086 222 1112 mo
255 1071 431 1129 adferre.
467 1077 482 1099 ⁶
491 1089 691 1128 proavum
725 1074 830 1115 enim
863 1089 977 1115 suzam
1011 1075 1096 1128 Ap.
1132 1072 1354 1114 Claudium
1383 1071 1594 1113 ostendisse
1606 1076 1791 1125 nppiicon-

160 1127 364 1170 Patribus
386 1131 496 1171 viam
515 1146 637 1172 unam
655 1131 907 1172 dissolvendae
925 1131 1152 1172 tribunicia:
1174 1128 1385 1185 potestatis
1408 1143 1484 1183 per
1513 1129 1593 1170 col·
1605 1120 1762 1192 ⁵¹¹¹r¹g¹r¹¹¹d3³s⁶

158 1184 341 1241 legarum
387 1187 716 1230 intercessionem.
777 1187 920 1229 Facile
965 1187 1139 1228 homines
1186 1201 1309 1227 ‘novos
1355 1185 1787 1236 auctoritatemtercesgo.

151 1243 385 1298 principum
406 1244 455 1284 de
487 1245 681 1286 sententia
715 1245 873 1295 deduci,
893 1245 928 1285 si
962 1252 1180 1299 temporum
1217 1242 1415 1284 interdum
1441 1243 1702 1297 potius‚r1bus.

156 1313 281 1354 quam
299 1301 540 1356 majestatis,
564 1317 711 1343 memor
730 1301 970 1343 adhibeatur
989 1302 1134 1343 oratio.
1163 1309 1177 1331 ⁷
1193 1300 1283 1341 Pro
1298 1298 1480 1355 fortuna
1510 1299 1594 1340 illis

159 1357 317 1397 animos
332 1371 425 1398 esse.
446 1359 518 1399 ubi
536 1359 716 1410 videant,
737 1358 906 1414 collegas
920 1359 1123 1413 principes
1143 1357 1305 1413 agendae
1331 1357 1386 1396 rei
1413 1356 1594 1410 gratiam

159 1427 310 1454 omnem
338 1414 393 1454 ad
406 1414 561 1469 plebem
579 1430 884 1470 pra’occnpasse‚
904 1430 973 1456 nec
995 1415 1122 1456 locum
1143 1415 1185 1455 in
1206 1429 1253 1456 ea
1282 1412 1466 1454 relictum
1485 1413 1563 1454 sibi
1580 1430 1594 1463 ,-

156 1468 269 1510 leand
283 1478 453 1526 gravate
481 1471 755 1513 adclinaturos
786 1487 825 1512 se
855 1472 909 1512 ad
943 1487 1121 1512 caussam
1152 1478 1322 1520 senatus,
1343 1474 1356 1494 ⁸
1367 1484 1442 1524 per
1473 1484 1596 1524 qnam

161 1527 345 1567 universo
367 1528 500 1569 ordini
522 1544 609 1569 cnm
627 1528 853 1584 prioribus*
881 1543 919 1569 se
941 1528 1119 1569 Patr-um
1139 1528 1365 1569 concilient.
1423 1526 1594 1581 Adpro-

165 1584 363 1624 bantibus
392 1586 573 1636 cunctis,
608 1597 650 1626 et
679 1595 778 1626 ante
808 1600 955 1626 omnes
990 1586 1047 1633 Q.
1078 1585 1258 1626 Servilio
1292 1584 1456 1634 Prisce,
1476 1583 1593 1637 quod

158 1653 243 1680 non
265 1642 560 1695 degenerasset.
593 1644 647 1683 ab
681 1643 812 1697 stirpe
843 1642 1038 1692 Claudia,
1060 1641 1346 1682 conlaudante
1370 1640 1592 1694 juvenem,

157 1698 378 1752 negotium
402 1699 541 1749 datur,
565 1709 626 1750 ut,
648 1714 754 1754 quos
781 1699 962 1754 quisque
994 1709 1136 1754 posset
1156 1713 1210 1738 ex
1241 1697 1426 1752 collegio
1456 1697 1591 1738 tribu-

152 1767 320 1804 norum,
343 1754 395 1795 ad
419 1756 762 1797 intercessionem
789 1755 1052 1811 perlicerent.
1115 1754 1255 1796 Misso
1277 1764 1441 1803 senatu,
1466 1768 1590 1809 pren-

157 1821 302 1852 santur
335 1812 390 1852 ab
425 1813 692 1868 principibus
726 1813 912 1854 tribuni:
952 1813 1184 1862 suadendo,
1215 1811 1445 1859 monendo,
1467 1810 1592 1865 polli-

157 1867 379 1922 cendoque
401 1879 568 1924 gratum
594 1870 633 1910 id
658 1869 835 1925 singnlis
866 1869 1082 1925 privatim,
1104 1877 1272 1925 gratum
1305 1868 1503 1908 universo
1525 1882 1590 1908 se·

153 1925 272 1965 natui
307 1925 412 1972 fore,
443 1940 517 1966 sex
551 1927 603 1968 ad
636 1927 982 1967 intercessionem
1013 1939 1328 1981 comparavere.
1391 1924 1590 1965 Postero-

152 1995 237 2035 que
261 1981 330 2022 die
360 1991 490 2037 quum
527 1998 580 2023 ex
613 1984 854 2039 composito
886 1983 1063 2024 relatum
1096 1982 1147 2023 ad
1181 1991 1371 2022 senatum
1405 1990 1514 2021 esset
1537 1981 1590 2021 de

154 2037 377 2089 seditione,
406 2054 533 2094 quam
577 2040 794 2081 Maecilius
831 2039 1111 2094 Metiliusque
1149 2038 1375 2094 largitione
1416 2037 1587 2093 pessimi

147 2094 335 2148 exempli
355 2097 599 2148 concirent3
628 2111 691 2137 eae
725 2097 938 2138 orationes
970 2111 994 2137 a
1025 2096 1283 2152 primoribus
1316 2095 1489 2136 Patrum
1513 2094 1589 2135 ha-

153 2150 256 2192 bitae
279 2163 392 2203 sunt,
414 2162 461 2193 ut
484 2168 560 2209 pro
582 2168 626 2194 se
647 2153 935 2209 quisquejam
959 2168 1037 2195 nec
1059 2152 1283 2194 consilium
1317 2152 1398 2192 sibi
1433 2152 1589 2208 subpe-

438 2262 453 2276 “
475 2257 600 2286 consilio
616 2258 705 2287 (Ji-ev.
879 2260 892 2274 Χ
908 2256 1094 2296 primoribus
1108 2255 1202 2284 Gron.
1219 2256 1308 2285 Crev'.

192 2337 212 2365 8
238 2332 351 2372 Spurii
366 2331 525 2363 ,Maeuius
541 2353 550 2362 .
561 2353 570 2362 .
585 2353 594 2362 .
604 2353 613 2361 .
636 2337 665 2363 et
681 2331 842 2371 flffetilz‘zts]
890 2332 940 2362 dis
953 2333 1092 2362 conciliis
1108 2331 1196 2362 idem
1211 2336 1262 2361 est
1277 2341 1316 2361 ac
1332 2330 1468 2370 cogendo
1484 2332 1588 2361 conci-

149 2376 254 2408 Ambo
283 2377 440 2406 nimirum
465 2385 649 2415 cognomen
679 2377 846 2406 habebant
890 2377 947 2406 lia.

153 2420 303 2459 Spurius.
363 2419 544 2449 Hactenus
581 2419 742 2449 edebatur
786 2419 844 2459 Sp.
934 2419 953 2448 G
978 2417 1164 2457 Proavum]
1194 2417 1325 2457 Proprie
1341 2418 1493 2447 abavum.
1531 2417 1584 2448 De

150 2463 247 2504 Quod
274 2467 364 2492 recte
394 2462 487 2492 nobis
517 2462 726 2502 interpretari
757 2463 844 2492 visus
890 2463 1012 2501 reipsa
1027 2461 1091 2491 vid.
1109 2460 1150 2490 ΙΙ.
1167 2463 1219 2491 44.
1236 2470 1346 2500 supra.
1399 2466 1402 2467 ’
1578 2485 1582 2489 .

150 2513 200 2537 est
223 2507 376 2546 Sigonius
401 2505 533 2544 Spurii:
559 2512 658 2543 atque
682 2505 729 2535 ita
751 2505 842 2536 dedi-

151 2558 239 2588 mus,
256 2557 293 2579 ut
310 2549 508 2588 ambiguitas
526 2548 711 2578 tolleretur.

191 2596 212 2623 4
235 2594 325 2631 Ager
352 2603 392 2623 es:
421 2593 559 2622 hostibus
586 2593 715 2631 captus]
738 2591 841 2630 Quid-

152 2636 230 2674 quid
245 2637 314 2674 agri
331 2636 372 2666 ab
388 2636 467 2665 urbe
486 2635 622 2665 condita
637 2646 675 2664 ex
693 2635 840 2664 hostibus

148 2688 285 2718 captum
310 2684 394 2715 erat,
421 2685 541 2718 pra-ter
564 2679 597 2708 id
621 2678 706 2717 quod
733 2678 842 2707 venie-

149 2727 214 2758 rat,
245 2723 488 2758 assignaturum
525 2721 655 2761 publice
690 2728 773 2758 erat,
804 2724 842 2750 ut

149 2769 243 2804 patet
258 2776 297 2795 ex
312 2765 537 2804 sequentibus.

193 2811 210 2837 5
237 2809 338 2838 Num·
364 2811 397 2838 in
422 2810 559 2839 conciliis
584 2829 611 2836 ..
627 2828 653 2836 ..
680 2805 840 2846 cogendis]

148 2850 289 2881 Videtur
313 2851 452 2882 delenda
474 2852 675 2891 praepositio,
725 2851 842 2889 (ngen-

929 2509 946 2540 7
957 2506 975 2523 ²*
986 2505 1055 2535 Pro
1057 2504 1203 2544 fortuna
1218 2505 1283 2534 inis
1300 2505 1424 2533 animos
1437 2504 1517 2542 esse]
1542 2502 1585 2533 11-

886 2549 992 2578 lorum
1023 2547 1162 2577 consilia
1189 2558 1227 2577 ex
1254 2547 1389 2577 fortuna
1414 2547 1582 2587 pendet-433

885 2601 952 2628 eos,
976 2591 1112 2631 perinde
1143 2595 1183 2620 ut
1214 2600 1247 2620 se
1280 2590 1415 2620 fortuna
1444 2591 1513 2627 det,
1536 2590 1583 2620 ita

885 2635 1049 2664 animatos
1066 2643 1148 2664 esse.

929 2681 946 2708 3
973 2677 1043 2707 Per
1058 2687 1157 2717 qnam
1172 2676 1334 2716 universo]
1354 2676 1475 2707 Melius
1493 2676 1581 2707 vide-

885 2727 978 2750 retur
1011 2720 1097 2758 quod
1123 2719 1187 2759 legi
1211 2720 1309 2759 jubet
1340 2719 1424 2750 Tan.
1456 2720 1580 2750 Faber:

888 2765 958 2794 Per
971 2773 1070 2802 quam
1085 2773 1187 2803 quum
1208 2765 1354 2794 universo
1375 2763 1493 2801 ordim,
1510 2767 1580 2793 tum

880 2807 1078 2847 primoribus
1095 2829 1102 2836 .
1114 2827 1122 2836 .
1137 2828 1145 2837 .
1157 2827 1165 2836 .
1232 2809 1236 2811 “

937 2898 1011 2934 Τ3
