1991 3250
189 232 233 263 U.
251 229 286 260 C.
303 232 377 261 318.

191 274 230 304 A.
247 272 284 302 C.
300 276 374 304 434.

193 317 337 346 Dictator

193 359 290 389 Mam.

193 401 350 433 AEmilius.

195 1681 342 1710 Veientes

195 1733 265 1754 cum
280 1724 369 1752 sociis

397 116 477 156 248
935 112 1072 156 ιΤῙΤῘ
1099 112 1278 157 ”mvn

404 216 502 257 fuit.
519 224 563 258 et
584 225 768 267 senatus,
789 227 838 259 ut
859 213 908 258 in
932 217 1107 272 trepidis
1139 218 1278 267 rebus,
1299 215 1550 258 dictato-rem
1572 217 1656 259 dici
1681 217 1820 261 Mam.

406 272 630 315 AEmilium
647 274 793 330 jussit.
840 273 882 315 Is
905 275 1154 329 magistrum
1178 275 1369 328 equitum
1391 287 1444 313 ex
1467 273 1649 329 collegio
1671 277 1822 331 prioris

405 331 620 386 anni,quo
644 331 767 372 simul
791 331 950 371 tribuni
976 330 1155 370 militum
1177 329 1384 371 consulari
1409 338 1617 385 potestate
1639 331 1823 382 fuerant,

407 386 456 428 L.
481 380 735 434 Quinctium
770 386 1091 436 Cincinnatum,
1112 387 1288 440 dignum
1323 396 1494 441 parente
1518 386 1738 441 juvenem,
1759 389 1827 428 di..

406 444 488 484 xit.
528 443 595 484 Ad
618 444 825 484 delectum
850 457 875 483 a
894 442 1139 483 consulibus
1161 443 1355 484 habitum
1374 445 1643 484 centuriones
1665 454 1824 485 veteres

406 499 504 540 belli
531 500 653 555 periti
678 499 851 554 adjecti,
871 510 914 539 et
944 512 1144 539 numerus
1174 500 1418 540 amissorum
1452 499 1651 554 proxima
1679 514 1828 555 pugna

406 555 616 611 expletus.
693 555 876 611 Legatos
921 555 1175 601 Quinctium
1219 555 1510 612 Capitolinum
1556 566 1600 596 et
1642 555 1708 597 M.
1743 557 1824 597 Fa!-

408 613 527 653 bium
558 611 814 653 Vibulanum
848 612 964 666 sequi
989 625 1032 651 se
1061 612 1243 652 dictator
1267 612 1411 667 jussit.
1453 615 1484 635 ⁸⁸
1500 613 1643 659 Quum
1683 623 1827 668 potes-

407 677 471 709 tas
494 668 644 723 major,
667 679 755 708 tum
781 668 843 708 vir
859 682 1029 722 quoque
1054 669 1248 723 potestati
1271 683 1358 723 par,
1374 668 1515 709 hostes
1535 684 1587 710 ex
1610 683 1712 724 agro
1737 669 1827 710 Ro..

405 739 534 766 mano
568 735 683 765 trans
714 724 922 765 Anienem
949 725 1215 774 submovere,
1236 731 1268 753 ⁸⁹
1282 725 1491 779 collesque
1513 726 1622 766 inter
1645 725 1826 766 Fidenas

405 791 534 836 atque
570 781 780 822 Anienem
816 791 1034 836 ceperunt,
1068 780 1297 821 ‘referentes
1335 791 1496 823 castra:
1538 796 1618 824 nec
1649 792 1748 822 ante
1782 782 1828 825 in

405 849 580 892 campos
602 841 634 865 ⁹⁰
648 838 832 893 degressi
852 847 964 888 sunt,
983 851 1109 892 quam
1131 841 1160 865 ⁹¹
1178 837 1365 892 legiones
1384 839 1544 879 auxilio
1568 839 1829 880 Faliscorum

406 901 626 935 venerunt.
685 893 794 935 Tum
818 895 986 935 demum
1021 904 1158 934 castra
1192 893 1464 935 Etruscorum
1501 909 1576 950 pro
1610 897 1830 936 rnoenibus

407 950 664 992 Fidenarum
699 951 852 1006 posita.
886 961 928 991 et
959 951 1144 991 dictator
1179 950 1396 991 Romanus
1427 951 1538 992 haud
1562 952 1708 1007 procul
1729 952 1828 993 inde

406 1007 459 1048 ad
489 1008 753 1049 confluentes
783 1007 977 1049 consedit
1008 1009 1049 1048 in
1075 1008 1288 1062 utriusque
1309 1008 1412 1062 ripis
1442 1008 1593 1057 amnis,
1613 1011 1742 1063 ⁹²qua
1763 1021 1829 1049 se-

406 1064 480 1118 qui
513 1065 780 1105 munimento
821 1073 1001 1119 poterat,
1034 1063 1144 1105 vallo
1185 1064 1450 1119 interposito.
1485 1075 1654 1120 postero
1682 1065 1753 1111 die
1784 1065 1829 1108 in

409 1121 547 1161 aciem
570 1121 734 1161 eduxit.

467 1176 644 1218 XVIII.
680 1176 794 1218 Inter
824 1177 967 1218 hostes
1002 1176 1127 1218 variae
1161 1175 1303 1217 fuere²
1324 1177 1562 1218 sententiae.
1624 1176 1829 1228 Faliscus,

409 1234 557 1289 procul
587 1234 641 1275 ab
662 1233 791 1274 domo
813 1234 1006 1274 militiam
1031 1248 1144 1288 aegre
1166 1234 1345 1289 panem,
1368 1234 1551 1288 satisque
1578 1233 1712 1275 fidens
1735 1235 1829 1286 sibi,

407 1304 583 1346 poscere
604 1305 818 1346 pugnam:
852 1290 1018 1331 Veienti
1049 1291 1320 1345 Fidenatique
1341 1290 1435 1345 plus
1458 1291 1545 1345 spei
1582 1290 1623 1331 in
1658 1291 1829 1331 trahea,

405 1347 462 1388 clo
484 1345 594 1387 bello
616 1361 720 1388 esse.
769 1346 1036 1396 Tolumnius,
1059 1361 1315 1401 quamquam
1340 1361 1511 1387 suorum
1531 1347 1666 1402 magis
1690 1348 1831 1403 place-

406 1404 512 1444 bant
545 1404 735 1454 consilia,
757 1418 810 1445 ne
842 1404 1118 1460 longinquam
1153 1403 1347 1443 militiam
1371 1418 1453 1444 non
1489 1413 1729 1458 paterentur
1751 1403 1833 1450 Fa-

407 1460 515 1511 lisci,
540 1470 712 1516 postero
742 1461 809 1505 die
831 1475 874 1500 se
906 1470 1192 1516 pugnaturum
1224 1460 1368 1501 edicit.
1431 1459 1642 1501 Dictatori
1674 1475 1722 1501 ac
1742 1460 1831 1501 Ro-

406 1518 560 1567 manis,
582 1517 694 1572 quod
729 1518 1002 1558 detrectasset
1038 1530 1223 1572 pugnam
1261 1517 1408 1565 hostis,
1431 1517 1561 1557 animi
1592 1531 1828 1558 accessere:

407 1583 662 1630 posteroque
684 1574 766 1623 die,
783 1573 871 1628 jam
898 1574 1100 1614 militibus
1123 1584 1258 1613 castra
1291 1574 1523 1627 urbemque
1545 1587 1588 1614 se
1608 1574 1833 1629 obpugna-

409 1641 527 1671 turos
550 1631 843 1679 frementibus,
865 1631 907 1671 ni
931 1631 1053 1685 copia
1078 1643 1231 1685 pugnae
1253 1629 1340 1679 fiat,
1361 1630 1573 1684 utrimque
1589 1631 1700 1671 acies
1723 1631 1833 1671 inter

344 1722 351 1730 .
410 1687 512 1727 bina
533 1697 670 1728 castra
692 1688 732 1727 in
759 1687 942 1727 medium
966 1687 1103 1741 campi
1138 1685 1387 1740 procedunt.
1445 1686 1615 1736 Veiens,
1636 1686 1831 1727 multitu-

196 1744 509 1806 pugnantad-dlne
540 1744 775 1792 abundans,
796 1744 866 1798 qui
900 1744 1007 1784 inter
1037 1742 1355 1783 dimicationem
1387 1751 1523 1782 castra
1548 1743 1738 1785 Romana
1759 1742 1834 1783 ad-

195 1818 303 1838 versus
318 1810 381 1840 Ro-

196 1861 313 1882 manos·

410 1801 700 1858 grederentur‚
723 1812 820 1856 post
842 1808 1006 1840 montes
1040 1799 1333 1846 circummisit,
1396 1798 1542 1841 Trium
1576 1800 1832 1856 populorum

911 1900 1020 1940 afuere
1033 1901 1126 1930 varia·
1137 1901 1232 1929 Gron.
1247 1902 1337 1930 Crev-

451 1993 492 2022 82
516 1991 777 2032 ‚Qnumpotestus
793 1987 910 2030 major]
927 1988 1006 2019 Haec
1021 1988 1098 2026 duo,
1143 1991 1178 2018 et
1201 1986 1222 2017 I.
1239 1986 1345 2018 XLII.
1363 1998 1391 2018 c.
1421 1991 1446 2018 I.
1463 1998 1526 2028 per
1546 1989 1671 2029 oppida,
1689 1989 1750 2018 iter
1771 1997 1836 2029 qua

408 2043 529 2074 nempe
547 2034 720 2074 potestatis
737 2033 932 2069 dictatoriae,
945 2042 1018 2071 quae
1032 2041 1100 2061 nia-
1132 2030 1329 2069 faciendum
1353 2036 1445 2061 erat:
1469 2038 1504 2061 et
1528 2032 1643 2062 eodeni
1671 2031 1692 2062 1.
1722 2042 1751 2062 e.
1782 2035 1831 2066 19.

402 2077 458 2115 jor
488 2085 538 2107 est
569 2075 746 2117 consuleri,
778 2082 896 2113 terror,
926 2083 961 2105 et
996 2076 1100 2105 virtus
1143 2075 1198 2114 qui
1213 2084 1327 2113 regum
1349 2084 1456 2112 suam,
1474 2075 1586 2105 Persei
1608 2076 1665 2114 qui
1689 2075 1835 2106 secuturi

409 2119 514 2150 Mam.
544 2120 669 2149 AEinilii
699 2126 803 2149 tantm
834 2119 989 2158 potestati
1030 2127 1099 2157 par,
1144 2118 1321 2148 “micinam
1344 2123 1466 2148 essent:
1490 2125 1523 2148 et
1548 2118 1646 2148 XLV.
1668 2120 1714 2149 12.
1738 2118 1835 2149 redde

409 2167 542 2193 tantum
560 2162 609 2192 vel
627 2162 795 2192 solamina
811 2162 954 2198 valuere,
972 2168 1009 2192 ut
1025 2161 1098 2191 hos-
1143 2169 1337 2200 responsum,
1361 2163 1487 2191 senatui
1512 2162 1594 2203 quod
1621 2160 1775 2202 reseram.
1799 2163 1835 2192 el

409 2211 461 2236 tes
477 2206 669 2236 recederent
685 2215 724 2236 ex
741 2215 819 2243 agro
842 2205 992 2235 Romano
1007 2207 1098 2234 trans
1142 2205 1198 2243 qui
1212 2204 1244 2233 in
1263 2203 1350 2234 hunc
1367 2204 1500 2234 modum
1515 2205 1733 2245 postpositum
1747 2213 1834 2245 saepe

408 2251 587 2286 Anienem,
611 2254 645 2279 et
668 2248 846 2278 referentes
869 2253 989 2284 castra,
1005 2258 1100 2286 cepe·
1143 2247 1225 2277 abiit.
1248 2248 1280 2277 in
1304 2248 1500 2287 particulam
1522 2258 1594 2288 que,
1610 2253 1649 2278 ut
1671 2247 1834 2287 hocloco,

411 2293 479 2323 rint
504 2292 603 2323 colles
626 2292 869 2325 interfluentis
886 2298 984 2330 atque
1000 2290 1099 2320 Anie-
1143 2296 1178 2320 ut
1197 2289 1281 2329 aliis,
1306 2300 1385 2329 quos
1417 2302 1455 2321 ex
1480 2291 1640 2322 Perizonii
1666 2295 1776 2322 mente
1798 2295 1834 2322 et

411 2345 499 2366 nem.
1142 2334 1271 2363 monitu
1288 2334 1494 2374 refiiigendos
1509 2334 1754 2374 designabimus
1768 2333 1835 2365 Iec—

455 2382 496 2413 89
525 2377 695 2418 Collesque]
722 2377 942 2415 Doctissimus
970 2376 1098 2406 Pei-izo·
1141 2377 1215 2406 tori.

413 2423 487 2452 iiius
512 2423 544 2451 in
571 2429 649 2451 nota
676 2420 717 2450 ad
744 2419 900 2450 xxvul.
927 2421 974 2450 1⁶2.
1001 2419 1098 2456 infra,
1184 2424 1226 2453 90
1250 2420 1420 2460 Regressi]
1436 2421 1489 2451 Sic
1504 2420 1588 2460 bene
1603 2420 1756 2461 Sigonius
1770 2429 1831 2460 pro

412 2465 566 2495 editionis
593 2464 809 2493 Groiiovianae
833 2463 911 2492 anni
940 2463 1029 2496 1679.
1054 2462 1099 2491 lc·
1143 2464 1287 2501 digressi.

413 2509 554 2546 gundum
574 2513 667 2547 putat
685 2508 775 2537 colles
789 2508 862 2546 qui.-
880 2505 914 2536 τὸ
928 2507 982 2545 qni
1001 2505 1098 2535 rvstrt
1185 2510 1221 2539 91
1250 2506 1417 2547 Legiones]
1443 2506 1604 2544 Legiones
1629 2505 1829 2536 Faliscorum

412 2552 451 2580 ad
479 2552 587 2585 hostes.
611 2552 665 2590 qui
687 2555 837 2590 ceperunt
860 2551 968 2578 collas:
993 2549 1038 2578 ita
1063 2554 1099 2579 ut
1142 2557 1304 2580 venerunt
1320 2550 1441 2579 auxilio
1458 2549 1679 2579 Fidenatibus.

411 2593 498 2623 idem
529 2603 642 2623 sene-‚us
674 2597 854 2629 remaneat,
878 2602 975 2631 (utem
1002 2592 1098 2622 modo
1184 2595 1225 2627 9³2
1248 2594 1326 2634 Qua
1340 2593 1440 2632 sequi]
1467 2591 1560 2622 Vallo
1576 2591 1772 2631 interposito
1793 2592 1828 2622 in

410 2637 634 2675 exposuimus,
666 2636 722 2666 sed
747 2641 916 2666 structura
941 2635 1098 2666 orationis
1142 2645 1181 2665 eo
1206 2636 1289 2671 loco,
1315 2635 1356 2666 ad
1378 2645 1475 2674 quein
1500 2644 1601 2673 usque
1625 2634 1716 2673 sequi
1742 2634 1828 2675 ripas

411 2680 580 2711 meliorem
599 2680 630 2708 in
647 2679 786 2709 formam
802 2679 981 2718 redigatur.
1027 2678 1097 2709 Nec
1144 2679 1315 2718 utriusque
1331 2678 1437 2709 amnis
1454 2682 1582 2718 poterat
1599 2677 1780 2708 muniendo
1794 2683 1829 2708 et

408 2722 572 2752 offendere
605 2721 701 2752 debet
726 2731 907 2762 pronomen
939 2722 1098 2761 postposi-
1142 2726 1249 2752 castra
1266 2721 1443 2760 metando;
1467 2731 1531 2760 quo
1558 2721 1636 2760 ripffl
1661 2721 1834 2760 utriusque

407 2771 493 2796 tum.
528 2765 627 2801 Nam,
646 2769 682 2794 ut
699 2767 847 2794 observat
863 2765 949 2795 idem
969 2765 1098 2794 Perizo-
1141 2765 1248 2795 amnis
1276 2774 1341 2794 non
1370 2765 1416 2794 ita
1446 2763 1674 2803 ‹livet-gebant,
1698 2769 1742 2795 ut·
1766 2774 1832 2795 non

409 2809 496 2844 nius,
514 2807 545 2838 id
564 2807 723 2837 familiare
740 2812 787 2836 est
815 2807 914 2837 Livio.
938 2807 1000 2837 Sic.
1021 2807 1040 2837 I.
1058 2807 1095 2838 V.
1141 2812 1250 2847 posset
1273 2807 1455 2838 secundum
1482 2817 1537 2838 eas
1565 2810 1673 2840 castra
1701 2811 1834 2848 proten-

407 2861 436 2881 c.
457 2855 504 2882 14.
528 2852 671 2889 cuminis,
688 2855 852 2890 auspicato
874 2860 944 2891 ’μαι
956 2851 1095 2888 fierent.-
1140 2850 1227 2881 dere.
