1991 3250
178 234 184 241 .
203 214 238 241 C.
254 214 272 242 ⁶2

179 278 186 286 .
201 256 237 287 C.
251 258 326 290 474.

138 1569 169 1685 ⁶3³1:

173 1593 219 1686 7.,

194 1571 230 1642 ‚00

244 1571 284 1646 3¹3

289 1574 308 1640 “20

212 1657 321 1695 hirtio,

205 1701 311 1730 ‘alerio

131 1699 162 1773 ατ(

165 1754 180 1773 0

199 1757 211 1773 (Ι

184 1754 195 1773 m
188 1701 205 1729 l*

276 213 328 245 78.

314 1592 320 1599 ·
352 1569 380 1608 S
417 1598 426 1606 .

250 1622 253 1625 ’
296 1616 318 1643 ³·
354 1582 610 1674 cgnsulibus‚
641 1624 760 1664 initio
791 1624 928 1664 statim
960 1623 1074 1674 anni,
1095 1623 1150 1664 ab
1190 1622 1238 1663 L.
1272 1622 1462 1663 Caedicio
1494 1629 1536 1662 et
1569 1620 1620 1662 T.
1657 1620 1791 1662 Statio

363 101 437 135 140
919 97 1056 137 ΤΙΤΙ
1090 95 1258 135 LIVII

357 196 555 238 hesterna
573 196 779 240 felicitate
810 212 968 255 pugnae
1001 197 1139 249 ferox,
1161 196 1300 251 magis
1331 203 1488 248 tamen,
1511 197 1624 253 quod
1647 197 1793 254 inopia

357 253 574 306 frumenti,
596 257 791 310 quamvis
814 257 856 297 in
880 254 1136 311 praecipitia,
1158 254 1259 294 dum
1283 252 1488 303 celeriora
1515 264 1670 305 essent,
1691 269 1791 312 age·

357 311 432 352 bat
466 311 660 362 consilia,
698 322 856 353 temere
897 313 1074 353 adverso
1111 309 1310 354 Janiculo
1346 309 1399 350 ad
1434 319 1572 353 castra
1602 311 1792 354 hostium

353 367 489 409 aciem
520 368 673 419 erexit,
703 369 948 424 foediusque
983 368 1082 408 inde
1113 367 1272 423 pulsus,
1293 381 1419 423 quam
1452 367 1588 422 pridie
1618 368 1792 423 pepule-

355 433 434 476 rat,
456 425 698 466 interventu
721 426 898 482 collegae
921 425 1053 480 9⁵ipse
1074 425 1373 479 exercitusque
1394 424 1486 479 ejus
1503 434 1569 465 est
1587 435 1789 466 servatus.

353 481 464 522 inter
484 482 587 523 duas
609 483 721 523 acies
748 482 932 531 Etrusci,
955 496 1088 537 quum
1111 482 1154 522 in
1178 481 1315 522 vicem
1339 481 1403 522 his
1423 492 1551 537 atque
1572 481 1653 523 illis
1673 491 1794 538 terga

353 539 518 591 darent,
551 539 778 581 occidione
810 539 959 581 occisi.
1020 538 1090 580 Ita
1120 540 1384 594 obpressum*
1404 540 1644 580 temeritate
1676 538 1793 582 felici

353 595 509 637 Veiens
531 595 702 637 beilum.
1356 622 1359 625 ·

413 652 514 693 LII.
546 652 776 694 Urbicum
808 667 913 707 pace
945 651 1085 692 laxior
1117 652 1244 693 etiam
1280 667 1450 694 annona
1481 651 1624 702 rediit,
1646 660 1690 692 et
1719 651 1795 692 ad·-

353 719 478 749 vecto
500 723 554 749 ex
580 709 817 765 Campania
839 708 1071 759 frumento,
1095 719 1152 760 et,
1175 719 1400 764 postquam
1432 710 1560 751 timor
1590 709 1672 750 sibi
1704 709 1794 749 cui-

351 780 434 819 que
458 765 612 807 futurae
638 767 797 821 inopiae
829 766 951 817 abiit,
971 780 1039 816 ec,
1063 765 1175 820 quod
1206 765 1402 808 abditum
1433 765 1588 816 fuerat,
1610 765 1792 821 prolato.

353 821 422 863 Ex
441 824 569 878 copia
591 823 745 864 deinde
775 823 952 878 otioque
982 822 1178 863 lascivire
1200 837 1340 864 rursus
1362 823 1518 875 animi;
1549 834 1592 863 et
1613 823 1795 878 pristina.

351 878 478 931 mala,
506 889 731 936 postquam
763 879 865 921 foris
900 881 1088 930 deerant,
1119 879 1237 920 domi
1271 894 1475 935 quaerere.
1510 880 1666 920 tribuni
1703 880 1791 934 ple-

350 938 446 978 bem
469 937 633 993 agitare
653 953 728 978 suo
751 952 931 988 veneno,
948 937 1115 992 agraria
1135 935 1251 992 lege3
1283 938 1327 977 in
1347 937 1588 978 resistentes
1611 936 1791 978 incitare

352 993 515 1046 Patres,
537 1009 615 1036 nec
638 995 683 1035 in
702 994 921 1036 universos
944 993 1088 1045 modo,
1111 994 1183 1034 sed
1217 994 1258 1034 in
1291 993 1497 1049 singulos.
1559 993 1616 1040 Q.
1638 992 1793 1034 Consi-

350 1051 445 1091 dius
476 1062 520 1092 et
549 1051 600 1092 T.
632 1051 870 1103 Genucius,
901 1061 1094 1092 auctores
1136 1051 1316 1106 agrariae
1348 1051 1468 1106 legis,
1500 1048 1550 1090 T.
1583 1049 1792 1092 Menenio

348 1108 464 1149 diem
495 1109 658 1150 dicunt.
699 1109 875 1150 invidiae
904 1117 995 1150 erat
1031 1108 1235 1149 amissum
1273 1107 1487 1149 Cremerae
1527 1106 1791 1163 praesidium,

350 1179 480 1220 quum
503 1165 614 1207 haud
638 1166 785 1221 procul
807 1165 905 1207 inde
925 1166 1083 1206 stativa
1103 1165 1251 1206 consul
1281 1165 1506 1206 habuisset.
1536 1167 1568 1190 ⁹⁴
1583 1163 1693 1206 Eum
1716 1165 1792 1205 ob-

350 1220 626 1277 presserunt¹.
686 1225 831 1270 Quum
853 1232 897 1263 et
918 1223 1066 1264 Patres
1086 1222 1199 1264 haud
1231 1222 1386 1273 miuus,
1407 1236 1532 1278 quam
1566 1236 1645 1277 pro
1667 1220 1791 1263 Cori-

349 1279 491 1331 olano,
513 1279 651 1321 adnisi
672 1290 827 1331 essent,
849 1289 892 1321 et
913 1281 1045 1336 patris
1067 1279 1275 1335 Agrippae
1301 1279 1426 1320 favor
1456 1279 1570 1321 haud
1591 1278 1692 1319 dum
1714 1293 1791 1320 ex-

346 1336 576 1389 olevisset3
607 1339 649 1378 in
673 1337 805 1378 multa
825 1346 1109 1392 temperarunt
1134 1336 1303 1378 tribuni.
1333 1343 1366 1366 9³
1379 1351 1506 1392 quum
1538 1336 1685 1391 capitis
1715 1350 1790 1378 an-

347 1395 589 1448 quisissent,
619 1396 651 1422 9⁶
667 1396 752 1436 duo
785 1394 913 1435 millia
942 1395 1034 1436 aeris
1065 1395 1264 1435 damnato
1293 1399 1324 1422 9⁷
1340 1393 1510 1435 multam
1541 1393 1790 1434 dixeruntffl.

349 1453 381 1476 ⁹⁸
393 1466 444 1492 ea
465 1452 507 1493 in
537 1461 664 1507 caput
694 1452 828 1494 vertit.
889 1451 1063 1508 Negant
1093 1451 1236 1492 tulisse
1268 1450 1542 1506 ignominiam
1576 1449 1792 1506 aegritudi-

349 1522 555 1564 nemque:
603 1509 701 1550 inde
741 1509 892 1551 inorbo
932 1511 1290 1550 absumtumcsse.
1349 1507 1469 1549 Alius
1509 1507 1661 1548 deinde
1697 1519 1791 1549 reus

360 1568 369 1569 ’
464 1567 680 1617 Servilius,
701 1575 747 1607 ut
777 1566 996 1608 consulatu
1034 1566 1152 1617 abiit,
1175 1566 1227 1607 C.
1268 1564 1424 1606 Nautio
1459 1572 1502 1604 et
1541 1565 1590 1605 P.
1626 1563 1792 1606 Valerio

355 1681 531 1722 tribunis
555 1681 622 1721 die
652 1681 777 1732 dicta,
799 1696 902 1730 non,
922 1690 969 1721 ut
999 1679 1241 1730 Menenius,
1266 1680 1457 1734 precibus
1489 1678 1571 1718 suis
1603 1686 1676 1719 aut
1707 1678 1790 1719 Pa-

354 1747 478 1788 num,
502 1739 571 1779 sed
596 1753 689 1779 cum
722 1738 852 1779 multa
873 1737 1026 1779 fiducia
1057 1737 1314 1778 innocentiae
1345 1741 1377 1763 99
1391 1736 1636 1793 gratiaeque,
1658 1734 1791 1776 tribu-

353 1796 487 1837 nicios
509 1795 674 1850 inpetus
696 1795 806 1836 tulit.
867 1793 924 1835 Et
953 1795 1051 1836 huic
1081 1794 1279 1850 proelium
1301 1808 1396 1834 cum
1419 1792 1565 1834 Tuscis
1587 1793 1637 1833 ad
1668 1791 1789 1834 Jani-

351 1853 490 1894 culum
511 1862 599 1893 erat
615 1852 794 1893 crimini.
816 1852 889 1893 sed
912 1851 1060 1893 fervidi
1080 1852 1207 1893 animi
1230 1851 1304 1902 vir,
1329 1858 1375 1891 ut
1407 1851 1451 1891 in
1482 1849 1656 1905 publico
1681 1850 1789 1906 peri-

351 1910 448 1951 culo
471 1919 583 1959 ante,
606 1910 665 1951 sic
700 1918 788 1950 tum
812 1910 853 1949 in
887 1924 977 1962 suo,
1006 1924 1093 1950 non
1122 1910 1312 1950 tribunos
1339 1908 1483 1957 modo,
1503 1907 1576 1948 sed
1607 1905 1792 1961 piebem,

352 1967 543 2008 oratione
565 1966 696 2008 feroci
718 1966 957 2017 refutando,
978 1967 1360 2022 exprobrandoque
1385 1964 1435 2005 T.
1458 1963 1650 2005 Menenii
1673 1964 1790 2005 dam-

352 2026 562 2065 nationem
595 2034 870 2079 mortemque,
903 2024 1042 2079 (cujus
1074 2023 1200 2080 patris
1230 2036 1403 2064 munere
1435 2021 1625 2062 restituta
1656 2035 1791 2076 quon-

607 2129 615 2150 ¹
636 2140 805 2170 oppressere
818 2132 916 2160 Gron.
931 2131 1023 2160 Crev-

394 2233 435 2265 93
461 2230 533 2270 Ipse
548 2230 766 2269 exercitusque
788 2227 869 2271 ejus]
896 2229 1051 2269 Quattuor

351 2275 432 2314 regii
452 2274 580 2303 codices
596 2283 671 2303 cum
697 2273 889 2310 Sorbonico,
908 2274 1050 2312 Campa-

352 2328 414 2349 nus
452 2324 486 2347 et
525 2317 672 2347 Andreas
703 2317 869 2346 omittunt
906 2316 939 2345 τὸ
970 2314 1049 2355 ejus,

351 2361 438 2400 quod
470 2361 541 2391 sine
572 2360 641 2391 ulla
676 2360 876 2389 necessitate
909 2359 1051 2390 inseruit

351 2405 547 2435 Gronovius.

394 2452 435 2483 94
460 2448 552 2479 Eum
582 2448 777 2487 oppressere]
807 2445 992 2476 Gronovius
1014 2455 1048 2475 e-

350 2491 500 2528 mendat,
516 2501 568 2527 ea,
585 2500 705 2529 nempe
723 2490 859 2526 invidia,
876 2491 1048 2530 oppressit:

349 2535 384 2564 in
403 2546 468 2573 quo
485 2544 601 2574 parum
622 2534 691 2563 abit
708 2544 727 2563 a
749 2534 895 2573 scriptis,
912 2534 967 2572 qui
992 2533 1049 2563 ba-

348 2578 429 2608 bent
446 2587 517 2607 eam
533 2578 694 2617 ¹1l¹l¹¹'‘'³'·⁸²‘-‘·

391 2625 432 2655 95
456 2623 567 2662 Quum
641 2621 754 2660 capitis

347 2665 460 2703 Quum
494 2665 586 2694 litun
619 2665 647 2693 ci
681 2662 857 2703 capitalem
889 2663 1050 2693 intendis-

346 2713 437 2745 sent,
456 2708 523 2737 sive
540 2707 709 2746 judicium
728 2707 767 2736 de
785 2708 893 2747 eapite
910 2708 981 2747 ejus
999 2707 1050 2736 in—

345 2752 546 2781 stituissvnt.

390 2796 431 2829 96
455 2794 532 2826 Duo
563 2795 668 2823 millia
697 2795 785 2830 oeris]
824 2794 918 2823 Assos
950 2795 1045 2824 2000.

345 2838 503 2869 aestimari
528 2843 667 2878 possunt
684 2838 789 2868 tribus
815 2837 944 2876 argenti
962 2846 1048 2867 niar-

822 2630 864 2650 cm
868 2630 908 2660 qu
911 2621 994 2650 isisse
997 2630 1015 2650 η
1020 2624 1030 2649 t
1036 2621 1047 2658 ]

1196 2134 1219 2149 '¹'
1243 2130 1407 2159 edixerant
1423 2127 1509 2158 Eaed.

1096 2228 1142 2258 cis
1160 2227 1399 2258 Parisiensibus
1415 2237 1492 2257 cuin
1514 2237 1581 2257 una
1595 2227 1707 2256 uncia.

1139 2275 1178 2305 97
1204 2272 1365 2301 filule-lam
1383 2270 1569 2310 edixerunt]
1597 2270 1704 2309 Magis
1721 2268 1792 2308 pia-

1095 2320 1187 2345 eeret
1210 2315 1364 2345 <li.1·er1c72t
1379 2328 1387 2344 :
1414 2315 1461 2344 sic
1483 2315 1574 2345 enim
1596 2313 1681 2343 solet
1704 2313 1792 2343 Livi-

1095 2368 1145 2390 us·

1138 2401 1274 2435 92⁹⁸·Ea
1298 2403 1329 2431 in
1345 2405 1444 2440 caput
1460 2399 1572 2436 vertit]
1600 2399 1648 2429 Ea
1666 2398 1794 2430 mulcta

1094 2445 1245 2485 capitalis
1278 2445 1326 2475 ilii
1353 2446 1442 2482 fuit3
1473 2443 1588 2474 mortis
1615 2452 1715 2472 causa
1744 2443 1792 2473 iili

1093 2490 1170 2519 fuit.

1137 2532 1420 2571 99³⁶(1'rneicz’que1
1465 2529 1706 2570 intempestiva
1739 2529 1793 2561 hic

1094 2576 1224 2606 videtur
1239 2577 1353 2616 gratiae
1370 2575 1505 2604 menne.
1538 2574 1684 2612 Ecquam
1702 2574 1792 2603 enim

1095 2621 1236 2659 gratiam
1262 2618 1349 2658 apud
1373 2616 1533 2657 populum
1559 2617 1677 2646 habere
1700 2622 1795 2656 pote-

1095 2668 1145 2693 rat
1162 2664 1210 2693 vir
1226 2664 1260 2692 in
1277 2671 1356 2701 pace
1380 2661 1535 2690 adversus
1559 2661 1695 2698 agrariae
1714 2660 1793 2698 legi,

1095 2707 1129 2736 in
1146 2706 1233 2736 hello
1257 2705 1456 2735 temeritatis
1481 2704 1704 2733 manifestus?
1730 2703 1795 2733 Ve-

1093 2750 1206 2779 niebat
1235 2750 1268 2778 in
1300 2754 1447 2777 mentem
1484 2757 1662 2786 causaque,
1688 2756 1789 2785 quain

1091 2793 1219 2823 scilicet
1245 2791 1301 2821 iiie
1332 2791 1494 2831 optimam
1518 2794 1552 2821 et
1566 2791 1790 2831 justissimam

1093 2845 1163 2867 esse
1179 2835 1382 2867 defenderet.
