<?xml version="1.0" encoding="UTF-8"?>
<!DOCTYPE html PUBLIC "-//W3C//DTD XHTML 1.0 Transitional//EN"
    "http://www.w3.org/TR/xhtml1/DTD/xhtml1-transitional.dtd">
<html xmlns="http://www.w3.org/1999/xhtml" xml:lang="en" lang="en">
 <head>
  <title>
</title>
<meta http-equiv="Content-Type" content="text/html;charset=utf-8" />
  <meta name='ocr-system' content='tesseract 3.04.00' />
  <meta name='ocr-capabilities' content='ocr_page ocr_carea ocr_par ocr_line ocrx_word'/>
</head>
<body>
  <div class='ocr_page' id='page_1' title='image "./historiarumaburb01livyuoft_0438.png"; bbox 0 0 1925 3239; ppageno 0'>
   <div class='ocr_carea' id='block_1_1' title="bbox 313 88 1204 127">
    <p class='ocr_par' dir='ltr' id='par_1_1' title="bbox 313 88 1204 127">
     <span class='ocr_line' id='line_1_1' title="bbox 313 88 1204 127; baseline 0 -2"><span class='ocrx_word' id='word_1_1' title='bbox 313 92 388 125; x_wconf 75' lang='lat'>4⁶26</span> <span class='ocrx_word' id='word_1_2' title='bbox 869 90 1000 127; x_wconf 80' lang='lat' dir='ltr'>Tl&#39;rl</span> <span class='ocrx_word' id='word_1_3' title='bbox 1037 88 1204 127; x_wconf 73' lang='lat' dir='ltr'>LIVII</span> 
     </span>
    </p>
   </div>
   <div class='ocr_carea' id='block_1_2' title="bbox 97 186 1744 241">
    <p class='ocr_par' dir='ltr' id='par_1_2' title="bbox 97 186 1744 241">
     <span class='ocr_line' id='line_1_2' title="bbox 97 186 1744 241; baseline 0.001 -16"><span class='ocrx_word' id='word_1_4' title='bbox 97 202 138 231; x_wconf 79' lang='lat' dir='ltr'>U.</span> <span class='ocrx_word' id='word_1_5' title='bbox 157 203 282 233; x_wconf 60' lang='lat'>(3406.</span> <span class='ocrx_word' id='word_1_6' title='bbox 312 198 530 225; x_wconf 87' lang='lat' dir='ltr'>cenorum.</span> <span class='ocrx_word' id='word_1_7' title='bbox 576 192 609 216; x_wconf 70' lang='lat'>⁹⁹</span> <span class='ocrx_word' id='word_1_8' title='bbox 626 186 764 231; x_wconf 82' lang='lat' dir='ltr'>Quem</span> <span class='ocrx_word' id='word_1_9' title='bbox 798 200 912 228; x_wconf 90' lang='lat' dir='ltr'>nunc</span> <span class='ocrx_word' id='word_1_10' title='bbox 945 201 1100 227; x_wconf 86' lang='lat' dir='ltr'>novum</span> <span class='ocrx_word' id='word_1_11' title='bbox 1131 186 1383 235; x_wconf 79' lang='lat' dir='ltr'>exereitum,</span> <span class='ocrx_word' id='word_1_12' title='bbox 1403 188 1540 241; x_wconf 87' lang='lat' dir='ltr'>siqua</span> <span class='ocrx_word' id='word_1_13' title='bbox 1567 195 1744 227; x_wconf 80' lang='lat' dir='ltr'>externa</span> 
     </span>
    </p>
   </div>
   <div class='ocr_carea' id='block_1_3' title="bbox 98 245 280 276">
    <p class='ocr_par' dir='ltr' id='par_1_3' title="bbox 98 245 280 276">
     <span class='ocr_line' id='line_1_3' title="bbox 98 245 280 276; baseline -0.005 -1"><span class='ocrx_word' id='word_1_14' title='bbox 98 245 137 275; x_wconf 87' lang='lat' dir='ltr'>A.</span> <span class='ocrx_word' id='word_1_15' title='bbox 155 246 191 275; x_wconf 65' lang='lat' dir='ltr'>(T.</span> <span class='ocrx_word' id='word_1_16' title='bbox 207 246 280 276; x_wconf 70' lang='lat'>346.</span> 
     </span>
    </p>
   </div>
   <div class='ocr_carea' id='block_1_4' title="bbox 98 419 271 448">
    <p class='ocr_par' dir='ltr' id='par_1_4' title="bbox 98 419 271 448">
     <span class='ocr_line' id='line_1_4' title="bbox 98 419 271 448; baseline -0.006 0"><span class='ocrx_word' id='word_1_17' title='bbox 98 419 187 448; x_wconf 72' lang='lat' dir='ltr'>Alter</span> <span class='ocrx_word' id='word_1_18' title='bbox 201 428 271 447; x_wconf 90' lang='lat' dir='ltr'>con-</span> 
     </span>
    </p>
   </div>
   <div class='ocr_carea' id='block_1_5' title="bbox 311 241 1743 463">
    <p class='ocr_par' dir='ltr' id='par_1_5' title="bbox 311 241 1743 463">
     <span class='ocr_line' id='line_1_5' title="bbox 315 241 1741 298; baseline 0.002 -19"><span class='ocrx_word' id='word_1_19' title='bbox 315 241 374 280; x_wconf 87' lang='lat' dir='ltr'>vis</span> <span class='ocrx_word' id='word_1_20' title='bbox 397 241 579 294; x_wconf 82' lang='lat' dir='ltr'>ingruat,</span> <span class='ocrx_word' id='word_1_21' title='bbox 602 241 668 281; x_wconf 81' lang='lat' dir='ltr'>hae</span> <span class='ocrx_word' id='word_1_22' title='bbox 694 242 800 282; x_wconf 84' lang='lat' dir='ltr'>vires</span> <span class='ocrx_word' id='word_1_23' title='bbox 823 243 968 296; x_wconf 87' lang='lat' dir='ltr'>populi</span> <span class='ocrx_word' id='word_1_24' title='bbox 996 243 1195 290; x_wconf 79' lang='lat' dir='ltr'>Romani,</span> <span class='ocrx_word' id='word_1_25' title='bbox 1217 257 1321 298; x_wconf 88' lang='lat' dir='ltr'>quas</span> <span class='ocrx_word' id='word_1_26' title='bbox 1347 242 1417 282; x_wconf 85' lang='lat' dir='ltr'>vix</span> <span class='ocrx_word' id='word_1_27' title='bbox 1450 252 1650 282; x_wconf 84' lang='lat' dir='ltr'>terrarum</span> <span class='ocrx_word' id='word_1_28' title='bbox 1671 256 1741 282; x_wconf 82' lang='lat' dir='ltr'>ca·-</span> 
     </span>
     <span class='ocr_line' id='line_1_6' title="bbox 311 296 1741 349; baseline 0 -14"><span class='ocrx_word' id='word_1_29' title='bbox 311 296 374 349; x_wconf 87' lang='lat' dir='ltr'>pit</span> <span class='ocrx_word' id='word_1_30' title='bbox 404 297 534 345; x_wconf 91' lang='lat' dir='ltr'>orbis,</span> <span class='ocrx_word' id='word_1_31' title='bbox 555 307 788 338; x_wconf 62' lang='lat' dir='ltr'>contractas</span> <span class='ocrx_word' id='word_1_32' title='bbox 821 298 861 337; x_wconf 89' lang='lat' dir='ltr'>in</span> <span class='ocrx_word' id='word_1_33' title='bbox 889 312 1016 338; x_wconf 88' lang='lat' dir='ltr'>unum</span> <span class='ocrx_word' id='word_1_34' title='bbox 1051 299 1158 338; x_wconf 82' lang='lat' dir='ltr'>haud</span> <span class='ocrx_word' id='word_1_35' title='bbox 1185 298 1306 338; x_wconf 82' lang='lat' dir='ltr'>facile</span> <span class='ocrx_word' id='word_1_36' title='bbox 1327 297 1540 338; x_wconf 80' lang='lat' dir='ltr'>efficiant:</span> <span class='ocrx_word' id='word_1_37' title='bbox 1571 298 1675 338; x_wconf 81' lang='lat' dir='ltr'>adeo</span> <span class='ocrx_word' id='word_1_38' title='bbox 1700 297 1741 335; x_wconf 89' lang='lat' dir='ltr'>in</span> 
     </span>
     <span class='ocr_line' id='line_1_7' title="bbox 312 352 1743 407; baseline 0 -17"><span class='ocrx_word' id='word_1_39' title='bbox 312 366 407 405; x_wconf 88' lang='lat' dir='ltr'>quae</span> <span class='ocrx_word' id='word_1_40' title='bbox 433 352 671 392; x_wconf 72' lang='lat' dir='ltr'><strong>laboramus</strong></span> <span class='ocrx_word' id='word_1_41' title='bbox 694 353 780 392; x_wconf 80' lang='lat' dir='ltr'>sola</span> <span class='ocrx_word' id='word_1_42' title='bbox 803 353 1028 403; x_wconf 82' lang='lat' dir='ltr'>crevimus,</span> <span class='ocrx_word' id='word_1_43' title='bbox 1053 355 1238 403; x_wconf 74' lang='lat' dir='ltr'>divitias,</span> <span class='ocrx_word' id='word_1_44' title='bbox 1262 353 1573 407; x_wconf 77' lang='lat' dir='ltr'><strong>luxuriamque.</strong></span> <span class='ocrx_word' id='word_1_45' title='bbox 1624 353 1743 392; x_wconf 81' lang='lat' dir='ltr'>Inter</span> 
     </span>
     <span class='ocr_line' id='line_1_8' title="bbox 312 407 1742 463; baseline 0 -17"><span class='ocrx_word' id='word_1_46' title='bbox 312 419 449 447; x_wconf 79' lang='lat' dir='ltr'>cetera</span> <span class='ocrx_word' id='word_1_47' title='bbox 482 408 618 448; x_wconf 77' lang='lat' dir='ltr'>tristia</span> <span class='ocrx_word' id='word_1_48' title='bbox 648 408 740 461; x_wconf 86' lang='lat' dir='ltr'>ejus</span> <span class='ocrx_word' id='word_1_49' title='bbox 769 408 883 458; x_wconf 79' lang='lat' dir='ltr'>anni,</span> <span class='ocrx_word' id='word_1_50' title='bbox 915 409 1060 449; x_wconf 81' lang='lat' dir='ltr'>consul</span> <span class='ocrx_word' id='word_1_51' title='bbox 1091 409 1194 449; x_wconf 82' lang='lat' dir='ltr'>aiter</span> <span class='ocrx_word' id='word_1_52' title='bbox 1226 409 1307 463; x_wconf 81' lang='lat' dir='ltr'>Ap.</span> <span class='ocrx_word' id='word_1_53' title='bbox 1340 408 1543 454; x_wconf 87' lang='lat' dir='ltr'>Claudius</span> <span class='ocrx_word' id='word_1_54' title='bbox 1574 409 1614 448; x_wconf 90' lang='lat' dir='ltr'>in</span> <span class='ocrx_word' id='word_1_55' title='bbox 1649 407 1742 461; x_wconf 86' lang='lat' dir='ltr'>ipso</span> 
     </span>
    </p>
   </div>
   <div class='ocr_carea' id='block_1_6' title="bbox 96 460 1741 518">
    <p class='ocr_par' dir='ltr' id='par_1_6' title="bbox 96 460 1741 518">
     <span class='ocr_line' id='line_1_9' title="bbox 96 460 1741 518; baseline -0.002 -15"><span class='ocrx_word' id='word_1_56' title='bbox 96 463 142 491; x_wconf 61' lang='lat' dir='ltr'>sul</span> <span class='ocrx_word' id='word_1_57' title='bbox 157 463 297 491; x_wconf 75' lang='lat' dir='ltr'>moritur.</span> <span class='ocrx_word' id='word_1_58' title='bbox 316 463 408 503; x_wconf 87' lang='lat' dir='ltr'>belli</span> <span class='ocrx_word' id='word_1_59' title='bbox 431 464 635 518; x_wconf 83' lang='lat' dir='ltr'>adparatu</span> <span class='ocrx_word' id='word_1_60' title='bbox 661 463 863 503; x_wconf 80' lang='lat' dir='ltr'>moritur:</span> <span class='ocrx_word' id='word_1_61' title='bbox 897 464 1190 518; x_wconf 71' lang='lat' dir='ltr'>redieruntque</span> <span class='ocrx_word' id='word_1_62' title='bbox 1213 479 1276 505; x_wconf 88' lang='lat' dir='ltr'>res</span> <span class='ocrx_word' id='word_1_63' title='bbox 1299 465 1349 504; x_wconf 79' lang='lat' dir='ltr'>ad</span> <span class='ocrx_word' id='word_1_64' title='bbox 1384 463 1610 504; x_wconf 83' lang='lat' dir='ltr'>Camillum</span> <span class='ocrx_word' id='word_1_65' title='bbox 1629 480 1640 513; x_wconf 87' lang='lat'><em>;</em></span> <span class='ocrx_word' id='word_1_66' title='bbox 1672 460 1741 501; x_wconf 87' lang='lat' dir='ltr'>cui</span> 
     </span>
    </p>
   </div>
   <div class='ocr_carea' id='block_1_7' title="bbox 90 801 257 874">
    <p class='ocr_par' dir='ltr' id='par_1_7' title="bbox 90 801 257 874">
     <span class='ocr_line' id='line_1_10' title="bbox 90 801 213 831; baseline 0.016 -2"><span class='ocrx_word' id='word_1_67' title='bbox 90 801 213 831; x_wconf 79' lang='lat' dir='ltr'>Bellum</span> 
     </span>
     <span class='ocr_line' id='line_1_11' title="bbox 91 845 257 874; baseline 0.006 -1"><span class='ocrx_word' id='word_1_68' title='bbox 91 845 257 874; x_wconf 81' lang='lat' dir='ltr'>Gallicum.</span> 
     </span>
    </p>
   </div>
   <div class='ocr_carea' id='block_1_8' title="bbox 84 1367 266 1523">
    <p class='ocr_par' dir='ltr' id='par_1_8' title="bbox 84 1367 266 1523">
     <span class='ocr_line' id='line_1_12' title="bbox 88 1367 266 1396; baseline -0.011 0"><span class='ocrx_word' id='word_1_69' title='bbox 88 1367 133 1396; x_wconf 89' lang='lat' dir='ltr'>M.</span> <span class='ocrx_word' id='word_1_70' title='bbox 150 1367 266 1395; x_wconf 70' lang='lat' dir='ltr'>Valerii</span> 
     </span>
     <span class='ocr_line' id='line_1_13' title="bbox 86 1409 263 1437; baseline 0 0"><span class='ocrx_word' id='word_1_71' title='bbox 86 1419 156 1437; x_wconf 85' lang='lat' dir='ltr'>enm</span> <span class='ocrx_word' id='word_1_72' title='bbox 172 1409 263 1437; x_wconf 82' lang='lat' dir='ltr'>Gallo</span> 
     </span>
     <span class='ocr_line' id='line_1_14' title="bbox 87 1452 244 1490; baseline -0.006 -10"><span class='ocrx_word' id='word_1_73' title='bbox 87 1452 244 1490; x_wconf 81' lang='lat' dir='ltr'>singulare</span> 
     </span>
     <span class='ocr_line' id='line_1_15' title="bbox 84 1501 252 1523; baseline 0 -1"><span class='ocrx_word' id='word_1_74' title='bbox 84 1501 252 1523; x_wconf 84' lang='lat' dir='ltr'>certamen.</span> 
     </span>
    </p>
   </div>
   <div class='ocr_carea' id='block_1_9' title="bbox 86 1593 216 1622">
    <p class='ocr_par' dir='ltr' id='par_1_9' title="bbox 86 1593 216 1622">
     <span class='ocr_line' id='line_1_16' title="bbox 86 1593 216 1622; baseline 0 0"><span class='ocrx_word' id='word_1_75' title='bbox 86 1593 216 1622; x_wconf 78' lang='lat' dir='ltr'>corvus.</span> 
     </span>
    </p>
   </div>
   <div class='ocr_carea' id='block_1_10' title="bbox 303 518 1744 1240">
    <p class='ocr_par' dir='ltr' id='par_1_10' title="bbox 303 518 1744 1240">
     <span class='ocr_line' id='line_1_17' title="bbox 313 518 1739 574; baseline -0.001 -16"><span class='ocrx_word' id='word_1_76' title='bbox 313 519 438 559; x_wconf 87' lang='lat' dir='ltr'>unico</span> <span class='ocrx_word' id='word_1_77' title='bbox 457 519 636 567; x_wconf 86' lang='lat' dir='ltr'>consuli,</span> <span class='ocrx_word' id='word_1_78' title='bbox 663 519 725 558; x_wconf 88' lang='lat' dir='ltr'>vel</span> <span class='ocrx_word' id='word_1_79' title='bbox 748 519 804 557; x_wconf 90' lang='lat' dir='ltr'>ob</span> <span class='ocrx_word' id='word_1_80' title='bbox 828 518 950 559; x_wconf 86' lang='lat' dir='ltr'>aliam</span> <span class='ocrx_word' id='word_1_81' title='bbox 976 520 1267 574; x_wconf 75' lang='lat' dir='ltr'>dignationem</span> <span class='ocrx_word' id='word_1_82' title='bbox 1292 519 1404 560; x_wconf 76' lang='lat' dir='ltr'>haud</span> <span class='ocrx_word' id='word_1_83' title='bbox 1428 518 1739 573; x_wconf 81' lang='lat' dir='ltr'>subjiciendam</span> 
     </span>
     <span class='ocr_line' id='line_1_18' title="bbox 309 573 1742 622; baseline -0.001 -9"><span class='ocrx_word' id='word_1_84' title='bbox 309 574 548 622; x_wconf 64' lang='lat' dir='ltr'>dictaturae,</span> <span class='ocrx_word' id='word_1_85' title='bbox 574 574 636 613; x_wconf 82' lang='lat' dir='ltr'>vei</span> <span class='ocrx_word' id='word_1_86' title='bbox 670 574 725 613; x_wconf 89' lang='lat' dir='ltr'>ob</span> <span class='ocrx_word' id='word_1_87' title='bbox 756 576 788 597; x_wconf 74' lang='lat'>⁹0</span> <span class='ocrx_word' id='word_1_88' title='bbox 803 588 928 614; x_wconf 90' lang='lat' dir='ltr'>omen</span> <span class='ocrx_word' id='word_1_89' title='bbox 961 574 1145 615; x_wconf 85' lang='lat' dir='ltr'>faustum</span> <span class='ocrx_word' id='word_1_90' title='bbox 1178 577 1227 615; x_wconf 82' lang='lat' dir='ltr'>ad</span> <span class='ocrx_word' id='word_1_91' title='bbox 1268 576 1480 615; x_wconf 81' lang='lat' dir='ltr'>Gallicum</span> <span class='ocrx_word' id='word_1_92' title='bbox 1514 573 1742 614; x_wconf 87' lang='lat' dir='ltr'>tumultum</span> 
     </span>
     <span class='ocr_line' id='line_1_19' title="bbox 308 630 1740 683; baseline -0.001 -14"><span class='ocrx_word' id='word_1_93' title='bbox 308 630 592 682; x_wconf 69' lang='lat' dir='ltr'>cognominiS,</span> <span class='ocrx_word' id='word_1_94' title='bbox 616 630 866 669; x_wconf 73' lang='lat' dir='ltr'>‹liciatorcm</span> <span class='ocrx_word' id='word_1_95' title='bbox 892 631 1087 683; x_wconf 82' lang='lat' dir='ltr'>adrogari</span> <span class='ocrx_word' id='word_1_96' title='bbox 1111 631 1221 671; x_wconf 76' lang='lat' dir='ltr'>haud</span> <span class='ocrx_word' id='word_1_97' title='bbox 1245 632 1345 671; x_wconf 77' lang='lat' dir='ltr'>sutis</span> <span class='ocrx_word' id='word_1_98' title='bbox 1379 632 1580 671; x_wconf 75' lang='lat' dir='ltr'>decorum</span> <span class='ocrx_word' id='word_1_99' title='bbox 1605 630 1740 668; x_wconf 80' lang='lat' dir='ltr'>visum</span> 
     </span>
     <span class='ocr_line' id='line_1_20' title="bbox 307 685 1741 740; baseline -0.002 -15"><span class='ocrx_word' id='word_1_100' title='bbox 307 696 370 725; x_wconf 88' lang='lat' dir='ltr'>est</span> <span class='ocrx_word' id='word_1_101' title='bbox 405 685 616 725; x_wconf 73' lang='lat' dir='ltr'>Patribus.</span> <span class='ocrx_word' id='word_1_102' title='bbox 678 685 854 735; x_wconf 86' lang='lat' dir='ltr'>Consul,</span> <span class='ocrx_word' id='word_1_103' title='bbox 885 685 1050 725; x_wconf 79' lang='lat' dir='ltr'>duabus</span> <span class='ocrx_word' id='word_1_104' title='bbox 1080 686 1319 739; x_wconf 78' lang='lat' dir='ltr'>legionibus</span> <span class='ocrx_word' id='word_1_105' title='bbox 1352 687 1442 726; x_wconf 87' lang='lat' dir='ltr'>urbi</span> <span class='ocrx_word' id='word_1_106' title='bbox 1483 685 1741 740; x_wconf 58' lang='lat' dir='ltr'>praepositis,</span> 
     </span>
     <span class='ocr_line' id='line_1_21' title="bbox 307 740 1743 796; baseline 0 -18"><span class='ocrx_word' id='word_1_107' title='bbox 307 750 404 780; x_wconf 84' lang='lat' dir='ltr'>octo</span> <span class='ocrx_word' id='word_1_108' title='bbox 427 755 523 780; x_wconf 83' lang='lat' dir='ltr'>cnm</span> <span class='ocrx_word' id='word_1_109' title='bbox 549 741 596 781; x_wconf 89' lang='lat' dir='ltr'>L.</span> <span class='ocrx_word' id='word_1_110' title='bbox 622 740 794 781; x_wconf 72' lang='lat' dir='ltr'>Pinario</span> <span class='ocrx_word' id='word_1_111' title='bbox 820 750 998 795; x_wconf 84' lang='lat' dir='ltr'>praetore</span> <span class='ocrx_word' id='word_1_112' title='bbox 1020 742 1180 791; x_wconf 81' lang='lat' dir='ltr'>divisis,</span> <span class='ocrx_word' id='word_1_113' title='bbox 1204 756 1362 782; x_wconf 87' lang='lat' dir='ltr'>memor</span> <span class='ocrx_word' id='word_1_114' title='bbox 1393 752 1579 796; x_wconf 82' lang='lat' dir='ltr'>paternae</span> <span class='ocrx_word' id='word_1_115' title='bbox 1611 741 1743 779; x_wconf 82' lang='lat' dir='ltr'>virtu-</span> 
     </span>
     <span class='ocr_line' id='line_1_22' title="bbox 308 796 1741 851; baseline -0.001 -15"><span class='ocrx_word' id='word_1_116' title='bbox 308 798 374 844; x_wconf 82' lang='lat' dir='ltr'>tis,</span> <span class='ocrx_word' id='word_1_117' title='bbox 395 796 605 836; x_wconf 81' lang='lat' dir='ltr'>Gallicum</span> <span class='ocrx_word' id='word_1_118' title='bbox 629 796 709 835; x_wconf 87' lang='lat' dir='ltr'>sibi</span> <span class='ocrx_word' id='word_1_119' title='bbox 732 796 884 836; x_wconf 90' lang='lat' dir='ltr'>bellum</span> <span class='ocrx_word' id='word_1_120' title='bbox 908 806 1029 836; x_wconf 83' lang='lat' dir='ltr'>extra</span> <span class='ocrx_word' id='word_1_121' title='bbox 1052 806 1204 836; x_wconf 82' lang='lat' dir='ltr'>sortem</span> <span class='ocrx_word' id='word_1_122' title='bbox 1230 799 1382 838; x_wconf 87' lang='lat' dir='ltr'>sumit:</span> <span class='ocrx_word' id='word_1_123' title='bbox 1408 807 1628 851; x_wconf 87' lang='lat' dir='ltr'>praetorem</span> <span class='ocrx_word' id='word_1_124' title='bbox 1655 809 1741 834; x_wconf 83' lang='lat' dir='ltr'>ma-</span> 
     </span>
     <span class='ocr_line' id='line_1_23' title="bbox 304 851 1743 906; baseline -0.003 -14"><span class='ocrx_word' id='word_1_125' title='bbox 304 853 489 892; x_wconf 80' lang='lat' dir='ltr'>ritimam</span> <span class='ocrx_word' id='word_1_126' title='bbox 522 865 635 891; x_wconf 78' lang='lat' dir='ltr'>oram</span> <span class='ocrx_word' id='word_1_127' title='bbox 661 852 804 901; x_wconf 80' lang='lat' dir='ltr'>tutari,</span> <span class='ocrx_word' id='word_1_128' title='bbox 828 851 1091 906; x_wconf 81' lang='lat' dir='ltr'>Graecosque</span> <span class='ocrx_word' id='word_1_129' title='bbox 1118 866 1260 892; x_wconf 80' lang='lat' dir='ltr'>arcere</span> <span class='ocrx_word' id='word_1_130' title='bbox 1291 852 1485 892; x_wconf 85' lang='lat' dir='ltr'>litoribus</span> <span class='ocrx_word' id='word_1_131' title='bbox 1510 853 1653 905; x_wconf 81' lang='lat' dir='ltr'>jussit.</span> <span class='ocrx_word' id='word_1_132' title='bbox 1685 859 1743 899; x_wconf 89' lang='lat' dir='ltr'>et,</span> 
     </span>
     <span class='ocr_line' id='line_1_24' title="bbox 304 906 1741 962; baseline -0.003 -14"><span class='ocrx_word' id='word_1_133' title='bbox 304 922 434 962; x_wconf 87' lang='lat' dir='ltr'>quum</span> <span class='ocrx_word' id='word_1_134' title='bbox 469 908 508 947; x_wconf 88' lang='lat' dir='ltr'>in</span> <span class='ocrx_word' id='word_1_135' title='bbox 541 921 689 961; x_wconf 81' lang='lat' dir='ltr'>agrum</span> <span class='ocrx_word' id='word_1_136' title='bbox 723 907 1004 962; x_wconf 24' lang='lat' dir='ltr'>*Pomptinum</span> <span class='ocrx_word' id='word_1_137' title='bbox 1036 908 1338 957; x_wconf 78' lang='lat' dir='ltr'>descendisset,</span> <span class='ocrx_word' id='word_1_138' title='bbox 1369 909 1488 962; x_wconf 84' lang='lat' dir='ltr'>&lt;quia</span> <span class='ocrx_word' id='word_1_139' title='bbox 1529 919 1663 961; x_wconf 76' lang='lat' dir='ltr'>neque</span> <span class='ocrx_word' id='word_1_140' title='bbox 1699 906 1741 945; x_wconf 86' lang='lat' dir='ltr'>in</span> 
     </span>
     <span class='ocr_line' id='line_1_25' title="bbox 304 961 1741 1018; baseline -0.002 -15"><span class='ocrx_word' id='word_1_141' title='bbox 304 964 467 1018; x_wconf 87' lang='lat' dir='ltr'>campis</span> <span class='ocrx_word' id='word_1_142' title='bbox 498 963 701 1017; x_wconf 85' lang='lat' dir='ltr'>congredi</span> <span class='ocrx_word' id='word_1_143' title='bbox 735 963 847 1003; x_wconf 87' lang='lat' dir='ltr'>nulla</span> <span class='ocrx_word' id='word_1_144' title='bbox 878 973 1060 1017; x_wconf 86' lang='lat' dir='ltr'>cogente</span> <span class='ocrx_word' id='word_1_145' title='bbox 1092 978 1134 1003; x_wconf 89' lang='lat' dir='ltr'>re</span> <span class='ocrx_word' id='word_1_146' title='bbox 1168 963 1354 1013; x_wconf 87' lang='lat' dir='ltr'>volebat,</span> <span class='ocrx_word' id='word_1_147' title='bbox 1389 973 1430 1004; x_wconf 88' lang='lat' dir='ltr'>et</span> <span class='ocrx_word' id='word_1_148' title='bbox 1474 961 1741 1017; x_wconf 85' lang='lat' dir='ltr'>prohibendo</span> 
     </span>
     <span class='ocr_line' id='line_1_26' title="bbox 303 1017 1742 1074; baseline -0.003 -15"><span class='ocrx_word' id='word_1_149' title='bbox 303 1019 668 1074; x_wconf 81' lang='lat' dir='ltr'>populationibus,</span> <span class='ocrx_word' id='word_1_150' title='bbox 699 1033 804 1072; x_wconf 85' lang='lat' dir='ltr'>quos</span> <span class='ocrx_word' id='word_1_151' title='bbox 838 1029 960 1072; x_wconf 84' lang='lat' dir='ltr'>rapto</span> <span class='ocrx_word' id='word_1_152' title='bbox 992 1019 1133 1059; x_wconf 78' lang='lat' dir='ltr'>vivere</span> <span class='ocrx_word' id='word_1_153' title='bbox 1165 1019 1390 1059; x_wconf 82' lang='lat' dir='ltr'>necessitas</span> <span class='ocrx_word' id='word_1_154' title='bbox 1421 1028 1609 1073; x_wconf 87' lang='lat' dir='ltr'>cogeret,</span> <span class='ocrx_word' id='word_1_155' title='bbox 1640 1017 1742 1056; x_wconf 79' lang='lat' dir='ltr'>satis</span> 
     </span>
     <span class='ocr_line' id='line_1_27' title="bbox 304 1073 1669 1127; baseline -0.001 -12"><span class='ocrx_word' id='word_1_156' title='bbox 304 1076 465 1116; x_wconf 86' lang='lat' dir='ltr'>domari</span> <span class='ocrx_word' id='word_1_157' title='bbox 492 1074 692 1114; x_wconf 79' lang='lat' dir='ltr'>credebat</span> <span class='ocrx_word' id='word_1_158' title='bbox 717 1076 902 1122; x_wconf 85' lang='lat' dir='ltr'>hostem)</span> <span class='ocrx_word' id='word_1_159' title='bbox 923 1074 1063 1114; x_wconf 92' lang='lat' dir='ltr'>locum</span> <span class='ocrx_word' id='word_1_160' title='bbox 1086 1075 1286 1114; x_wconf 89' lang='lat' dir='ltr'>idoneum</span> <span class='ocrx_word' id='word_1_161' title='bbox 1310 1074 1475 1114; x_wconf 84' lang='lat' dir='ltr'>stativis</span> <span class='ocrx_word' id='word_1_162' title='bbox 1497 1073 1669 1127; x_wconf 87' lang='lat' dir='ltr'>delegit.</span> 
     </span>
     <span class='ocr_line' id='line_1_28' title="bbox 362 1129 1744 1184; baseline -0.003 -14"><span class='ocrx_word' id='word_1_163' title='bbox 362 1129 542 1170; x_wconf 78' lang='lat' dir='ltr'>XXVI.</span> <span class='ocrx_word' id='word_1_164' title='bbox 574 1130 659 1170; x_wconf 90' lang='lat' dir='ltr'>Ubi</span> <span class='ocrx_word' id='word_1_165' title='bbox 702 1144 832 1183; x_wconf 89' lang='lat' dir='ltr'>quum</span> <span class='ocrx_word' id='word_1_166' title='bbox 871 1130 1126 1170; x_wconf 83' lang='lat' dir='ltr'>stationibus</span> <span class='ocrx_word' id='word_1_167' title='bbox 1169 1130 1301 1184; x_wconf 82' lang='lat' dir='ltr'>quieti</span> <span class='ocrx_word' id='word_1_168' title='bbox 1342 1140 1508 1183; x_wconf 86' lang='lat' dir='ltr'>tempus</span> <span class='ocrx_word' id='word_1_169' title='bbox 1545 1137 1744 1176; x_wconf 83' lang='lat' dir='ltr'>tererent,</span> 
     </span>
     <span class='ocr_line' id='line_1_29' title="bbox 303 1183 1743 1240; baseline -0.003 -14"><span class='ocrx_word' id='word_1_170' title='bbox 303 1186 452 1226; x_wconf 82' lang='lat' dir='ltr'>Gallus</span> <span class='ocrx_word' id='word_1_171' title='bbox 474 1187 696 1240; x_wconf 84' lang='lat' dir='ltr'>processit,</span> <span class='ocrx_word' id='word_1_172' title='bbox 721 1186 1016 1240; x_wconf 84' lang='lat' dir='ltr'>magnitudine</span> <span class='ocrx_word' id='word_1_173' title='bbox 1047 1196 1174 1240; x_wconf 85' lang='lat' dir='ltr'>atque</span> <span class='ocrx_word' id='word_1_174' title='bbox 1204 1186 1332 1225; x_wconf 81' lang='lat' dir='ltr'>armis</span> <span class='ocrx_word' id='word_1_175' title='bbox 1365 1185 1570 1240; x_wconf 85' lang='lat' dir='ltr'>insignis:</span> <span class='ocrx_word' id='word_1_176' title='bbox 1603 1183 1743 1237; x_wconf 85' lang='lat' dir='ltr'>quati-</span> 
     </span>
    </p>
   </div>
   <div class='ocr_carea' id='block_1_11' title="bbox 300 1241 1766 1295">
    <p class='ocr_par' dir='ltr' id='par_1_11' title="bbox 300 1241 1766 1295">
     <span class='ocr_line' id='line_1_30' title="bbox 300 1241 1766 1295; baseline -0.003 -13"><span class='ocrx_word' id='word_1_177' title='bbox 300 1256 459 1295; x_wconf 83' lang='lat' dir='ltr'>ensque</span> <span class='ocrx_word' id='word_1_178' title='bbox 481 1251 647 1282; x_wconf 86' lang='lat' dir='ltr'>scutum</span> <span class='ocrx_word' id='word_1_179' title='bbox 672 1242 810 1291; x_wconf 80' lang='lat' dir='ltr'>hasta,</span> <span class='ocrx_word' id='word_1_180' title='bbox 833 1256 964 1295; x_wconf 85' lang='lat' dir='ltr'>quum</span> <span class='ocrx_word' id='word_1_181' title='bbox 988 1241 1200 1282; x_wconf 89' lang='lat' dir='ltr'>silentium</span> <span class='ocrx_word' id='word_1_182' title='bbox 1235 1241 1419 1289; x_wconf 82' lang='lat' dir='ltr'>fecisset,</span> <span class='ocrx_word' id='word_1_183' title='bbox 1444 1249 1647 1295; x_wconf 80' lang='lat' dir='ltr'>provocat</span> <span class='ocrx_word' id='word_1_184' title='bbox 1671 1252 1744 1293; x_wconf 90' lang='lat' dir='ltr'>per</span> <span class='ocrx_word' id='word_1_185' title='bbox 1764 1246 1766 1248; x_wconf 83' lang='lat'>&#39;</span> 
     </span>
    </p>
   </div>
   <div class='ocr_carea' id='block_1_12' title="bbox 298 1295 1745 2020">
    <p class='ocr_par' dir='ltr' id='par_1_12' title="bbox 298 1295 1745 2020">
     <span class='ocr_line' id='line_1_31' title="bbox 302 1295 1744 1352; baseline -0.002 -15"><span class='ocrx_word' id='word_1_186' title='bbox 302 1299 577 1352; x_wconf 78' lang='lat' dir='ltr'>interpretem</span> <span class='ocrx_word' id='word_1_187' title='bbox 608 1311 738 1337; x_wconf 90' lang='lat' dir='ltr'>unum</span> <span class='ocrx_word' id='word_1_188' title='bbox 771 1311 825 1336; x_wconf 80' lang='lat' dir='ltr'>ex</span> <span class='ocrx_word' id='word_1_189' title='bbox 862 1297 1083 1347; x_wconf 83' lang='lat' dir='ltr'>Romanis,</span> <span class='ocrx_word' id='word_1_190' title='bbox 1106 1298 1177 1351; x_wconf 90' lang='lat' dir='ltr'>qui</span> <span class='ocrx_word' id='word_1_191' title='bbox 1210 1311 1352 1337; x_wconf 89' lang='lat' dir='ltr'>secum</span> <span class='ocrx_word' id='word_1_192' title='bbox 1386 1297 1496 1336; x_wconf 78' lang='lat' dir='ltr'>ferro</span> <span class='ocrx_word' id='word_1_193' title='bbox 1527 1295 1744 1335; x_wconf 86' lang='lat' dir='ltr'>decernat.</span> 
     </span>
     <span class='ocr_line' id='line_1_32' title="bbox 306 1350 1744 1405; baseline -0.005 -9"><span class='ocrx_word' id='word_1_194' title='bbox 306 1353 370 1396; x_wconf 81' lang='lat' dir='ltr'>M.</span> <span class='ocrx_word' id='word_1_195' title='bbox 391 1365 480 1392; x_wconf 80' lang='lat' dir='ltr'>erat</span> <span class='ocrx_word' id='word_1_196' title='bbox 505 1353 696 1393; x_wconf 81' lang='lat' dir='ltr'>Valerius</span> <span class='ocrx_word' id='word_1_197' title='bbox 719 1353 913 1392; x_wconf 84' lang='lat' dir='ltr'>tribunus</span> <span class='ocrx_word' id='word_1_198' title='bbox 937 1352 1136 1401; x_wconf 89' lang='lat' dir='ltr'>militum,</span> <span class='ocrx_word' id='word_1_199' title='bbox 1158 1351 1512 1405; x_wconf 82' lang='lat' dir='ltr'>adolescens,qui</span> <span class='ocrx_word' id='word_1_200' title='bbox 1546 1350 1657 1391; x_wconf 85' lang='lat' dir='ltr'>haud</span> <span class='ocrx_word' id='word_1_201' title='bbox 1680 1350 1744 1389; x_wconf 89' lang='lat' dir='ltr'>in-</span> 
     </span>
     <span class='ocr_line' id='line_1_33' title="bbox 302 1405 1745 1463; baseline -0.003 -14"><span class='ocrx_word' id='word_1_202' title='bbox 302 1410 540 1463; x_wconf 77' lang='lat' dir='ltr'>digniorem</span> <span class='ocrx_word' id='word_1_203' title='bbox 565 1423 616 1448; x_wconf 86' lang='lat' dir='ltr'>eo</span> <span class='ocrx_word' id='word_1_204' title='bbox 637 1408 790 1448; x_wconf 88' lang='lat' dir='ltr'>decore</span> <span class='ocrx_word' id='word_1_205' title='bbox 814 1422 870 1457; x_wconf 86' lang='lat' dir='ltr'>se,</span> <span class='ocrx_word' id='word_1_206' title='bbox 892 1423 1018 1462; x_wconf 85' lang='lat' dir='ltr'>quam</span> <span class='ocrx_word' id='word_1_207' title='bbox 1043 1407 1092 1448; x_wconf 91' lang='lat' dir='ltr'>T.</span> <span class='ocrx_word' id='word_1_208' title='bbox 1114 1407 1341 1458; x_wconf 83' lang='lat' dir='ltr'>Manlium,</span> <span class='ocrx_word' id='word_1_209' title='bbox 1362 1417 1489 1457; x_wconf 80' lang='lat' dir='ltr'>ratuS,</span> <span class='ocrx_word' id='word_1_210' title='bbox 1509 1407 1622 1461; x_wconf 89' lang='lat' dir='ltr'>prius</span> <span class='ocrx_word' id='word_1_211' title='bbox 1642 1405 1745 1446; x_wconf 87' lang='lat' dir='ltr'>scis-</span> 
     </span>
     <span class='ocr_line' id='line_1_34' title="bbox 302 1461 1743 1518; baseline -0.003 -13"><span class='ocrx_word' id='word_1_212' title='bbox 302 1467 455 1506; x_wconf 81' lang='lat' dir='ltr'>citatus</span> <span class='ocrx_word' id='word_1_213' title='bbox 487 1463 673 1505; x_wconf 88' lang='lat' dir='ltr'>consnlis</span> <span class='ocrx_word' id='word_1_214' title='bbox 705 1463 983 1514; x_wconf 82' lang='lat' dir='ltr'>voluntatem,</span> <span class='ocrx_word' id='word_1_215' title='bbox 1012 1465 1053 1504; x_wconf 91' lang='lat' dir='ltr'>in</span> <span class='ocrx_word' id='word_1_216' title='bbox 1087 1464 1275 1504; x_wconf 86' lang='lat' dir='ltr'>medium</span> <span class='ocrx_word' id='word_1_217' title='bbox 1307 1473 1491 1503; x_wconf 81' lang='lat' dir='ltr'>armatus</span> <span class='ocrx_word' id='word_1_218' title='bbox 1525 1461 1743 1518; x_wconf 83' lang='lat' dir='ltr'>processit.</span> 
     </span>
     <span class='ocr_line' id='line_1_35' title="bbox 303 1516 1744 1574; baseline -0.003 -14"><span class='ocrx_word' id='word_1_219' title='bbox 303 1521 453 1560; x_wconf 85' lang='lat' dir='ltr'>Minus</span> <span class='ocrx_word' id='word_1_220' title='bbox 476 1521 641 1574; x_wconf 83' lang='lat' dir='ltr'>insigne</span> <span class='ocrx_word' id='word_1_221' title='bbox 661 1528 873 1560; x_wconf 87' lang='lat' dir='ltr'>certamen</span> <span class='ocrx_word' id='word_1_222' title='bbox 898 1519 1131 1560; x_wconf 84' lang='lat' dir='ltr'>humanum</span> <span class='ocrx_word' id='word_1_223' title='bbox 1156 1519 1328 1559; x_wconf 88' lang='lat' dir='ltr'>numine</span> <span class='ocrx_word' id='word_1_224' title='bbox 1351 1518 1602 1572; x_wconf 89' lang='lat' dir='ltr'>interposito</span> <span class='ocrx_word' id='word_1_225' title='bbox 1628 1516 1744 1557; x_wconf 85' lang='lat' dir='ltr'>Deo·</span> 
     </span>
     <span class='ocr_line' id='line_1_36' title="bbox 301 1574 1744 1629; baseline -0.003 -12"><span class='ocrx_word' id='word_1_226' title='bbox 301 1591 392 1617; x_wconf 90' lang='lat' dir='ltr'>rum</span> <span class='ocrx_word' id='word_1_227' title='bbox 417 1576 594 1617; x_wconf 76' lang='lat' dir='ltr'>factum.</span> <span class='ocrx_word' id='word_1_228' title='bbox 616 1589 799 1629; x_wconf 85' lang='lat' dir='ltr'>namque</span> <span class='ocrx_word' id='word_1_229' title='bbox 828 1576 1066 1615; x_wconf 85' lang='lat' dir='ltr'>conserenti</span> <span class='ocrx_word' id='word_1_230' title='bbox 1090 1575 1182 1629; x_wconf 81' lang='lat' dir='ltr'>jam</span> <span class='ocrx_word' id='word_1_231' title='bbox 1216 1589 1386 1615; x_wconf 86' lang='lat' dir='ltr'>manum</span> <span class='ocrx_word' id='word_1_232' title='bbox 1421 1574 1618 1614; x_wconf 82' lang='lat' dir='ltr'>Romano</span> <span class='ocrx_word' id='word_1_233' title='bbox 1649 1586 1744 1613; x_wconf 88' lang='lat' dir='ltr'>cor-</span> 
     </span>
     <span class='ocr_line' id='line_1_37' title="bbox 305 1627 1742 1686; baseline -0.003 -14"><span class='ocrx_word' id='word_1_234' title='bbox 305 1647 378 1672; x_wconf 87' lang='lat' dir='ltr'>vus</span> <span class='ocrx_word' id='word_1_235' title='bbox 410 1641 584 1686; x_wconf 88' lang='lat' dir='ltr'>repente</span> <span class='ocrx_word' id='word_1_236' title='bbox 614 1631 657 1671; x_wconf 87' lang='lat' dir='ltr'>in</span> <span class='ocrx_word' id='word_1_237' title='bbox 689 1631 809 1685; x_wconf 74' lang='lat' dir='ltr'>galea</span> <span class='ocrx_word' id='word_1_238' title='bbox 840 1631 1049 1681; x_wconf 78' lang='lat' dir='ltr'>consedit,</span> <span class='ocrx_word' id='word_1_239' title='bbox 1072 1631 1113 1670; x_wconf 89' lang='lat' dir='ltr'>in</span> <span class='ocrx_word' id='word_1_240' title='bbox 1146 1631 1312 1671; x_wconf 87' lang='lat' dir='ltr'>hostem</span> <span class='ocrx_word' id='word_1_241' title='bbox 1337 1644 1495 1670; x_wconf 88' lang='lat' dir='ltr'>versus.</span> <span class='ocrx_word' id='word_1_242' title='bbox 1517 1628 1630 1683; x_wconf 90' lang='lat' dir='ltr'>quod</span> <span class='ocrx_word' id='word_1_243' title='bbox 1656 1627 1742 1683; x_wconf 90' lang='lat' dir='ltr'>pri-</span> 
     </span>
     <span class='ocr_line' id='line_1_38' title="bbox 300 1686 1743 1741; baseline -0.004 -13"><span class='ocrx_word' id='word_1_244' title='bbox 300 1703 388 1738; x_wconf 76' lang='lat' dir='ltr'>mo,</span> <span class='ocrx_word' id='word_1_245' title='bbox 410 1699 457 1728; x_wconf 89' lang='lat' dir='ltr'>ut</span> <span class='ocrx_word' id='word_1_246' title='bbox 479 1687 705 1741; x_wconf 81' lang='lat' dir='ltr'>augurium</span> <span class='ocrx_word' id='word_1_247' title='bbox 729 1686 842 1726; x_wconf 86' lang='lat' dir='ltr'>coelo</span> <span class='ocrx_word' id='word_1_248' title='bbox 868 1687 1057 1737; x_wconf 87' lang='lat' dir='ltr'>missum,</span> <span class='ocrx_word' id='word_1_249' title='bbox 1080 1687 1202 1727; x_wconf 77' lang='lat' dir='ltr'>laetus</span> <span class='ocrx_word' id='word_1_250' title='bbox 1226 1686 1392 1739; x_wconf 89' lang='lat' dir='ltr'>accepit</span> <span class='ocrx_word' id='word_1_251' title='bbox 1413 1686 1622 1725; x_wconf 88' lang='lat' dir='ltr'>tribunus.</span> <span class='ocrx_word' id='word_1_252' title='bbox 1646 1696 1743 1737; x_wconf 91' lang='lat' dir='ltr'>pre-</span> 
     </span>
     <span class='ocr_line' id='line_1_39' title="bbox 299 1740 1743 1796; baseline -0.005 -12"><span class='ocrx_word' id='word_1_253' title='bbox 299 1752 418 1784; x_wconf 77' lang='lat' dir='ltr'>catus</span> <span class='ocrx_word' id='word_1_254' title='bbox 440 1743 608 1792; x_wconf 88' lang='lat' dir='ltr'>deinde,</span> <span class='ocrx_word' id='word_1_255' title='bbox 630 1744 679 1782; x_wconf 73' lang='lat' dir='ltr'>Si</span> <span class='ocrx_word' id='word_1_256' title='bbox 700 1744 835 1791; x_wconf 71' lang='lat' dir='ltr'>divus,</span> <span class='ocrx_word' id='word_1_257' title='bbox 859 1745 896 1781; x_wconf 82' lang='lat' dir='ltr'>si</span> <span class='ocrx_word' id='word_1_258' title='bbox 916 1744 1016 1782; x_wconf 74' lang='grc' dir='ltr'>(Ιὶιά</span> <span class='ocrx_word' id='word_1_259' title='bbox 1038 1748 1158 1791; x_wconf 79' lang='lat' dir='ltr'>esset,</span> <span class='ocrx_word' id='word_1_260' title='bbox 1176 1744 1250 1796; x_wconf 79' lang='lat' dir='ltr'>qui</span> <span class='ocrx_word' id='word_1_261' title='bbox 1270 1743 1350 1782; x_wconf 66' lang='lat' dir='ltr'>sihi</span> <span class='ocrx_word' id='word_1_262' title='bbox 1378 1746 1407 1767; x_wconf 79' lang='lat'>³¹</span> <span class='ocrx_word' id='word_1_263' title='bbox 1418 1746 1642 1793; x_wconf 74' lang='lat' dir='ltr'>praepetem</span> <span class='ocrx_word' id='word_1_264' title='bbox 1664 1740 1743 1778; x_wconf 84' lang='lat' dir='ltr'>mi-</span> 
     </span>
     <span class='ocr_line' id='line_1_40' title="bbox 298 1795 1743 1850; baseline -0.003 -11"><span class='ocrx_word' id='word_1_265' title='bbox 298 1802 434 1847; x_wconf 69' lang='lat' dir='ltr'>sisset,</span> <span class='ocrx_word' id='word_1_266' title='bbox 459 1799 601 1839; x_wconf 72' lang='lat' dir='ltr'>volens</span> <span class='ocrx_word' id='word_1_267' title='bbox 618 1800 832 1850; x_wconf 73' lang='lat' dir='ltr'>propitius</span> <span class='ocrx_word' id='word_1_268' title='bbox 852 1799 1028 1838; x_wconf 77' lang='lat' dir='ltr'>adesset.</span> <span class='ocrx_word' id='word_1_269' title='bbox 1091 1797 1222 1837; x_wconf 85' lang='lat' dir='ltr'>Dictu</span> <span class='ocrx_word' id='word_1_270' title='bbox 1257 1796 1465 1845; x_wconf 80' lang='lat' dir='ltr'>mirabile,</span> <span class='ocrx_word' id='word_1_271' title='bbox 1491 1795 1627 1835; x_wconf 87' lang='lat' dir='ltr'>tenuit</span> <span class='ocrx_word' id='word_1_272' title='bbox 1658 1808 1743 1834; x_wconf 87' lang='lat' dir='ltr'>non</span> 
     </span>
     <span class='ocr_line' id='line_1_41' title="bbox 300 1852 1744 1908; baseline -0.005 -12"><span class='ocrx_word' id='word_1_273' title='bbox 300 1855 435 1896; x_wconf 88' lang='lat' dir='ltr'>solum</span> <span class='ocrx_word' id='word_1_274' title='bbox 468 1855 552 1896; x_wconf 79' lang='lat' dir='ltr'>ales</span> <span class='ocrx_word' id='word_1_275' title='bbox 583 1863 753 1908; x_wconf 81' lang='lat' dir='ltr'>captam</span> <span class='ocrx_word' id='word_1_276' title='bbox 787 1853 914 1896; x_wconf 84' lang='lat' dir='ltr'>semel</span> <span class='ocrx_word' id='word_1_277' title='bbox 946 1853 1103 1903; x_wconf 87' lang='lat' dir='ltr'>sedem,</span> <span class='ocrx_word' id='word_1_278' title='bbox 1126 1853 1213 1902; x_wconf 89' lang='lat' dir='ltr'>sed,</span> <span class='ocrx_word' id='word_1_279' title='bbox 1235 1852 1586 1906; x_wconf 85' lang='lat' dir='ltr'>quotiescumque</span> <span class='ocrx_word' id='word_1_280' title='bbox 1608 1859 1744 1890; x_wconf 85' lang='lat' dir='ltr'>certa-</span> 
     </span>
     <span class='ocr_line' id='line_1_42' title="bbox 298 1906 1743 1961; baseline -0.004 -10"><span class='ocrx_word' id='word_1_281' title='bbox 298 1925 396 1951; x_wconf 87' lang='lat' dir='ltr'>men</span> <span class='ocrx_word' id='word_1_282' title='bbox 422 1910 572 1950; x_wconf 88' lang='lat' dir='ltr'>initum</span> <span class='ocrx_word' id='word_1_283' title='bbox 595 1919 674 1959; x_wconf 82' lang='lat' dir='ltr'>est,</span> <span class='ocrx_word' id='word_1_284' title='bbox 693 1909 835 1949; x_wconf 83' lang='lat' dir='ltr'>levans</span> <span class='ocrx_word' id='word_1_285' title='bbox 859 1923 902 1949; x_wconf 88' lang='lat' dir='ltr'>se</span> <span class='ocrx_word' id='word_1_286' title='bbox 923 1909 1014 1958; x_wconf 84' lang='lat' dir='ltr'>alis,</span> <span class='ocrx_word' id='word_1_287' title='bbox 1036 1923 1082 1948; x_wconf 90' lang='lat' dir='ltr'>os</span> <span class='ocrx_word' id='word_1_288' title='bbox 1105 1909 1335 1961; x_wconf 86' lang='lat' dir='ltr'>oculosque</span> <span class='ocrx_word' id='word_1_289' title='bbox 1367 1906 1500 1948; x_wconf 83' lang='lat' dir='ltr'>hostis</span> <span class='ocrx_word' id='word_1_290' title='bbox 1533 1915 1670 1946; x_wconf 86' lang='lat' dir='ltr'>rostro</span> <span class='ocrx_word' id='word_1_291' title='bbox 1695 1914 1743 1955; x_wconf 47' lang='lat' dir='ltr'>⁴et</span> 
     </span>
     <span class='ocr_line' id='line_1_43' title="bbox 299 1962 1744 2020; baseline -0.004 -14"><span class='ocrx_word' id='word_1_292' title='bbox 299 1966 516 2020; x_wconf 85' lang='lat' dir='ltr'>unguibus</span> <span class='ocrx_word' id='word_1_293' title='bbox 548 1965 751 2019; x_wconf 87' lang='lat' dir='ltr'>adpetiit:</span> <span class='ocrx_word' id='word_1_294' title='bbox 784 1965 920 2004; x_wconf 86' lang='lat' dir='ltr'>donec</span> <span class='ocrx_word' id='word_1_295' title='bbox 955 1965 1147 2004; x_wconf 87' lang='lat' dir='ltr'>territum</span> <span class='ocrx_word' id='word_1_296' title='bbox 1179 1963 1363 2018; x_wconf 90' lang='lat' dir='ltr'>prodigii</span> <span class='ocrx_word' id='word_1_297' title='bbox 1389 1962 1480 2002; x_wconf 76' lang='lat' dir='ltr'>talis</span> <span class='ocrx_word' id='word_1_298' title='bbox 1512 1963 1620 2011; x_wconf 89' lang='lat' dir='ltr'>visu,</span> <span class='ocrx_word' id='word_1_299' title='bbox 1642 1974 1744 2001; x_wconf 90' lang='lat' dir='ltr'>oeu-</span> 
     </span>
    </p>
   </div>
   <div class='ocr_carea' id='block_1_13' title="bbox 299 2019 1774 2075">
    <p class='ocr_par' dir='ltr' id='par_1_13' title="bbox 299 2019 1774 2075">
     <span class='ocr_line' id='line_1_44' title="bbox 299 2019 1774 2075; baseline -0.004 -14"><span class='ocrx_word' id='word_1_300' title='bbox 299 2022 435 2075; x_wconf 87' lang='lat' dir='ltr'>lisque</span> <span class='ocrx_word' id='word_1_301' title='bbox 458 2020 584 2061; x_wconf 89' lang='lat' dir='ltr'>simul</span> <span class='ocrx_word' id='word_1_302' title='bbox 606 2035 655 2061; x_wconf 87' lang='lat' dir='ltr'>ac</span> <span class='ocrx_word' id='word_1_303' title='bbox 679 2030 820 2060; x_wconf 85' lang='lat' dir='ltr'>mente</span> <span class='ocrx_word' id='word_1_304' title='bbox 843 2022 1076 2068; x_wconf 89' lang='lat' dir='ltr'>turbatum,</span> <span class='ocrx_word' id='word_1_305' title='bbox 1101 2019 1293 2060; x_wconf 83' lang='lat' dir='ltr'>Valerius</span> <span class='ocrx_word' id='word_1_306' title='bbox 1313 2020 1556 2058; x_wconf 84' lang='lat' dir='ltr'>obtruncat.</span> <span class='ocrx_word' id='word_1_307' title='bbox 1587 2030 1743 2057; x_wconf 89' lang='lat' dir='ltr'>corvus</span> <span class='ocrx_word' id='word_1_308' title='bbox 1771 2051 1774 2054; x_wconf 96' lang='lat'>.</span> 
     </span>
    </p>
   </div>
   <div class='ocr_carea' id='block_1_14' title="bbox 299 2071 1746 2242">
    <p class='ocr_par' dir='ltr' id='par_1_14' title="bbox 299 2071 1746 2242">
     <span class='ocr_line' id='line_1_45' title="bbox 299 2071 1745 2131; baseline -0.006 -12"><span class='ocrx_word' id='word_1_309' title='bbox 299 2092 323 2118; x_wconf 84' lang='lat' dir='ltr'>e</span> <span class='ocrx_word' id='word_1_310' title='bbox 346 2087 578 2131; x_wconf 83' lang='lat' dir='ltr'>conspectu</span> <span class='ocrx_word' id='word_1_311' title='bbox 600 2076 736 2116; x_wconf 82' lang='lat' dir='ltr'>elatus</span> <span class='ocrx_word' id='word_1_312' title='bbox 753 2076 963 2116; x_wconf 80' lang='lat' dir='ltr'>orientem</span> <span class='ocrx_word' id='word_1_313' title='bbox 991 2077 1112 2130; x_wconf 85' lang='lat' dir='ltr'>petit.</span> <span class='ocrx_word' id='word_1_314' title='bbox 1174 2074 1396 2115; x_wconf 73' lang='lat' dir='ltr'>Hactenus</span> <span class='ocrx_word' id='word_1_315' title='bbox 1418 2074 1573 2127; x_wconf 84' lang='lat' dir='ltr'>quietae</span> <span class='ocrx_word' id='word_1_316' title='bbox 1597 2071 1745 2112; x_wconf 89' lang='lat' dir='ltr'>utrim-</span> 
     </span>
     <span class='ocr_line' id='line_1_46' title="bbox 299 2127 1744 2187; baseline -0.005 -14"><span class='ocrx_word' id='word_1_317' title='bbox 299 2148 383 2187; x_wconf 86' lang='lat' dir='ltr'>que</span> <span class='ocrx_word' id='word_1_318' title='bbox 415 2133 620 2172; x_wconf 79' lang='lat' dir='ltr'>stationes</span> <span class='ocrx_word' id='word_1_319' title='bbox 652 2131 784 2172; x_wconf 85' lang='lat' dir='ltr'>fuere.</span> <span class='ocrx_word' id='word_1_320' title='bbox 818 2142 1041 2185; x_wconf 83' lang='lat' dir='ltr'>postquam</span> <span class='ocrx_word' id='word_1_321' title='bbox 1075 2130 1255 2185; x_wconf 83' lang='lat' dir='ltr'>spoliare</span> <span class='ocrx_word' id='word_1_322' title='bbox 1286 2144 1438 2183; x_wconf 85' lang='lat' dir='ltr'>corpus</span> <span class='ocrx_word' id='word_1_323' title='bbox 1470 2129 1569 2169; x_wconf 79' lang='lat' dir='ltr'>coesi</span> <span class='ocrx_word' id='word_1_324' title='bbox 1609 2127 1744 2168; x_wconf 83' lang='lat' dir='ltr'>hostis</span> 
     </span>
     <span class='ocr_line' id='line_1_47' title="bbox 302 2182 1746 2242; baseline -0.004 -14"><span class='ocrx_word' id='word_1_325' title='bbox 302 2190 496 2234; x_wconf 79' lang='lat' dir='ltr'>tribunus</span> <span class='ocrx_word' id='word_1_326' title='bbox 529 2187 682 2242; x_wconf 84' lang='lat' dir='ltr'>coepit,</span> <span class='ocrx_word' id='word_1_327' title='bbox 705 2201 782 2228; x_wconf 87' lang='lat' dir='ltr'>nec</span> <span class='ocrx_word' id='word_1_328' title='bbox 815 2187 928 2228; x_wconf 74' lang='lat' dir='ltr'>Galli</span> <span class='ocrx_word' id='word_1_329' title='bbox 960 2201 1004 2229; x_wconf 86' lang='lat' dir='ltr'>se</span> <span class='ocrx_word' id='word_1_330' title='bbox 1034 2187 1216 2227; x_wconf 81' lang='lat' dir='ltr'>statione</span> <span class='ocrx_word' id='word_1_331' title='bbox 1250 2193 1489 2236; x_wconf 82' lang='lat' dir='ltr'>tenuerunt,</span> <span class='ocrx_word' id='word_1_332' title='bbox 1509 2193 1552 2224; x_wconf 91' lang='lat' dir='ltr'>et</span> <span class='ocrx_word' id='word_1_333' title='bbox 1585 2182 1746 2224; x_wconf 68' lang='lat' dir='ltr'>Roma.-</span> 
     </span>
    </p>
   </div>
   <div class='ocr_carea' id='block_1_15' title="bbox 1084 2332 1741 2374">
    <p class='ocr_par' dir='ltr' id='par_1_15' title="bbox 1084 2332 1741 2374">
     <span class='ocr_line' id='line_1_48' title="bbox 1084 2332 1741 2374; baseline -0.009 -6"><span class='ocrx_word' id='word_1_334' title='bbox 1084 2339 1125 2368; x_wconf 88' lang='grc'>30</span> <span class='ocrx_word' id='word_1_335' title='bbox 1152 2336 1251 2366; x_wconf 82' lang='lat' dir='ltr'>Omen</span> <span class='ocrx_word' id='word_1_336' title='bbox 1265 2334 1420 2374; x_wconf 64' lang='grc' dir='ltr'>ιΓαιιείιιηι</span> <span class='ocrx_word' id='word_1_337' title='bbox 1440 2357 1466 2364; x_wconf 88' lang='lat'>..</span> <span class='ocrx_word' id='word_1_338' title='bbox 1483 2356 1509 2364; x_wconf 91' lang='lat'>..</span> <span class='ocrx_word' id='word_1_339' title='bbox 1533 2332 1741 2372; x_wconf 61' lang='lat' dir='ltr'>cognominis]</span> 
     </span>
    </p>
   </div>
   <div class='ocr_carea' id='block_1_16' title="bbox 339 2335 1740 2417">
    <p class='ocr_par' dir='ltr' id='par_1_16' title="bbox 339 2335 1740 2417">
     <span class='ocr_line' id='line_1_49' title="bbox 339 2335 976 2374; baseline -0.005 -4"><span class='ocrx_word' id='word_1_340' title='bbox 339 2343 379 2374; x_wconf 70' lang='lat'>&#39;29</span> <span class='ocrx_word' id='word_1_341' title='bbox 409 2339 510 2370; x_wconf 60' lang='lat' dir='ltr'>oapm</span> <span class='ocrx_word' id='word_1_342' title='bbox 540 2348 628 2368; x_wconf 73' lang='lat' dir='ltr'>manc</span> <span class='ocrx_word' id='word_1_343' title='bbox 655 2335 773 2368; x_wconf 65' lang='lat' dir='ltr'>nomem</span> <span class='ocrx_word' id='word_1_344' title='bbox 803 2339 976 2368; x_wconf 69' lang='lat' dir='ltr'>exereilwn</span> 
     </span>
     <span class='ocr_line' id='line_1_50' title="bbox 403 2337 1740 2417; baseline -0.007 -3"><span class='ocrx_word' id='word_1_345' title='bbox 403 2371 432 2381; x_wconf 41' lang='grc' dir='ltr'><em>Ν</em></span> <span class='ocrx_word' id='word_1_346' title='bbox 978 2337 993 2378; x_wconf 63' lang='lat' dir='ltr'>l</span> <span class='ocrx_word' id='word_1_347' title='bbox 1040 2379 1124 2409; x_wconf 83' lang='lat' dir='ltr'>Vere</span> <span class='ocrx_word' id='word_1_348' title='bbox 1147 2386 1181 2408; x_wconf 83' lang='lat' dir='ltr'>et</span> <span class='ocrx_word' id='word_1_349' title='bbox 1206 2379 1333 2417; x_wconf 82' lang='lat' dir='ltr'>proprie</span> <span class='ocrx_word' id='word_1_350' title='bbox 1359 2378 1502 2416; x_wconf 83' lang='lat' dir='ltr'>loquitur</span> <span class='ocrx_word' id='word_1_351' title='bbox 1519 2377 1642 2411; x_wconf 77' lang='lat' dir='ltr'>Livius,</span> <span class='ocrx_word' id='word_1_352' title='bbox 1660 2376 1740 2405; x_wconf 89' lang='lat' dir='ltr'>dum</span> 
     </span>
    </p>
   </div>
   <div class='ocr_carea' id='block_1_17' title="bbox 296 2381 995 2413">
    <p class='ocr_par' dir='ltr' id='par_1_17' title="bbox 296 2381 995 2413">
     <span class='ocr_line' id='line_1_51' title="bbox 296 2381 995 2413; baseline -0.001 -3"><span class='ocrx_word' id='word_1_353' title='bbox 296 2383 507 2412; x_wconf 51' lang='lat' dir='ltr'>Obserumda</span> <span class='ocrx_word' id='word_1_354' title='bbox 529 2381 643 2411; x_wconf 70' lang='lat' dir='ltr'>sedulo</span> <span class='ocrx_word' id='word_1_355' title='bbox 667 2386 716 2410; x_wconf 78' lang='lat' dir='ltr'>est</span> <span class='ocrx_word' id='word_1_356' title='bbox 740 2390 800 2409; x_wconf 82' lang='lat' dir='ltr'>vox</span> <span class='ocrx_word' id='word_1_357' title='bbox 823 2391 952 2413; x_wconf 72' lang='lat' dir='ltr'>novum.</span> <span class='ocrx_word' id='word_1_358' title='bbox 969 2381 995 2409; x_wconf 86' lang='lat' dir='ltr'>si</span> 
     </span>
    </p>
   </div>
   <div class='ocr_carea' id='block_1_18' title="bbox 288 2423 996 2793">
    <p class='ocr_par' dir='ltr' id='par_1_18' title="bbox 288 2423 996 2793">
     <span class='ocr_line' id='line_1_52' title="bbox 294 2423 996 2464; baseline -0.003 -11"><span class='ocrx_word' id='word_1_359' title='bbox 294 2427 367 2464; x_wconf 85' lang='lat' dir='ltr'>quis</span> <span class='ocrx_word' id='word_1_360' title='bbox 385 2431 532 2455; x_wconf 65' lang='lat' dir='ltr'>mentem</span> <span class='ocrx_word' id='word_1_361' title='bbox 552 2425 632 2454; x_wconf 78' lang='lat' dir='ltr'>Livii</span> <span class='ocrx_word' id='word_1_362' title='bbox 649 2424 777 2460; x_wconf 78' lang='lat' dir='ltr'>assequi</span> <span class='ocrx_word' id='word_1_363' title='bbox 796 2423 884 2452; x_wconf 71' lang='lat' dir='ltr'>velit.</span> <span class='ocrx_word' id='word_1_364' title='bbox 928 2423 996 2452; x_wconf 76' lang='lat' dir='ltr'>Au-</span> 
     </span>
     <span class='ocr_line' id='line_1_53' title="bbox 293 2465 996 2506; baseline -0.006 -9"><span class='ocrx_word' id='word_1_365' title='bbox 293 2474 392 2505; x_wconf 79' lang='lat' dir='ltr'>gusto</span> <span class='ocrx_word' id='word_1_366' title='bbox 419 2467 552 2506; x_wconf 71' lang='lat' dir='ltr'>quidem</span> <span class='ocrx_word' id='word_1_367' title='bbox 581 2467 778 2505; x_wconf 75' lang='lat' dir='ltr'>imperante,</span> <span class='ocrx_word' id='word_1_368' title='bbox 806 2466 875 2504; x_wconf 75' lang='lat' dir='ltr'>ipso</span> <span class='ocrx_word' id='word_1_369' title='bbox 907 2465 996 2504; x_wconf 81' lang='lat' dir='ltr'>pacis</span> 
     </span>
     <span class='ocr_line' id='line_1_54' title="bbox 292 2507 995 2550; baseline -0.003 -12"><span class='ocrx_word' id='word_1_370' title='bbox 292 2516 455 2550; x_wconf 74' lang='lat' dir='ltr'>tempore,</span> <span class='ocrx_word' id='word_1_371' title='bbox 480 2512 532 2539; x_wconf 65' lang='grc'>92.</span> <span class='ocrx_word' id='word_1_372' title='bbox 559 2509 609 2538; x_wconf 73' lang='lat' dir='ltr'>vel</span> <span class='ocrx_word' id='word_1_373' title='bbox 632 2509 732 2537; x_wconf 76' lang='lat' dir='ltr'>etiam</span> <span class='ocrx_word' id='word_1_374' title='bbox 758 2509 809 2538; x_wconf 63' lang='lat'>2⁷5.</span> <span class='ocrx_word' id='word_1_375' title='bbox 838 2507 995 2545; x_wconf 55' lang='lat' dir='ltr'>legiones,</span> 
     </span>
     <span class='ocr_line' id='line_1_55' title="bbox 291 2550 995 2589; baseline -0.004 -8"><span class='ocrx_word' id='word_1_376' title='bbox 291 2558 378 2582; x_wconf 77' lang='lat' dir='ltr'>teste</span> <span class='ocrx_word' id='word_1_377' title='bbox 408 2553 530 2588; x_wconf 65' lang='lat' dir='ltr'>Dione,</span> <span class='ocrx_word' id='word_1_378' title='bbox 562 2551 583 2580; x_wconf 95' lang='lat' dir='ltr'>l.</span> <span class='ocrx_word' id='word_1_379' title='bbox 613 2551 678 2581; x_wconf 88' lang='lat' dir='ltr'>LV.</span> <span class='ocrx_word' id='word_1_380' title='bbox 719 2560 776 2589; x_wconf 67' lang='lat' dir='ltr'>per</span> <span class='ocrx_word' id='word_1_381' title='bbox 811 2550 995 2587; x_wconf 76' lang='lat' dir='ltr'>provincias</span> 
     </span>
     <span class='ocr_line' id='line_1_56' title="bbox 292 2592 996 2633; baseline -0.006 -9"><span class='ocrx_word' id='word_1_382' title='bbox 292 2604 412 2633; x_wconf 70' lang='lat' dir='ltr'>sparsae</span> <span class='ocrx_word' id='word_1_383' title='bbox 431 2599 537 2623; x_wconf 71' lang='lat' dir='ltr'>erunt.</span> <span class='ocrx_word' id='word_1_384' title='bbox 583 2592 625 2622; x_wconf 85' lang='lat' dir='ltr'>At</span> <span class='ocrx_word' id='word_1_385' title='bbox 643 2592 714 2622; x_wconf 78' lang='lat' dir='ltr'>vult</span> <span class='ocrx_word' id='word_1_386' title='bbox 729 2593 854 2628; x_wconf 75' lang='lat' dir='ltr'>Livius,</span> <span class='ocrx_word' id='word_1_387' title='bbox 870 2592 896 2621; x_wconf 85' lang='lat' dir='ltr'>si</span> <span class='ocrx_word' id='word_1_388' title='bbox 914 2601 996 2621; x_wconf 77' lang='lat' dir='ltr'>novo</span> 
     </span>
     <span class='ocr_line' id='line_1_57' title="bbox 292 2633 995 2673; baseline -0.003 -9"><span class='ocrx_word' id='word_1_389' title='bbox 292 2637 440 2666; x_wconf 51' lang='lat' dir='ltr'>‹mm-citu</span> <span class='ocrx_word' id='word_1_390' title='bbox 465 2637 496 2665; x_wconf 91' lang='lat' dir='ltr'>in</span> <span class='ocrx_word' id='word_1_391' title='bbox 522 2635 630 2664; x_wconf 78' lang='lat' dir='ltr'>subita</span> <span class='ocrx_word' id='word_1_392' title='bbox 657 2645 689 2664; x_wconf 81' lang='lat' dir='ltr'>re</span> <span class='ocrx_word' id='word_1_393' title='bbox 713 2644 795 2673; x_wconf 89' lang='lat' dir='ltr'>opus</span> <span class='ocrx_word' id='word_1_394' title='bbox 822 2636 877 2671; x_wconf 79' lang='lat' dir='ltr'>sit,</span> <span class='ocrx_word' id='word_1_395' title='bbox 906 2633 995 2662; x_wconf 73' lang='lat' dir='ltr'>hand</span> 
     </span>
     <span class='ocr_line' id='line_1_58' title="bbox 290 2677 994 2715; baseline -0.009 -7"><span class='ocrx_word' id='word_1_396' title='bbox 290 2678 387 2708; x_wconf 54' lang='lat' dir='ltr'>facile</span> <span class='ocrx_word' id='word_1_397' title='bbox 411 2683 543 2708; x_wconf 82' lang='lat' dir='ltr'>tantum</span> <span class='ocrx_word' id='word_1_398' title='bbox 570 2677 714 2707; x_wconf 84' lang='lat' dir='ltr'>militnm</span> <span class='ocrx_word' id='word_1_399' title='bbox 741 2677 858 2705; x_wconf 66' lang='lat' dir='ltr'>armari</span> <span class='ocrx_word' id='word_1_400' title='bbox 887 2685 994 2715; x_wconf 46' lang='grc' dir='ltr'>μων,</span> 
     </span>
     <span class='ocr_line' id='line_1_59' title="bbox 291 2718 995 2759; baseline -0.003 -11"><span class='ocrx_word' id='word_1_401' title='bbox 291 2728 454 2759; x_wconf 75' lang='lat' dir='ltr'>qnantum</span> <span class='ocrx_word' id='word_1_402' title='bbox 480 2727 560 2750; x_wconf 77' lang='lat' dir='ltr'>tunc</span> <span class='ocrx_word' id='word_1_403' title='bbox 584 2718 735 2749; x_wconf 73' lang='lat' dir='ltr'>consules</span> <span class='ocrx_word' id='word_1_404' title='bbox 760 2719 869 2749; x_wconf 80' lang='lat' dir='ltr'>subito</span> <span class='ocrx_word' id='word_1_405' title='bbox 893 2719 995 2756; x_wconf 78' lang='lat' dir='ltr'>scrip-</span> 
     </span>
     <span class='ocr_line' id='line_1_60' title="bbox 288 2773 369 2793; baseline 0.012 -1"><span class='ocrx_word' id='word_1_406' title='bbox 288 2773 369 2793; x_wconf 74' lang='lat' dir='ltr'>scre.</span> 
     </span>
    </p>
   </div>
   <div class='ocr_carea' id='block_1_19' title="bbox 1039 2418 1745 2746">
    <p class='ocr_par' dir='ltr' id='par_1_19' title="bbox 1039 2418 1745 2662">
     <span class='ocr_line' id='line_1_61' title="bbox 1041 2418 1743 2460; baseline -0.007 -9"><span class='ocrx_word' id='word_1_407' title='bbox 1041 2422 1247 2460; x_wconf 71' lang='lat' dir='ltr'>cognominis</span> <span class='ocrx_word' id='word_1_408' title='bbox 1265 2421 1331 2457; x_wconf 84' lang='lat' dir='ltr'>hic,</span> <span class='ocrx_word' id='word_1_409' title='bbox 1350 2431 1415 2450; x_wconf 88' lang='lat' dir='ltr'>non</span> <span class='ocrx_word' id='word_1_410' title='bbox 1434 2420 1576 2450; x_wconf 85' lang='lat' dir='ltr'>nominis</span> <span class='ocrx_word' id='word_1_411' title='bbox 1601 2418 1743 2447; x_wconf 84' lang='lat' dir='ltr'>mentio-</span> 
     </span>
     <span class='ocr_line' id='line_1_62' title="bbox 1043 2461 1745 2493; baseline -0.006 0"><span class='ocrx_word' id='word_1_412' title='bbox 1043 2474 1119 2493; x_wconf 86' lang='lat' dir='ltr'>nem</span> <span class='ocrx_word' id='word_1_413' title='bbox 1145 2464 1234 2493; x_wconf 77' lang='lat' dir='ltr'>fucit.</span> <span class='ocrx_word' id='word_1_414' title='bbox 1283 2463 1342 2493; x_wconf 84' lang='lat' dir='ltr'>lue</span> <span class='ocrx_word' id='word_1_415' title='bbox 1367 2464 1456 2492; x_wconf 83' lang='lat' dir='ltr'>enim</span> <span class='ocrx_word' id='word_1_416' title='bbox 1481 2461 1649 2490; x_wconf 57' lang='lat' dir='ltr'>Gallorum</span> <span class='ocrx_word' id='word_1_417' title='bbox 1679 2461 1745 2489; x_wconf 76' lang='lat' dir='ltr'>vic-</span> 
     </span>
     <span class='ocr_line' id='line_1_63' title="bbox 1039 2502 1741 2545; baseline -0.007 -10"><span class='ocrx_word' id='word_1_418' title='bbox 1039 2512 1105 2543; x_wconf 79' lang='lat' dir='ltr'>tor,</span> <span class='ocrx_word' id='word_1_419' title='bbox 1133 2507 1263 2545; x_wconf 86' lang='lat' dir='ltr'>proprio</span> <span class='ocrx_word' id='word_1_420' title='bbox 1294 2510 1328 2534; x_wconf 76' lang='lat' dir='ltr'>et</span> <span class='ocrx_word' id='word_1_421' title='bbox 1355 2504 1511 2544; x_wconf 78' lang='lat' dir='ltr'>peculiari</span> <span class='ocrx_word' id='word_1_422' title='bbox 1542 2502 1741 2541; x_wconf 81' lang='lat' dir='ltr'>cognomine</span> 
     </span>
     <span class='ocr_line' id='line_1_64' title="bbox 1041 2546 1739 2583; baseline -0.004 -7"><span class='ocrx_word' id='word_1_423' title='bbox 1041 2549 1221 2578; x_wconf 78' lang='lat' dir='ltr'>vocabatur</span> <span class='ocrx_word' id='word_1_424' title='bbox 1236 2548 1404 2583; x_wconf 79' lang='lat' dir='ltr'>Camillus,</span> <span class='ocrx_word' id='word_1_425' title='bbox 1418 2546 1511 2576; x_wconf 80' lang='lat' dir='ltr'>Furii</span> <span class='ocrx_word' id='word_1_426' title='bbox 1527 2554 1648 2574; x_wconf 87' lang='lat' dir='ltr'>nomen</span> <span class='ocrx_word' id='word_1_427' title='bbox 1662 2553 1739 2573; x_wconf 84' lang='lat' dir='ltr'>cum</span> 
     </span>
     <span class='ocr_line' id='line_1_65' title="bbox 1042 2586 1741 2620; baseline -0.006 -1"><span class='ocrx_word' id='word_1_428' title='bbox 1042 2590 1157 2619; x_wconf 80' lang='lat' dir='ltr'>multis</span> <span class='ocrx_word' id='word_1_429' title='bbox 1189 2591 1260 2620; x_wconf 80' lang='lat' dir='ltr'>:iliis</span> <span class='ocrx_word' id='word_1_430' title='bbox 1287 2589 1404 2619; x_wconf 75' lang='lat' dir='ltr'>habuit</span> <span class='ocrx_word' id='word_1_431' title='bbox 1434 2596 1622 2617; x_wconf 83' lang='lat' dir='ltr'>commune.</span> <span class='ocrx_word' id='word_1_432' title='bbox 1667 2586 1741 2616; x_wconf 67' lang='lat' dir='ltr'>vid.</span> 
     </span>
     <span class='ocr_line' id='line_1_66' title="bbox 1041 2631 1576 2662; baseline -0.007 0"><span class='ocrx_word' id='word_1_433' title='bbox 1041 2633 1190 2662; x_wconf 72' lang='lat' dir='ltr'>Pcrizon.</span> <span class='ocrx_word' id='word_1_434' title='bbox 1207 2631 1381 2662; x_wconf 69' lang='lat' dir='ltr'>Animadv.</span> <span class='ocrx_word' id='word_1_435' title='bbox 1397 2631 1483 2660; x_wconf 68' lang='lat' dir='ltr'>Hist.</span> <span class='ocrx_word' id='word_1_436' title='bbox 1502 2641 1530 2659; x_wconf 89' lang='lat'>‹·.</span> <span class='ocrx_word' id='word_1_437' title='bbox 1546 2631 1576 2658; x_wconf 66' lang='lat'>⁶2.</span> 
     </span>
    </p>

    <p class='ocr_par' dir='ltr' id='par_1_20' title="bbox 1041 2671 1740 2746">
     <span class='ocr_line' id='line_1_67' title="bbox 1082 2671 1740 2714; baseline -0.008 -9"><span class='ocrx_word' id='word_1_438' title='bbox 1082 2679 1118 2704; x_wconf 68' lang='lat'>:31</span> <span class='ocrx_word' id='word_1_439' title='bbox 1148 2673 1344 2714; x_wconf 64' lang='lat' dir='ltr'>propedem]</span> <span class='ocrx_word' id='word_1_440' title='bbox 1372 2673 1494 2703; x_wconf 69' lang='lat' dir='ltr'>Mitem</span> <span class='ocrx_word' id='word_1_441' title='bbox 1518 2671 1620 2702; x_wconf 78' lang='lat' dir='ltr'>felicis</span> <span class='ocrx_word' id='word_1_442' title='bbox 1638 2679 1740 2709; x_wconf 75' lang='lat' dir='ltr'>augu-</span> 
     </span>
     <span class='ocr_line' id='line_1_68' title="bbox 1041 2727 1091 2746; baseline -0.02 0"><span class='ocrx_word' id='word_1_443' title='bbox 1041 2727 1091 2746; x_wconf 88' lang='lat' dir='ltr'>rn.</span> 
     </span>
    </p>
   </div>
   <div class='ocr_carea' id='block_1_20' title="bbox 1905 0 1925 338">
    <p class='ocr_par' dir='ltr' id='par_1_21' title="bbox 1905 0 1925 338">
     <span class='ocr_line' id='line_1_69' title="bbox 1905 0 1925 338; textangle 90"><span class='ocrx_word' id='word_1_444' title='bbox 1913 201 1925 338; x_wconf 46' lang='lat' dir='ltr'>-»A.nA-—&amp;n&#39;</span> <span class='ocrx_word' id='word_1_445' title='bbox 1915 159 1925 196; x_wconf 67' lang='lat' dir='ltr'>ab-..</span> <span class='ocrx_word' id='word_1_446' title='bbox 1905 0 1925 153; x_wconf 43' lang='lat' dir='ltr'>ab*</span> 
     </span>
    </p>
   </div>
  </div>
 </body>
</html>
