1969 3239
576 104 699 142 LIB.
725 103 796 143 111.
837 103 964 140 CAP.
992 102 1134 141 LVIII.
1221 109 1225 112 ’
1494 109 1571 146 213

148 199 235 242 lum
275 201 490 259 adparare.
549 201 700 257 Itaque
740 202 883 257 partiri
928 202 1169 256 provincias
1208 202 1402 244 consules
1444 204 1568 258 jussi.
1582 222 1623 255 υ,
1641 222 1678 254 C.
1693 224 1776 257 306.

151 256 336 300 Horatio
369 259 531 310 Sabini,
555 259 723 300 Valerio
748 258 878 312 AEqui
913 258 1142 312 Volscique
1173 272 1364 300 evenere.
1424 261 1620 307 QuumA.
1637 266 1675 297 C.
1691 268 1767 299 446.

148 314 200 356 ad
221 328 271 355 ea
294 316 401 358 bella
421 317 628 358 delectum
657 315 906 365 edixissent,
927 314 1071 355 favore
1104 315 1236 370 plebis
1267 331 1351 357 non
1376 317 1569 371 juniores

150 372 294 422 modo,
316 374 388 414 sed
410 373 594 414 emeritis
617 373 742 413 otiam
767 371 1005 426 stipendii5‚
1027 385 1122 426 pars
1151 386 1310 427 magna
1339 372 1571 414 voluntari-

146 441 283 478 orum,
305 429 356 469 ad
377 430 550 471 nomina
569 428 706 469 danda
731 437 886 482 praesto
908 427 1040 468 fuere.
1062 442 1198 483 eoque
1225 443 1308 470 non
1330 430 1454 485 copia
1476 445 1569 471 mo-

149 483 220 534 do,
253 485 324 526 sed
357 500 510 541 genere
540 486 666 525 etiam
700 484 898 533 militum,
920 485 1127 525 veteranis
1159 485 1378 536 admixtis,
1412 486 1572 528 firmior

145 541 360 582 exercitus
390 542 481 582 fuit.
545 541 797 595 Priusquam
829 541 975 580 urbem
1013 541 1328 596 egrederentur,
1352 544 1466 598 leges
1499 543 1571 584 de-

147 598 407 648 cemviraleS,
429 598 582 652 quibus
603 596 752 638 tabulis
773 597 977 638 duodecim
998 608 1061 638 est
1083 612 1253 649 nomen,
1271 601 1312 639 in
1336 614 1394 640 aes
1416 600 1569 648 incisas
1581 604 1707 656 'ljabulae

147 652 191 692 in
215 653 386 708 publico
409 662 731 710 proposuerunt.
790 654 914 704 Sunt,
934 654 1006 708 qui
1028 655 1150 709 jussu
1175 655 1442 697 tribunorum
1466 657 1569 697 aedi-
1581 648 1653 678 ³⁸¹¹·

144 708 205 751 les
226 709 396 751 functos
417 725 467 751 eo
489 711 723 751 ministerio
744 711 947 751 scribant.

203 765 368 807 LVIII.
401 766 453 807 C.
479 766 697 817 Claudius,
717 768 824 821 (qui,
849 781 1020 822 perosus
1042 766 1377 809 decemvirorum
1400 768 1570 821 scelera,

144 829 187 862 et
206 831 304 863 ante
325 838 471 864 omnes
494 823 636 865 fratris
658 823 733 864 filii
756 824 964 878 superbiae
988 822 1182 874 infestus,
1205 823 1435 880 Regillum,
1457 826 1568 866 anti-

146 892 270 933 quam
291 880 332 920 in
363 881 558 935 patriam,
582 895 625 921 se
657 881 912 929 contulerat)
936 881 969 920 is
1003 894 1159 935 magno
1181 881 1271 935 jam
1301 892 1417 931 natu,
1435 897 1567 937 quum

143 934 197 976 ad
233 936 420 990 pericula
456 937 548 993 ejus
586 937 850 992 deprecanda
884 937 1074 987 redisset,
1104 937 1226 992 cujus
1258 938 1364 978 vitia
1384 937 1568 994 fugerat,

143 991 383 1033 sordidatus
404 1007 500 1034 cum
534 994 766 1050 gentilibus
797 994 1106 1048 clientibusque
1138 994 1179 1034 in
1215 993 1308 1034 foro
1342 997 1567 1050 prensabat

143 1047 360 1102 singulos;
381 1051 630 1105 orabatque,
650 1048 715 1090 Ne
738 1049 922 1090 Claudiae
939 1051 1050 1106 genti
1071 1065 1158 1091 eam
1179 1050 1349 1091 inustam
1370 1051 1565 1094 maculam
1580 1054 1616 1085 C·
1634 1054 1780 1104 Claudjus

141 1104 298 1156 vellent,
320 1113 365 1147 ut
385 1121 540 1148 carcere
561 1114 598 1147 et
618 1105 787 1149 vinculis
803 1106 1035 1147 viderentur
1054 1106 1169 1162 digni
1187 1124 1198 1147 .·
1230 1107 1377 1158 virum,
1399 1108 1566 1151 honora-
1580 1099 1762 1170 {2⁰2¹ssssss

141 1160 301 1202 tissima
323 1163 513 1219 imaginis
529 1161 728 1218 ficturum
749 1163 803 1204 ad
824 1170 1014 1218 posteros,
1035 1163 1165 1219 legum
1195 1163 1362 1204 latorem
1391 1165 1568 1206 condito-
1619 1151 1636 1180 p
1763 1163 1773 1171 ’

140 1231 302 1272 remque
332 1217 512 1261 Romani
517 1220 648 1275 juri&
655 1221 797 1275 jacere
819 1220 994 1260 vinctum
1023 1220 1127 1261 inter
1143 1219 1266 1276 fures
1282 1228 1493 1262 nocturnos
1520 1237 1568 1263 ac

141 1272 326 1316 latrones.
385 1275 629 1318 Averterent
652 1276 702 1317 ab
725 1277 789 1317 ira
806 1291 1024 1331 parumper
1046 1277 1100 1316 ad
1129 1277 1390 1332 cognitionem
1412 1279 1566 1334 cogita-

138 1330 364 1386 tionemque
385 1334 565 1374 animos:
596 1340 632 1374 et
643 1333 777 1387 potius
808 1348 928 1373 utnon
963 1340 1021 1374 tot
1053 1332 1239 1374 Claudiis
1268 1334 1568 1388 deprecantibus

140 1387 424 1439 condonarent,
450 1405 569 1444 qnam
591 1396 758 1444 propter
779 1390 895 1430 unius
917 1389 1051 1430 odium
1084 1390 1298 1430 multorum
1323 1405 1461 1444 preces
1494 1391 1567 1432 ad-

140 1452 435 1496 spernarentur.
479 1446 530 1487 Se
552 1461 706 1501 quoque
727 1445 770 1485 id
788 1447 924 1501 generi
946 1462 991 1486 ac
1020 1447 1169 1487 nomini
1190 1446 1302 1497 dare,
1324 1462 1390 1487 nec
1414 1463 1501 1499 curn
1523 1463 1566 1489 eo

139 1499 184 1540 in
216 1501 395 1555 gratiam
430 1503 587 1553 redisse,
625 1504 734 1557 cnjus
774 1502 946 1543 adrersce
971 1502 1156 1558 jol-tunae
1192 1503 1287 1543 velit
1322 1503 1565 1545 subcursum.

142 1553 301 1597 Virtute
320 1557 547 1599 libertatem
569 1565 843 1613 recuperatam
865 1573 968 1599 esse:
1000 1559 1206 1599 clementia
1229 1561 1479 1601 concordiam
1501 1576 1566 1601 or·

139 1611 477 1655 di1mmscahiliri
498 1629 621 1670 posse.
684 1614 828 1664 Erant,
852 1630 958 1670 quos
980 1625 1168 1656 moveret
1200 1631 1274 1656 sua
1307 1618 1443 1671 magis
1479 1618 1567 1672 pie-

139 1677 240 1719 tate,
263 1684 388 1724 quam
410 1671 517 1726 ejus,
550 1686 624 1726 pro
646 1687 730 1726 quo
761 1673 930 1727 agebat,
952 1686 1113 1713 caussa.
1145 1673 1218 1713 sed
1252 1672 1484 1729 Vi1·giniu5‚
1505 1674 1568 1714 sm'

131 1726 269 1780 potins
299 1734 342 1767 ut
363 1728 655 1778 misererentur,
677 1729 839 1778 orabat,
855 1728 1070 1783 filz'aeque:
1118 1744 1186 1770 nec
1212 1731 1343 1785 gentis
1375 1728 1566 1772 Claudiae

139 1784 169 1804 ⁵⁸
188 1796 353 1837 regnum
387 1784 430 1824 in
454 1783 606 1838 plebem
636 1786 804 1836 sortitoe,
825 1784 891 1825 sed
924 1786 1228 1826 necessariorwn
1267 1785 1470 1842 Virginioe
1492 1794 1566 1828 etm

137 1839 169 1864 ⁵⁹
183 1840 306 1879 trium
328 1841 579 1882 tribunormn
602 1855 740 1894 preces
771 1841 956 1882 audirent
970 1858 987 1892 ,-
1018 1843 1102 1896 (μα’,
1131 1843 1187 1883 ad
1216 1843 1413 1884 auxilinm
1437 1843 1568 1898 plebis

135 1895 274 1945 creati,
295 1895 371 1950 ipsi
384 1896 516 1952 plebis
529 1897 659 1951 fidem
680 1904 800 1953 atqve
819 1898 1017 1938 auxilium
1038 1898 1297 1953 implorarent.
1356 1899 1379 1941 J
1391 1901 1565 1941 ustiores

138 1949 205 1991 hae
236 1951 422 1994 lacrimae
454 1955 718 1995 videbantur.
751 1955 906 2009 itaque,
929 1969 1002 2010 spe
1024 1955 1171 2005 incisa,
1195 1957 1436 2011 priusquam
1464 1971 1564 2011 pro-

137 2007 253 2048 dicta
282 2009 369 2055 dies
400 2010 578 2059 adesset,
609 2011 776 2065 Appius
798 2012 830 2034 ⁶⁰
845 2011 924 2052 sibi
959 2022 1134 2052 mortem
1167 2013 1390 2053 conscivit.
1450 2014 1561 2055 Sub·
1574 2025 1766 2064 Appiuesibi

135 2062 235 2104 inde
264 2076 452 2121 arreptus
482 2082 505 2107 a
539 2067 588 2108 P.
621 2068 867 2108 numitorio
900 2067 974 2123 Sp.
999 2068 1181 2125 Oppius,
1205 2071 1424 2124 proximus
1455 2071 1560 2111 invi·
1575 2078 1761 2125 neeemcou-

135 2119 218 2160 diae
232 2131 261 2169 ¹²,
283 2123 394 2175 quod
421 2123 461 2164 in
489 2124 590 2164 urbe
612 2124 763 2175 fuerat,
779 2139 909 2178 quum
935 2125 1104 2179 injustae
1130 2126 1327 2167 vindiciae
1351 2142 1375 2166 a
1398 2127 1562 2183 collega
1574 2117 1685 2143 senen.

134 2175 389 2220 dicerentur.
449 2179 550 2220 Plus
593 2190 734 2225 tamen
778 2182 892 2221 facta
923 2181 1078 2235 injuria
1120 2182 1280 2238 Oppio,
1313 2198 1438 2238 quam
1475 2199 1559 2225 non
1574 2199 1693 2236 Oppius

137 2232 364 2286 prohibita,
388 2235 558 2277 invidiae
582 2236 698 2279 fecit.
727 2238 843 2278 testis
875 2240 1117 2291 productus,
1140 2242 1225 2294 qui,
1249 2250 1409 2294 septem
1434 2251 1477 2280 et
1501 2242 1560 2281 vi·
1574 2257 1746 2283 accusatur.

133 2289 239 2345 giuti
261 2293 513 2333 enumerans
535 2293 772 2348 stipendiis,
795 2295 927 2334 octies
949 2296 977 2317 ⁶¹
997 2304 1118 2335 extra
1145 2297 1335 2337 ordinem
1367 2297 1562 2349 donatus,

410 2388 433 2402 ¹¹¹
456 2387 483 2411 et
498 2382 557 2411 del.
573 2384 660 2412 Crev.
725 2388 740 2403 ¹¹
763 2385 888 2415 invidioe
898 2387 1059 2423 proximus
1072 2387 1166 2416 Gran.
1182 2389 1271 2417 Crev-

177 2462 216 2492 58
228 2461 247 2479 ²*
258 2461 411 2500 Regnum
426 2463 459 2492 in
471 2463 595 2502 plebem
609 2464 741 2502 sortitoe]
761 2465 822 2494 Cui
867 2465 968 2494 tradit
984 2465 1134 2496 homines
1153 2467 1250 2505 vulgo
1266 2468 1469 2499 existimasse
1486 2481 1563 2502 eum
1582 2485 1586 2488 ·

133 2502 202 2533 fato
223 2505 390 2536 videretur
412 2505 540 2543 datum,
567 2510 605 2536 ut
628 2516 766 2544 regnum
791 2512 825 2536 et
861 2508 957 2546 jussu
972 2509 1181 2539 tribunorum
1199 2519 1365 2541 necatum.

133 2548 339 2586 tyrannicam
364 2549 625 2579 dominationem
643 2550 676 2579 in
694 2550 822 2589 plebem
912 2552 980 2580 61*
996 2551 1108 2582 Extra
1135 2554 1276 2582 ordinem
1304 2555 1453 2594 donatus]
1486 2556 1562 2586 Non

137 2595 316 2620 exerceret.
871 2603 945 2623 cum
964 2595 1132 2634 manipulo
1155 2606 1214 2625 suo
1239 2604 1295 2626 aut
1320 2602 1482 2635 centuria,
1506 2601 1563 2630 sed

177 2635 217 2666 59
243 2633 360 2664 Trium
404 2635 621 2674 tribunorum]
677 2636 826 2665 Jusserat
870 2637 957 2666 solus
996 2643 1029 2666 et
1060 2646 1153 2668 extra
1183 2640 1448 2671 commilitonum
1479 2644 1565 2672 ordi.

136 2673 200 2714 legi
217 2676 384 2715 Sigonius,
400 2683 429 2707 et
445 2680 559 2708 trium.
609 2679 765 2709 Voculam
784 2684 826 2716 et,
873 2689 948 2710 nem
990 2680 1142 2711 donatus.
1187 2683 1279 2722 Saepe
1310 2685 1481 2715 universus
1505 2686 1564 2716 ali-

132 2722 291 2756 tanquam
322 2721 538 2760 surperfluam,
566 2731 604 2751 ex
630 2724 827 2752 auctoritate
873 2725 944 2760 quis
975 2723 1164 2763 manipulus
1193 2726 1233 2755 ob
1261 2727 1424 2762 insignem
1457 2729 1491 2758 in
1528 2739 1563 2759 re

135 2769 276 2799 quatuor
289 2764 487 2803 scriptorum
509 2764 699 2795 ‹lelex-imus.
873 2766 1008 2795 militari
1043 2769 1225 2806 prasmnmn
1257 2764 1389 2808 operam
1420 2771 1563 2802 donaba-

175 2804 216 2834 60
239 2805 307 2836 Sibi
333 2813 466 2838 mortem
493 2808 658 2847 conscivit]
689 2809 826 2849 Dionys.
872 2816 939 2838 tur.
983 2810 1046 2839 Sed
1062 2811 1226 2851 praecipuo
1237 2809 1415 2853 splendore
1438 2815 1561 2844 emine-

916 2857 986 2893 ΡΒ
