1925 3239
141 202 184 237 U.
201 202 239 236 C.
256 209 330 239 434.

143 249 182 280 A.
198 250 234 280 C.
249 253 326 282 318.

142 1856 257 1887 lterum
274 1857 341 1886 vin—

142 1904 256 1928 cuntur

141 1943 292 1972 Samnites
307 1952 326 1970 a

141 1986 225 2014 Coss.

358 103 435 142 512
894 94 1030 140 TIT!
1060 93 1228 140 L1v11'

355 211 433 242 rat.
493 199 644 258 Itaque
673 217 804 258 quum
838 218 931 258 spes
965 204 1077 245 nulla
1109 214 1234 254 esset,
1264 203 1424 244 diutius
1457 203 1651 244 obsessos
1682 202 1778 246 ino-

354 260 467 312 piam
492 259 661 307 laturos,
684 261 821 301 coacti
845 262 1069 310 Samnites,
1091 262 1163 314 qui
1197 261 1249 301 ad
1285 260 1502 301 Luceriam
1533 270 1670 301 castra
1701 261 1777 302 ha-v‘

355 315 529 366 heb-ant,
553 316 737 370 undique
758 317 988 358 contractis
1014 318 1186 367 viribus,
1208 317 1446 372 signanum
1472 315 1645 372 Papirio
1675 332 1778 358 con·

359 371 485 411 ferre.
1713 373 1716 376 ’

413 427 540 468 XIV.
566 427 647 468 Per
668 428 707 468 id
733 437 913 482 tempus,
938 429 1182 483 parantibus
1206 429 1394 483 utrisque
1415 442 1458 468 se
1480 427 1532 468 ad
1555 427 1774 482 proelium,

353 482 483 538 legati
506 483 724 525 Tarentini
750 486 1047 534 interveniunt,
1069 485 1372 526 denunciantes
1396 484 1658 524 Samnitibus
1693 483 1780 524 Ro-

355 541 593 594 manisque,
619 552 663 580 ut
689 540 839 580 bellum
864 542 1123 581 omitterent.
1146 556 1219 596 per
1242 552 1356 581 utros
1379 541 1576 588 stetisset,
1592 554 1678 594 quo
1702 539 1790 580 mi·-¹

354 609 432 637 nus
455 598 737 637 discederetur
760 598 812 636 ab
835 598 973 646 armis,
996 598 1194 637 adversus
1217 612 1289 637 eos
1321 612 1364 637 se
1394 611 1470 651 pro
1500 596 1641 636 alteris
1672 610 1782 652 pug-

353 663 541 693 naturos.
605 651 663 694 Ea
696 653 907 707 legatione
944 651 1135 708 Papirius
1169 654 1327 701 audita,
1351 653 1521 708 perinde
1553 668 1602 693 ac
1636 664 1777 693 motus

351 709 478 749 dietis
500 723 661 759 eorum,
682 724 778 749 cum
812 709 976 764 collega
1009 724 1052 750 se
1084 711 1497 751 communicaturum
1534 709 1777 763 respondit:

353 766 579 819 adeitoqne
601 780 666 814 eo,
689 780 818 820 quum
844 775 1007 820 tempus
1031 780 1154 806 omne
1177 767 1219 806 in
1240 767 1440 820 adparatu
1465 765 1782 816 consumsisset,

353 824 604 862 conlocutus
637 822 688 862 de
722 836 763 862 re
797 821 907 863 haud
940 822 1084 872 dubia,
1104 827 1136 849 ⁴⁶
1151 823 1318 879 signum
1357 836 1511 877 pugnae
1545 821 1782 876 proposuit.

351 877 596 931 Agentibus
618 878 762 919 divina
785 878 1064 932 humanaque,
1086 893 1182 933 quae
1204 878 1409 928 adsolent,
1431 893 1560 932 quum
1593 878 1684 918 acie
1713 877 1779 918 di-

354 935 599 975 micandum
630 944 707 985 est,
741 934 1001 985 consulibus,
1035 934 1252 976 Tarentini
1282 935 1412 990 legati
1443 935 1683 983 obcursare,
1715 947 1778 974 re-

353 1005 555 1045 sponsum
578 1001 888 1045 exspectantes3
910 992 1063 1046 quibus
1087 991 1281 1046 Papirius
1303 993 1386 1031 ait:
1420 990 1619 1044 Auspicia
1641 1004 1779 1030 secuns-

354 1047 408 1087 ‹la
443 1061 538 1097 esse,
579 1047 802 1097 Tarentini,
834 1047 1034 1100 pullarius
1072 1049 1249 1088 nunciat.
1289 1047 1450 1088 litatum
1484 1053 1675 1100 prceterea
1719 1053 1776 1087 est

355 1103 524 1158 egregie.
546 1103 774 1144 auctoribus·
797 1103 911 1153 Diis,
930 1111 973 1144 ut
992 1104 1153 1154 videtis,
1174 1104 1228 1144 ad
1249 1119 1329 1144 rem
1348 1103 1564 1158 gel-endam
1589 1102 1776 1156 proficis-

355 1161 496 1200 cimur.
537 1161 667 1215 Signa
691 1161 786 1200 inde
810 1160 904 1201 ferri
923 1161 1065 1214 jussit,
1087 1171 1130 1201 et
1150 1161 1294 1215 copias
1313 1160 1477 1209 eduxit,
1501 1159 1772 1200 vanissimam

355 1216 576 1271 increpans
600 1228 784 1271 gentem,
807 1231 916 1270 quae,
939 1231 1105 1257 suarum
1130 1217 1326 1271 inpotens
1348 1230 1482 1257 rerum
1505 1231 1589 1270 prae
1609 1216 1778 1256 domes-

357 1273 451 1313 ticis
474 1273 752 1313 seditionibus
774 1273 1094 1327 discordiisque‚
1116 1273 1205 1314 aliis
1239 1274 1412 1314 modum
1447 1273 1566 1327 pacis
1597 1287 1646 1312 ac
1679 1271 1775 1315 beili

356 1329 494 1369 faeere
527 1344 695 1383 aequum
729 1339 930 1369 censeret.
990 1330 1200 1370 Samnites
1232 1344 1285 1370 ex
1322 1340 1438 1384 parte
1470 1328 1613 1379 altera,
1642 1342 1774 1383 quum

355 1399 523 1426 omnem
547 1400 688 1426 eumin
714 1386 806 1426 belli
832 1387 1104 1436 remisissent,
1124 1388 1223 1440 quia
1245 1397 1318 1427 aut
1340 1399 1486 1440 pacem
1509 1399 1605 1425 vere
1628 1385 1774 1440 cupie—

356 1442 473 1493 bant,
495 1454 568 1482 aut
590 1443 845 1496 expediebat
871 1443 1080 1492 simulare,
1104 1453 1149 1482 ut
1178 1442 1429 1483 Tarentinos
1460 1442 1539 1482 sibi
1571 1441 1775 1482 concilia-

355 1510 462 1548 rent,
484 1513 615 1553 quum
650 1501 875 1539 instructos
910 1510 1081 1554 repente
1112 1499 1163 1539 ad
1201 1513 1385 1554 pugnam
1422 1498 1638 1539 Romanos
1671 1511 1774 1538 con*

356 1556 608 1610 spexissent,
632 1555 871 1605 vociferari,
891 1563 921 1584 ⁴⁷
937 1570 974 1595 se
1002 1555 1043 1596 in
1074 1556 1313 1596 auctoritate
1347 1554 1654 1596 Tarentinorum
1684 1568 1772 1594 ma-

355 1626 460 1663 nere,
493 1626 560 1652 nec
592 1612 815 1652 descendere
847 1612 889 1651 in
921 1612 1060 1662 aciem,
1081 1626 1148 1652 nec
1181 1619 1293 1652 extra
1325 1610 1476 1654 vallum
1507 1625 1620 1652 arma
1637 1608 1776 1666 ferre.

357 1667 553 1722 Deceptos
579 1668 727 1723 potius,
760 1667 1032 1723 quodcumque
1063 1683 1176 1709 casus
1193 1667 1330 1724 ferat,
1344 1682 1558 1723 passuro-5,
1578 1681 1699 1723 quum
1726 1674 1774 1707 nt

354 1725 542 1779 sprevisse
554 1725 666 1778 pacis
684 1732 861 1765 auctores
880 1723 1111 1765 Tarentinos
1125 1725 1350 1765 videantur.
1381 1723 1573 1778 Accipere
1587 1737 1629 1775 se
1648 1737 1772 1774 omen,

355 1781 548 1821 consules
570 1782 702 1830 aiunt,
724 1788 760 1821 et
781 1795 866 1822 eam
881 1781 1040 1835 precari
1061 1788 1225 1822 mentem
1253 1780 1449 1830 hostibus,
1469 1787 1515 1820 ut
1543 1794 1590 1820 ne
1619 1779 1774 1820 vallum

353 1838 509 1892 quidem
542 1837 771 1893 defendant.
831 1837 934 1892 Ipsi,
955 1839 1064 1878 inter
1095 1853 1138 1878 se
1170 1838 1336 1892 partitis
1365 1837 1514 1891 copiis,
1537 1836 1772 1878 succedunt

353 1895 538 1935 hostium
574 1894 862 1943 munimentis,
884 1903 939 1944 et,
960 1894 1084 1934 simul
1117 1895 1299 1948 undique
1331 1894 1483 1943 adorti,
1512 1907 1642 1947 quum
1677 1907 1773 1948 pars

353 1950 484 1992 fossas
508 1951 742 2006 explerent,
763 1965 858 2005 pars
883 1950 1081 1990 vellerent
1102 1950 1272 2000 vallum,
1293 1960 1418 2005 atque
1448 1950 1489 1989 in
1513 1949 1644 1990 fossas
1673 1963 1770 2004 proq-

352 2016 535 2058 ruerent,
556 2022 633 2048 nec
664 2007 794 2047 virtus
829 2007 954 2047 modo
988 2007 1127 2056 insita,
1148 2007 1219 2047 sed
1249 2007 1309 2047 ira
1340 2007 1482 2056 etiam,
1503 2006 1772 2047 exulceratos

352 2064 589 2120 ignominia
622 2063 856 2104 stimularet
887 2064 1063 2113 animos,
1101 2075 1240 2104 castra
1277 2063 1486 2104 invasere:
1530 2071 1574 2102 et
1611 2066 1686 2116 pro
1724 2075 1771 2103 se

350 2121 543 2175 quisque,
561 2135 638 2160 non
655 2119 954 2176 haecjicrculas,
967 2134 1033 2160 nec
1063 2119 1271 2168 Caudium,
1292 2134 1360 2160 uec
1378 2119 1502 2159 saltus
1521 2118 1651 2159 invios
1671 2132 1771 2168 esse,

350 2178 420 2217 ubi
447 2191 618 2218 errorem
638 2176 771 2232 [ναμε
803 2176 970 2231 superbe
1001 2176 1180 2225 vicisset3
1207 2176 1275 2217 sed
1309 2175 1535 2217 Romanam
1566 2175 1770 2225 virtutem,

349 2248 468 2288 quam
499 2248 563 2274 nec
595 2233 762 2283 vallum,
792 2248 859 2274 nec
875 2231 1002 2288 fossoe
1038 2240 1226 2283 arcerent,
1265 2241 1560 2281 memorantes,
1596 2231 1770 2272 caeduut

350 2292 504 2344 pariter
528 2290 768 2329 resistentes
790 2290 1003 2343 fusosque,
1027 2288 1202 2329 inermes
1224 2299 1350 2344 atque
1380 2298 1582 2338 armatos,
1612 2301 1769 2338 servos,

349 2347 518 2397 liberos,
545 2347 736 2401 puberes,
767 2345 1006 2400 inpuberes„
1039 2345 1245 2396 homines,
1269 2346 1564 2400 jumentaque.
1595 2357 1674 2385 nec
1704 2344 1768 2385 ul-

347 2403 432 2444 lum
455 2402 731 2457 superfuisset
754 2401 924 2451 animal,
946 2402 988 2442 ni
1008 2401 1199 2443 consules
1221 2402 1406 2456 receptui
1429 2402 1596 2457 signum
1627 2399 1768 2441 dedis-

345 2470 452 2509 sent,
474 2459 703 2512 avidosque
723 2459 852 2499 eaedis
875 2457 1028 2498 milites
1057 2473 1080 2499 e
1112 2459 1258 2499 castris
1289 2458 1474 2499 hostium
1506 2456 1683 2511 imperio
1714 2470 1766 2497 ac

345 2517 472 2556 minis
502 2516 777 2570 expulissent.
839 2513 989 2568 Itaque
1019 2515 1131 2570 apud
1163 2515 1347 2556 infensos
1379 2515 1434 2555 ob
1457 2511 1764 2567 interpellatam

346 2572 610 2613 dulcedinem
644 2572 717 2612 irae
748 2569 974 2613 confestim
1005 2571 1141 2613 oratio
1172 2571 1319 2613 habita
1347 2580 1424 2624 est,
1457 2579 1502 2612 ut
1541 2569 1765 2610 doceretur

388 2713 429 2742 46
455 2711 592 2749 Signum
612 2710 749 2751 pugnce]
768 2711 932 2743 Tunicam
956 2721 1034 2751 pur·
1079 2710 1224 2750 manere]
1242 2711 1282 2742 Se
1297 2711 1486 2745 Tarentinis
1510 2711 1598 2751 pacis
1622 2710 1767 2741 auctori·

314 2760 317 2763 '
347 2755 581 2796 p21r12ani.Yi‹l.
600 2762 668 2784 not.
683 2758 734 2788 43).
753 2755 791 2785 ad
808 2766 835 2785 o,
859 2756 905 2784 12.
921 2754 942 2784 Ι.
957 2754 1012 2785 Vl.
1079 2755 1151 2791 bus,
1167 2765 1283 2794 pacem
1305 2755 1534 2794 suadentibus,
1547 2763 1649 2795 usque
1671 2753 1766 2786 obse·

387 2801 426 2832 47
442 2799 458 2816 ἰ
473 2798 514 2828 ‚Se
531 2800 562 2828 in
579 2800 769 2828 auctoritate
786 2798 1035 2829 matutinorum
1079 2798 1135 2837 qui
1149 2798 1243 2829 velle.
