1991 3250
189 252 230 284 U.
250 254 285 285 C.
302 260 376 291 379.

189 297 229 326 A.
247 298 283 328 C.
301 302 375 334 373.

192 341 226 370 L.
244 342 376 382 PapiriO,

189 384 244 412 &0⁴
262 388 314 416 Tr.

190 426 260 456 Mil.

189 470 252 498 Lex
269 473 305 501 de
319 483 377 502 aere

189 513 302 546 alieno„

188 557 236 584 De
253 560 341 588 modo

189 609 345 637 agrorum.

187 659 236 687 De
250 663 376 692 consula

185 705 222 732 tu
237 704 369 742 plebeio.

176 1792 263 1820 Nulli
277 1801 369 1821 curu—

177 1836 219 1863 {es
237 1837 347 1874 inagis-

175 1882 277 1907 iratus
296 1888 350 1916 per

173 1921 348 1960 quinquen-

173 1973 272 1997 nium.

399 152 476 187 386
920 153 1265 192 T1T1Liv11

405 268 490 307 quo
513 253 555 294 in
578 255 828 310 magistratu
855 255 1027 296 sibimet
1050 256 1128 309 ipsi
1152 255 1262 295 viam
1283 253 1333 295 ad
1356 264 1519 295 ceteros
1534 254 1717 297 honores
1738 267 1837 312 ape*

404 311 549 351 rirent.
578 317 611 337 ⁴0
625 312 841 366 creatique
878 312 1036 352 tribuni
1059 312 1110 352 C.
1143 312 1331 352 Licinius
1370 323 1413 352 et
1448 311 1496 351 L.
1533 312 1706 354 Sextius
1739 329 1838 368 pro-

405 367 648 423 mulgavere
683 368 797 424 leges
830 383 977 409 omnes
1008 369 1206 409 adversus
1238 382 1340 423 opes
1373 368 1666 423 patriciorum,
1687 378 1730 409 et
1760 384 1837 426 pro

403 424 640 465 commodis
674 425 834 480 plebis:
869 439 994 464 unam
1017 425 1068 464 de
1101 439 1184 465 aerc
1214 425 1366 474 alieno,
1397 434 1458 474 ut,
1480 424 1665 466 deducto
1699 439 1751 466 eo
1783 427 1835 468 de

403 480 554 535 capite,
579 481 694 535 quod
728 482 863 522 usuris
897 489 1240 535 pernumeratum
1272 491 1395 531 esset,
1419 481 1476 530 id,
1497 481 1612 536 quod
1645 495 1837 537 superes·

403 546 480 588 set,
515 537 697 578 triennio
731 537 864 592 aequis
903 537 1171 591 portionibus
1206 537 1541 592 persolveretur:
1573 537 1749 579 alteram
1781 539 1835 580 de

402 593 531 634 modo
553 608 768 648 agrorum,
792 608 844 634 ne
865 593 958 648 quis
982 593 1074 648 plus
1094 598 1123 618 ⁴¹
1140 593 1376 650 quingenta
1398 594 1555 649 jugera
1587 595 1674 650 agri
1699 596 1835 650 possi-

377 649 541 690 -de1·et:
574 651 756 700 tertiam,
779 665 831 690 ne
854 650 1122 690 tribunorum
1143 650 1327 691 militum
1347 651 1523 692 comitia
1545 651 1708 702 fierent,
1729 666 1831 693 con-

403 705 627 761 sulumque
647 710 679 730 “¹²
698 707 840 761 utique
859 705 965 746 alter
985 720 1038 746 ex
1061 706 1184 761 plebe
1201 717 1427 761 crearetur.
1449 718 1605 748 cuncta
1625 708 1831 764 ingentia,

401 772 445 802 et
466 776 562 817 quae
587 764 676 804 sine
698 763 930 803 certamine
952 763 1143 804 maximo
1164 763 1348 804 obtineri
1371 778 1456 804 non
1478 774 1664 818 possent.
1725 765 1832 806 Om-

399 819 520 860 nium
558 819 690 875 igitur
725 819 850 860 simul
881 833 1035 870 rerum,
1068 833 1246 874 quarum
1281 820 1495 861 inmodica
1527 822 1684 876 cupido
1722 821 1831 862 inter

397 875 597 917 mortales
619 886 697 926 est,
720 877 826 931 agri,
849 877 1057 931 pecuniae,
1079 876 1306 927 honorum,
1327 876 1569 918 discrimine
1592 880 1827 933 proposito,

398 933 616 973 conterriti
654 933 801 973 Patres
843 947 972 988 quum
1011 933 1305 988 trepidassent,
1339 933 1520 988 publicis
1568 934 1831 990 privatisque

396 989 588 1030 consiliis
621 990 740 1030 nullo
774 989 960 1030 remedio
995 989 1092 1039 alio,
1123 998 1279 1045 praeter
1312 1000 1532 1045 expertam
1566 990 1710 1031 multis
1738 991 1832 1045 jam

396 1056 495 1087 ante
530 1047 834 1087 certaminibus
867 1046 1228 1097 intercessionem,
1247 1047 1437 1097 invento,
1469 1046 1652 1103 collegas
1684 1048 1831 1089 adver-

395 1117 464 1143 sus
501 1104 751 1144 tribunicias
784 1104 1029 1158 rogationes
1065 1112 1434 1159 comparaverunt.
1464 1103 1557 1158 qui,
1585 1103 1659 1144 ubi
1693 1105 1827 1146 tribus

393 1160 445 1200 ad
469 1160 720 1216 suffragium
756 1160 987 1201 ineundum
1022 1161 1142 1200 citari
1173 1175 1198 1200 a
1235 1159 1417 1211 Licinio,
1440 1160 1675 1215 Sextioque
1709 1161 1828 1202 vide-

393 1227 508 1268 runt,
531 1217 675 1272 stipati
713 1217 888 1257 Patrum
911 1216 1134 1272 praesidiiS,
1156 1231 1235 1257 nec
1268 1216 1435 1257 recitari
1469 1218 1727 1273 rogationeS,
1749 1231 1828 1260 nec

393 1273 596 1314 sollemne
630 1273 860 1328 quidquam
898 1273 1010 1314 aliud
1046 1274 1098 1314 ad
1136 1273 1401 1314 sciscendum
1437 1273 1550 1328 plebi
1589 1274 1678 1315 fieri
1716 1274 1836 1330 passi>

392 1340 505 1371 sunt.
564 1330 748 1385 Jamque
781 1330 936 1371 frustra
966 1344 1080 1385 saepe
1111 1330 1296 1371 concilio
1328 1330 1552 1381 advocato,
1584 1345 1716 1386 quum
1751 1345 1831 1386 pro

391 1387 624 1442 antiquatis
664 1387 906 1443 rogationes
942 1397 1110 1439 essent3
1153 1385 1264 1427 Bene
1297 1386 1430 1437 habet,
1460 1387 1599 1441 inquit
1635 1387 1828 1428 Sextius.

391 1443 717 1500 qnandoquidem
750 1451 906 1484 tantam
934 1442 1250 1484 intercessionem
1273 1442 1426 1497 pollere
1451 1443 1608 1497 placet,
1632 1443 1706 1484 isto
1739 1444 1829 1498 ipso

389 1500 466 1541 telo
497 1501 726 1542 tutabimur
753 1500 922 1555 plebem.
983 1499 1222 1555 Agitedum‚
1252 1500 1415 1540 comitia
1444 1499 1626 1550 indicite,
1658 1499 1826 1553 Patres,

391 1558 571 1599 tribunis
589 1557 768 1599 militnm
789 1557 1121 1612 creancliafnoeo,
1140 1557 1318 1612 nejuvet
1339 1571 1414 1597 vox
1431 1556 1525 1606 ista,
1550 1554 1725 1608 VETO,
1746 1571 1828 1613 qua

391 1629 495 1655 nnnc
519 1616 764 1656 concinentes
783 1613 954 1670 collegas
975 1620 1131 1654 nostros
1164 1620 1247 1654 tam
1280 1613 1361 1653 laeti
1387 1612 1558 1654 auditis.
1618 1612 1748 1655 Haud
1772 1614 1826 1655 ir-

391 1671 485 1712 ritae
507 1672 699 1713 cecidere
731 1671 885 1712 minae:
916 1670 1105 1721 comitia,
1125 1680 1280 1725 praeter
1311 1669 1498 1710 aedilium
1533 1670 1826 1711 tribunorum-

390 1743 473 1783 que
496 1727 644 1784 plebis,
669 1727 781 1769 nulla
804 1735 901 1768 sunt
920 1727 1082 1768 habita.
1145 1727 1334 1767 Licinius
1367 1726 1639 1780 Sextiusque,
1661 1727 1822 1768 tribuni

390 1784 525 1840 plebis
548 1785 708 1835 refecti,
730 1784 867 1825 nullos
899 1783 1064 1825 curules
1097 1784 1369 1838 magistratus
1401 1784 1532 1823 creari
1566 1783 1676 1838 passi
1709 1792 1825 1824 sunt.

388 1856 521 1897 eaque
544 1843 728 1884 solitudo
752 1843 1093 1897 magistratuum,
1109 1850 1152 1880 et
1173 1840 1297 1896 plebe
1319 1839 1536 1880 reficiente
1557 1840 1823 1883 duosltribu-

388 1913 481 1950 nos,
519 1909 562 1940 et
602 1899 666 1940 his
707 1899 885 1940 comitia
923 1897 1185 1938 tribunorum
1224 1896 1409 1937 militum
1447 1895 1709 1948 tollentibus,
1747 1910 1821 1952 pet

388 1957 730 2012 quinquennium
755 1956 901 1996 urbem
924 1955 1075 1995 tenuit.
1233 1998 1239 2002 ¹

445 2012 680 2054 XXXVI.
710 2011 807 2052 Alia
838 2010 946 2052 bella
977 2019 1217 2066 opportune
1249 2009 1470 2064 quievere:
1503 2008 1708 2050 Veliterni
1743 2023 1820 2050 co-

386 2069 489 2122 loni,
512 2073 542 2094 ⁴³
557 2070 788 2126 gestientes
811 2069 916 2120 otio,
932 2068 1046 2123 quod
1069 2067 1207 2108 nullus
1227 2067 1440 2107 exercitus
1460 2065 1682 2106 Romanus
1697 2074 1826 2117 esset,

385 2135 429 2166 et
465 2140 613 2182 agrum
649 2126 893 2167 'Romanum
938 2125 1162 2179 aliquoties
1197 2124 1477 2172 incursavere,
1512 2131 1555 2162 et
1584 2122 1820 2164 Tusculum

384 2183 639 2239 obpugnare
661 2182 795 2223 adorti
820 2191 932 2222 sunt.
963 2195 1095 2236 eaque
1116 2196 1194 2230 res,
1215 2179 1465 2220 Tusculanis
1507 2180 1718 2220 veteribus
1753 2194 1821 2220 so-

383 2240 477 2292 ciis,
501 2240 623 2282 novis
645 2239 825 2290 civibus,
847 2253 971 2294 opem
994 2238 1226 2287 orantibus,
1243 2236 1497 2277 verecundia
1525 2236 1714 2278 maxime
1735 2250 1821 2278 non

422 2357 465 2385 40
491 2354 662 2394 Crecttique
675 2355 796 2384 tribuni
817 2353 848 2384 C.
869 2353 1023 2389 Licinius,
1046 2356 1078 2382 et
1162 2354 1197 2382 41
1227 2352 1417 2391 ‚Quingeula
1437 2347 1565 2389 jugera
1595 2348 1685 2388 agri]
1717 2348 1820 2388 Juge-

380 2398 422 2428 L.
440 2398 584 2438 Sextius]
605 2398 666 2427 Hic
682 2396 869 2427 Dodwvllus
887 2403 1005 2435 praercr
1023 2394 1076 2425 Li·
1119 2405 1193 2425 runi
1217 2395 1377 2424 ducentos
1400 2398 1433 2423 et
1456 2393 1675 2432 quadraginta
1696 2393 1730 2422 in
1747 2391 1818 2422 lon-

378 2442 420 2470 vii
439 2448 599 2476 mentem,
618 2448 655 2470 ut
669 2447 839 2480 putamus,
855 2439 911 2469 sed
935 2444 1010 2479 apte
1035 2438 1075 2468 ad
1119 2438 1303 2477 gitudinem
1322 2438 1432 2477 pedes,
1449 2445 1582 2466 centuni
1601 2441 1635 2465 et
1651 2435 1768 2474 viginti
1787 2435 1821 2466 in

379 2485 522 2514 rationes
538 2493 701 2514 annorum
719 2484 943 2522 sequentium,
960 2482 1073 2511 inserit
1120 2481 1330 2511 latitudinem
1356 2479 1506 2512 hain-bat.
1550 2478 1665 2509 'restes
1686 2479 1821 2518 Quinti-

375 2537 501 2558 annum
528 2537 645 2564 unum,
662 2527 716 2556 cui
737 2527 888 2556 tribunos
912 2524 1075 2555 consulari
1119 2524 1198 2554 lian.
1216 2525 1236 2553 l.
1255 2525 1279 2554 1.
1298 2524 1406 2553 instit.
1425 2532 1455 2551 c.
1468 2526 1498 2556 9.
1515 2521 1630 2558 Varro,
1647 2520 1668 2550 1.
1687 2521 1711 2550 Χ.
1729 2521 1768 2551 de
1786 2531 1819 2552 re

377 2576 542 2609 potestate
571 2571 716 2608 assignat
755 2569 791 2599 L.
826 2569 1005 2608 Papirium,
1038 2567 1075 2598 L.
1120 2568 1268 2603 Rustica,
1284 2577 1311 2597 c.
1342 2570 1389 2596 10.
1407 2573 1439 2595 et
1458 2565 1572 2595 isidor.
1589 2563 1611 2594 l.
1627 2562 1698 2593 XV.
1717 2574 1746 2594 c.
1768 2568 1818 2596 15.

376 2613 584 2650 menimn,
600 2615 669 2642 Ser.
692 2613 889 2653 Sulpicium,
905 2613 973 2641 Ser.
999 2611 1076 2640 Cor·
1164 2611 1234 2641 42*
1252 2609 1381 2650 Utique]
1401 2609 1508 2639 Certe.
1554 2608 1599 2638 Ut
1622 2616 1754 2637 necesse
1770 2618 1820 2638 es·

373 2656 513 2690 nolimu,
532 2663 729 2686 memorato<
747 2667 764 2685 :t
787 2655 931 2685 Diodoro
954 2655 994 2684 ad
1017 2663 1075 2684 an·
1119 2658 1170 2683 set
1197 2653 1337 2683 alterum
1368 2652 1486 2682 saltem
1516 2662 1534 2681 e
1561 2650 1751 2681 consulibus
1775 2660 1816 2681 ex

373 2709 453 2729 num
472 2699 677 2738 Olympiadis
697 2700 782 2729 (3111.
800 2699 957 2738 primum.
994 2698 1075 2737 Qui·
1119 2697 1212 2737 plebe
1229 2696 1344 2725 creari.

371 2743 431 2772 bus
457 2743 625 2772 rationum
654 2742 833 2771 moun-unis
851 2741 1014 2772 adductus
1042 2740 1076 2769 id
1161 2739 1420 2770 43⁸*Geseientes
1464 2738 1540 2776 otio]
1599 2735 1818 2777 Impatientes

370 2786 471 2815 fas-iat
497 2785 701 2821 lhuiwt-nuc,
733 2784 807 2813 vidt-
834 2783 920 2823 apud
947 2785 1070 2823 ipsum,
1115 2783 1188 2819 otii,
1208 2787 1243 2812 et
1265 2787 1395 2811 motuni
1420 2789 1577 2819 armaque
1599 2779 1700 2811 alacri
1723 2780 1816 2821 cupi-

362 2828 495 2858 >dim-rt.
536 2829 576 2858 X.
615 2828 653 2857 (le
694 2828 800 2868 cyclis
832 2829 1070 2863 Romanorum,
1116 2826 1221 2857 ditate
1238 2829 1442 2865 appetentes.

365 2875 446 2902 sect.
465 2873 514 2903 82.
