1925 3239
85 233 125 264 U.
141 226 177 264 c.
193 236 268 265 431.

79 278 173 308 A.c.
191 279 266 310 321.

87 957 130 988 U.
147 955 184 985 C.
199 953 272 984 432.

88 1002 126 1030 Α.
143 999 179 1027 C.
197 998 270 1027 3¹20.

89 1043 129 1075 Q.
142 1041 250 1076 Fabio,

88 1087 124 1115 L.
139 1084 247 1114 Fulvio

90 1129 177 1158 Coss.

90 1173 131 1200 A.
147 1172 261 1199 Corne-

90 1214 151 1243 lius
167 1214 263 1242 dicta-

89 1261 150 1286 tor.

92 1414 190 1443 Nocte
206 1421 271 1440 cas-

92 1461 142 1485 tra
156 1456 249 1485 relin-

94 1501 172 1537 quit.

296 122 374 158 492
846 121 984 160 ΤΙΤΙ
1023 120 1190 160 LIVII

294 217 558 262 Tusculanos
579 222 1012 275 animadverteretur3
1043 237 1226 279 quorum
1247 236 1393 264 eorum
1415 238 1498 280 ope
1518 239 1568 266 ac
1589 224 1731 266 consi-

294 275 352 317 lio
376 276 579 318 Veliterni
606 278 958 335 Privernatesque
990 280 1148 335 populo
1184 280 1382 321 Romano
1415 281 1572 322 bellurn
1607 281 1731 322 fecis-

295 343 404 374 sent.
465 333 655 389 Populus
677 335 940 377 Tusculanus
962 352 1060 377 cum
1093 336 1352 391 conjugibus
1385 352 1434 378 ac
1466 337 1607 378 liberis
1641 337 1731 379 Ro-

295 403 410 430 mam
434 392 565 432 venit.
593 406 642 432 ea
663 393 908 442 multitudo,
931 403 1046 433 veste
1070 403 1246 441 mutata,
1268 401 1311 432 et
1330 395 1363 445 {³⁸²
1376 394 1516 448 specie
1548 407 1730 443 reorum,

295 447 433 486 tribus
463 448 631 498 circuit,
664 450 845 504 genibus
877 463 920 489 se
955 449 1144 489 omnium
1180 449 1424 490 advolvens.
1463 450 1556 504 plus
1589 450 1732 505 itaque

297 502 586 544 misericordia
608 504 658 545 ad
686 520 826 559 poenae
846 505 1012 546 veniam
1037 505 1346 559 inpetrandam,
1364 520 1492 560 quam
1513 521 1661 546 caussa
1679 506 1733 547 ad

298 559 461 599 crimen
486 562 752 615 purgandum
784 561 928 602 valuit.
988 561 1141 601 Tribus
1174 576 1336 612 omnes,
1358 572 1513 616 praeter
1537 561 1734 613 Polliam,

299 615 576 670 antiquarunt
598 617 752 672 legem.
815 617 963 658 Polliae
988 617 1200 658 sententia
1222 617 1316 668 fuit,
1341 619 1518 673 puberes
1541 620 1735 659 verbera-

299 680 366 712 tos
388 673 544 721 necari,
568 674 773 727 conjuges
797 673 1035 727 liberosque
1059 674 1137 714 sub
1156 689 1314 714 corona
1335 675 1429 729 lege
1450 675 1544 716 belli
1567 676 1731 716 venii-e:

299 729 635 784 memoriamque
668 730 760 783 ejus
797 730 869 770 irae
905 729 1156 771 Tusculanis
1197 731 1237 771 in
1276 746 1419 786 poenae
1455 742 1540 772 tum
1579 732 1736 772 atrocis

300 794 494 824 auctores
517 786 718 826 mansisse
753 786 832 826 adk
866 797 1032 841 patrum
1069 796 1240 827 aetatem
1273 798 1455 838 constat,
1478 802 1555 828 nec
1587 802 1736 843 quern-

299 855 427 894 quam
450 840 582 883 ferme
603 856 655 883 ex
701 842 837 883 Pollia
870 844 982 883 tribu
1017 843 1291 884 candidatum
1327 847 1356 871 ⁹³
1375 844 1590 900 Papiriam
1633 844 1742 886 serre

300 897 486 938 solitum.

359 953 640 995 XXXVIII.
674 953 918 1010 Insequenti
941 970 1068 1006 anno,
1093 957 1148 1002 Q.
1172 956 1320 1006 Fabio,
1343 960 1374 984 ⁹⁴
1390 957 1437 997 L.
1461 957 1613 998 Fulvio
1634 971 1737 998 con-

301 1010 476 1060 sulibus,
502 1010 551 1052 A.
576 1009 798 1052 Cornelius
821 1012 982 1053 Arvina
1001 1012 1187 1053 dictator
1208 1022 1251 1053 et
1272 1013 1338 1053 M.
1362 1013 1519 1054 Fabius
1550 1014 1738 1056 Ambus-

302 1075 368 1108 tus
387 1068 590 1122 magister
611 1069 818 1121 equitum,
842 1078 956 1110 metu
980 1070 1188 1124 gravioris
1211 1070 1254 1110 in
1277 1070 1452 1111 Samnio
1486 1070 1581 1111 beili
1613 1076 1734 1123 (con-

300 1124 430 1164 ducta
450 1125 560 1164 enim
586 1126 722 1179 pretio
745 1140 770 1165 a
792 1126 982 1166 finitimis
1006 1125 1212 1179 juventus
1244 1126 1484 1175 dicebatur)
1509 1128 1737 1168 intentiore

303 1180 468 1221 delectu
488 1180 652 1229 habim,
673 1183 892 1237 egregium
916 1183 1151 1223 exercitum
1174 1183 1373 1224 adversus
1396 1183 1606 1224 Samnites
1628 1184 1738 1224 dux-

302 1246 440 1277 erunt.
512 1237 664 1278 Castra
709 1240 750 1278 in
780 1239 950 1279 hostico
991 1239 1200 1280 incuriose
1233 1240 1292 1280 ita
1333 1241 1485 1295 posita,
1520 1249 1737 1295 tamquam

303 1293 453 1348 procul
486 1295 653 1334 abesset
685 1294 844 1336 hostis:
886 1310 1016 1350 quum
1051 1296 1193 1336 subito
1232 1297 1439 1337 advenere
1481 1297 1737 1338 Samnitium

303 1350 491 1406 legiones
525 1360 642 1391 tanta
672 1350 846 1401 ferocia,
877 1362 923 1392 ut
955 1352 1108 1393 vallum
1140 1367 1272 1407 usque
1302 1354 1353 1394 ad
1387 1353 1613 1394 stationem
1648 1353 1738 1395 Ro-

304 1421 472 1448 manam
498 1406 712 1448 inferrent.
773 1408 873 1449 Nox
890 1409 981 1463 jam
1004 1405 1258 1464 adpetebat:
1291 1410 1330 1450 id
1359 1409 1578 1464 prohibuit
1601 1411 1738 1451 muni-

305 1474 450 1504 menta
470 1464 641 1504 adoriri.
664 1478 741 1505 nec
763 1465 1101 1516 dissimulabant,
1123 1476 1216 1506 orta
1247 1465 1340 1507 luce
1365 1474 1532 1521 postero
1561 1467 1629 1507 die
1653 1467 1740 1508 fac·

306 1530 438 1561 turos.
502 1519 712 1571 Dictator,
737 1522 808 1562 ubi
831 1523 1071 1577 propiorem
1105 1537 1178 1577 spe
1199 1523 1520 1564 dimicationem
1542 1523 1738 1574 vidit,'ne

304 1577 487 1617 militum
510 1577 652 1617 virtuti
685 1578 842 1618 damno
874 1577 990 1619 locus
1024 1590 1147 1629 esset,
1172 1580 1343 1634 ignibus
1376 1580 1533 1620 crebris
1566 1579 1738 1631 relictis,

304 1634 376 1688 qui
400 1643 678 1688 conspectum
703 1633 888 1675 hostium
911 1635 1224 1685 frustrarentur,
1246 1636 1415 1677 silentio
1431 1635 1619 1692 legiones
1635 1637 1738 1678 edu-

305 1691 391 1731 cit:
435 1687 512 1730 n'ec
550 1698 690 1730 tamen
723 1690 867 1732 fallere
899 1701 1071 1747 propter
1103 1693 1466 1748 propinquitatem
1504 1701 1739 1734 castrorum

307 1747 461 1800 potuit.
522 1745 662 1801 Eques
701 1748 917 1802 extemplo
957 1749 1169 1790 insecutus
1203 1749 1264 1789 ita
1296 1750 1452 1790 institit
1484 1749 1660 1804 agmini,
1681 1759 1743 1800 ut,

306 1803 443 1843 donec
478 1803 722 1853 lucesceret,
757 1804 913 1858 proelio
946 1805 1192 1846 abstineret.
1227 1820 1280 1846 ne
1317 1805 1531 1861 pedestres
1565 1806 1738 1860 qu‘idem

306 1860 443 1914 copiae
467 1868 564 1900 ante
586 1859 722 1900 lucem
745 1862 889 1902 castris
912 1875 1108 1915 egressae.
1171 1861 1325 1917 Eques,
1347 1862 1440 1903 luce
1460 1862 1634 1903 demum
1668 1877 1742 1904 au-

308 1931 376 1956 sus
399 1917 612 1957 incursare
635 1917 677 1957 in
702 1916 880 1967 hostem,
904 1918 1114 1973 carpendo
1137 1919 1405 1969 novissimos,
1426 1919 1743 1973 premendoque

306 1973 462 2027 iniquis
495 1973 545 2014 ad
583 1973 806 2014 transitum
839 1974 957 2024 locis,
991 1989 1144 2030 agmen
1176 1975 1373 2016 detinuit.
1409 1977 1579 2016 interim
1615 1976 1740 2031 pedes

308 2030 493 2083 equitem
525 2029 777 2081 adsecutus3
820 2040 862 2070 et
894 2031 994 2072 totis
1021 2032 1113 2085 jam
1145 2032 1282 2087 copiis
1317 2032 1483 2073 Samnis
1517 2033 1740 2088 urguebat.
1777 2035 1780 2039 ’

309 2084 417 2126 Tum
449 2086 646 2137 dictator,
668 2095 893 2142 postquam
927 2087 1016 2128 sine
1048 2102 1207 2144 magno
1240 2089 1513 2130 incommodo
1546 2089 1742 2145 progredi

931 2192 945 2213 ¹‘
969 2196 1002 2224 in
1018 2194 1108 2225 CreV.

311 2269 410 2299 Porro
447 2268 629 2299 Tusculani
660 2267 899 2300 rebellaverant
928 2280 1005 2301 cum

311 2313 428 2342 ceteris
445 2311 571 2341 Latinis
586 2325 592 2342 :
618 2323 655 2342 ac
673 2313 858 2343 rebellionis
876 2324 1005 2353 poenam

313 2356 411 2395 pauci
428 2360 578 2385 auctores
593 2357 833 2386 sustinuerant.
865 2355 936 2386 vid.
953 2368 1007 2387 su·-

309 2408 370 2438 pra
385 2409 412 2427 c.
433 2401 481 2428 Η.
528 2398 618 2428 Nihil
634 2399 673 2428 de
690 2400 728 2428 iis
753 2405 866 2438 postea
882 2400 921 2429 ad
946 2400 1006 2430 hoc

310 2451 414 2480 usque
430 2446 562 2480 tempus
579 2441 690 2472 Livius
706 2442 815 2472 habet.
853 2443 914 2472 Sed
930 2443 1003 2473 illos

310 2485 399 2514 circa
427 2484 496 2513 haec
526 2488 677 2523 tempora
699 2494 810 2515 rursus
833 2485 1006 2516 rebellasse

311 2527 478 2565 colligitur
501 2537 539 2556 ex
565 2527 681 2558 Plinio.
725 2528 798 2558 Vid.
821 2536 890 2560 not.
914 2529 956 2559 ad
979 2540 1006 2559 c.

312 2579 464 2608 sequens.

356 2618 397 2647 92
408 2614 544 2651 *Specie
560 2614 702 2654 reorum]
720 2614 793 2644 vid.
810 2620 879 2644 not.
897 2617 952 2648 713.
968 2615 1007 2646 ad

314 2654 372 2685 Vl.
399 2659 445 2688 17.
462 2665 572 2695 supra.

355 2702 395 2733 93
422 2698 592 2737 Papiriam
599 2699 711 2739 serre]
736 2699 853 2730 Tribus
872 2701 1008 2740 Papiriae

311 2742 503 2779 suffragium
528 2742 624 2779 feri-v,
650 2743 716 2772 sive
735 2743 924 2783 impetrare.
970 2744 1009 2774 ln

314 2785 475 2824 Papiriam
505 2795 623 2824 nempe
668 2786 793 2816 tribum
829 2787 1010 2817 Tusculani

313 2828 436 2867 recepti
455 2828 636 2868 plurimum
654 2829 685 2859 in
702 2838 740 2860 ea
763 2833 927 2870 poterant.
978 2829 1008 2860 1-

1049 2271 1123 2301 dem
1139 2274 1249 2301 narrat
1266 2271 1338 2301 Val.
1355 2272 1445 2302 Max.
1460 2272 1483 2303 1.
1502 2273 1559 2303 lx.
1576 2283 1605 2303 c.
1625 2278 1675 2305 10.

1091 2319 1132 2346 9}
1157 2315 1198 2345 L.
1219 2315 1341 2355 Fulvio]
1370 2316 1419 2345 De
1435 2326 1474 2345 eo
1490 2319 1537 2346 sic
1560 2317 1660 2348 habet
1676 2317 1740 2348 Pli-

1051 2358 1139 2394 nius,
1156 2357 1178 2387 Ι.
1194 2357 1267 2388 Vll.
1282 2368 1310 2388 c.
1327 2361 1379 2389 43.
1426 2359 1487 2389 Est
1503 2365 1533 2389 et
1550 2360 1591 2390 L.
1611 2361 1746 2392 Fulvius

1049 2403 1134 2430 inter
1151 2402 1291 2439 insignia
1311 2404 1470 2442 evemplo,
1489 2401 1746 2434 Tusculanarum

1047 2445 1271 2474 ‘rebellanti-nm
1295 2447 1412 2482 consul,
1434 2446 1599 2486 eodemque
1620 2448 1747 2483 honore,

1049 2497 1148 2526 qnam
1163 2488 1339 2525 transisset,
1355 2493 1528 2519 exornatus
1548 2488 1711 2528 cmgfestim
1726 2499 1748 2520 a

1046 2532 1161 2570 populo
1178 2530 1321 2560 Romano
1331 2543 1340 2560 .·
1363 2532 1419 2570 qni
1433 2533 1516 2562 solus
1531 2532 1635 2562 eodem
1650 2543 1746 2570 anno,

1051 2573 1243 2613 quosuerat
1267 2575 1373 2612 hostis,
1398 2574 1508 2604 Romoe
1529 2577 1746 2615 triumphavit

1052 2627 1091 2647 ea:
1123 2619 1161 2646 iis
1190 2627 1326 2656 quarum
1355 2619 1465 2647 consul
1481 2616 1619 2655 [κεναί.
1664 2619 1746 2649 Ha‘c

1053 2659 1228 2689 conciliare
1259 2669 1334 2690 cum
1368 2659 1451 2690 Livii
1486 2661 1676 2691 narratione
1708 2662 1747 2692 de

1052 2703 1251 2733 Tusculanis
1277 2703 1366 2733 hand
1391 2702 1486 2733 facile
1508 2709 1570 2734 est.
1613 2704 1747 2735 Trium-

1054 2746 1156 2785 phum
1174 2745 1287 2775 Fulvio
1301 2746 1456 2777 tribuunt
1479 2747 1658 2788 Capitolini
1674 2748 1747 2779 Fas—

1054 2790 1093 2826 ti,
1110 2788 1167 2820 sed
1183 2788 1222 2820 de
1238 2789 1454 2820 samnitibus.
