1914 3239
58 201 160 233 :sanus
174 201 247 230 belli

60 250 94 273 et
107 246 191 282 pacis
206 246 252 274 in-

61 288 131 317 dex.

63 981 132 1015 Dea
141 969 270 1020 ¹Egeria.

275 95 326 130 ΞΒ
780 87 954 126 ,“ΤΙΤ1
992 86 1161 125 len

276 191 371 231 cem
395 187 602 245 populum
625 200 836 228 armorum
860 185 1138 227 desuetudine
1158 192 1286 235 ratus,
1308 188 1339 211 ‘2⁷
1355 183 1382 225 J
1387 197 1514 224 anum
1537 183 1589 224 ad
1613 182 1708 223 infi-

277 259 396 288 mum
415 244 708 301 wsb-gneum,
726 243 910 283 indicem
928 242 1045 296 pacis
1062 241 1260 296 bellique,
1275 240 1398 282 fecit:
1417 250 1584 293 apertus
1602 241 1709 279 utin

270 303 403 344 armis
433 316 524 342 esse
545 301 761 341 civitatem
779 316 790 348 ς
831 297 998 338 clausus
1020 306 1194 351 pacatos
1226 298 1339 338 circa
1360 310 1506 339 omnes
1528 294 1710 350 populos

276 359 552 415 significaret.
614 356 688 396 Bis
719 353 873 395 deinde
904 362 1001 407 post
1025 352 1184 394 Numae
1205 367 1386 408 regnum
1408 351 1574 392 clausus
1592 350 1710 394 fuit:

276 414 404 456 semel
427 414 478 454 T.
504 412 671 453 Manlio
694 409 883 459 consule,
906 418 1002 463 post
1026 409 1237 450 Punicum
1270 410 1452 463 primum
1475 407 1714 462 perfectum

272 472 462 512 bellum:
496 470 661 517 iterum,
684 467 798 521 quod
831 475 985 505 nostrae
1018 465 1134 505 aetati
1167 465 1240 505 Dii
1272 465 1494 513 dederunt,
1521 473 1568 503 ut
1596 462 1713 502 vide-

276 542 430 577 remuS,
453 534 550 580 post
580 523 740 564 bellum
771 521 1016 570 Actiacum,
1041 521 1095 561 ab
1130 520 1392 575 Imperatore
1423 521 1593 561 Caesare
1625 517 1714 558 Au-

274 595 419 638 gusto,
443 596 547 636 pace
570 589 677 619 terra
701 578 890 631 marique
914 585 1046 631 parta.
1101 576 1348 627 Clauso-eo,
1367 591 1497 631 quum
1523 574 1714 616 omnium

278 641 392 680 cirea
422 637 700 678 finitimorum
724 635 929 675 societate
953 647 1002 673 ac
1035 632 1272 674 foederibus
1297 633 1515 688 junxisset
1536 632 1715 680 animos,

278 695 427 751 positis
449 703 723 734 externorum
754 689 1042 744 periculorum
1063 689 1190 739 curis,
1214 703 1266 730 ne
1288 689 1605 730 luxuriarentur
1625 689 1715 728 otio

277 751 426 800 animi,
456 763 562 806 quos
597 756 734 788 metus
771 746 957 787 hostium
997 745 1308 800 disciplinaque
1346 745 1538 785 militaris
1577 743 1716 784 conti-

277 815 452 857 nuerat3
487 805 679 846 omnium
711 803 913 857 primunr,
935 812 1040 851 rem,
1066 802 1119 842 ad
1141 801 1459 842 multitudinem
1491 800 1717 855 inperitam

278 874 322 906 et
350 864 431 904 illis
454 861 608 902 seculis
639 860 801 908 rudem,
821 857 1179 908 efficacissimam,
1203 858 1396 899 Deorum
1426 867 1587 898 metum
1619 855 1719 909 inji-

280 920 479 961 ciendum
512 927 626 958 ratus
657 925 735 957 est.
785 915 858 969 qui
890 928 1023 968 quum
1062 914 1318 955 descendere
1347 914 1402 955 ad
1432 914 1598 954 animos
1629 913 1720 953 sine

281 977 425 1032 aliquo
448 982 693 1016 commento
711 970 905 1013 miraculi
928 985 1014 1011 non
1035 980 1191 1024 posset,
1213 970 1386 1012 simulat
1405 970 1487 1011 sibi
1509 983 1608 1010 cum
1628 968 1723 1010 Dea

276 1033 440 1089 ,Egeria
458 1044 710 1085 congressus
739 1037 973 1069 nocturnos
1000 1041 1114 1068 esse:
1143 1027 1236 1082 ejus
1255 1042 1298 1068 se
1326 1027 1507 1076 monitu,
1524 1041 1622 1081 quae
1649 1039 1722 1065 ac-

272 1089 528 1144 ceptissima
544 1087 636 1128 Diis
658 1094 813 1135 essent,
835 1098 954 1125 sacra
975 1083 1219 1135 instituere3
1251 1084 1490 1124 sacerdotes
1512 1097 1609 1124 suos
1629 1081 1720 1122 cui-

280 1161 364 1202 que
389 1145 577 1193 Deorum
610 1142 844 1198 praeficere.
903 1140 1047 1195 Atque
1069 1141 1264 1182 omnium
1286 1141 1487 1196 primum,
1507 1142 1540 1166 ‘²⁹
1553 1140 1605 1180 ad
1628 1153 1722 1179 cur-

325 1237 365 1270 ‘27
390 1234 534 1271 danum]
556 1232 634 1261 ¹lani
654 1231 772 1261 aedeni.
800 1230 907 1260 Janus
923 1239 982 1260 an-

279 1279 490 1318 tiquissimus
514 1276 602 1307 Latii
627 1284 683 1305 rex
705 1274 784 1311 fuit,
807 1272 981 1312 multaque

281 1323 325 1353 ad
340 1323 418 1351 ritae
435 1329 532 1350 usum
545 1318 731 1349 necessaria
744 1318 871 1357 primus
883 1316 982 1346 rudes

283 1371 358 1395 tum
389 1364 540 1393 homines
576 1360 721 1391 edocuit.
778 1359 984 1397 pingebatur

283 1408 423 1443 bifrons,
443 1405 619 1444 aliquando
639 1404 740 1433 etiam
760 1401 980 1441 quadrifrons.

283 1452 384 1481 Plura
407 1450 446 1479 de
461 1459 500 1479 co
518 1448 581 1477 vid.
599 1446 687 1487 apud
711 1445 859 1476 Macrob.
882 1443 908 1474 Ι.
925 1445 982 1474 Sa-

284 1501 376 1524 turn.
393 1504 421 1523 e.
437 1496 469 1526 7.
485 1498 519 1521 et
535 1490 719 1530 praesertim
738 1493 769 1522 9.

329 1539 369 1567 23
395 1535 601 1573 Argiletum]
631 1531 816 1562 (Tolliculus
845 1531 912 1561 fuit
942 1530 984 1561 ad

284 1580 448 1609 orientem
477 1577 617 1606 Palatini
651 1575 787 1612 montis,
815 1575 847 1604 in
873 1575 984 1604 sorum

286 1623 475 1653 Romanum
493 1628 643 1658 vergens.
682 1617 798 1647 Varias
813 1617 912 1656 hujus
929 1626 986 1656 ap-

287 1665 475 1705 pellationis
493 1672 607 1693 causas
626 1660 713 1697 vide,
729 1661 754 1690 si
773 1660 879 1697 lubet,
897 1659 986 1700 apud

287 1709 436 1739 Servium
454 1706 495 1735 ad
510 1704 602 1734 x'lll.
620 1703 749 1733 AEneid.
768 1713 796 1732 v.
813 1706 887 1733 345.

331 1753 371 1785 29
394 1750 448 1781 Ad
468 1758 602 1779 cursum
620 1745 719 1784 luna]
749 1745 801 1776 De
818 1755 906 1776 anno
922 1746 988 1775 Ro-

288 1804 388 1825 mano
411 1793 482 1822 haec
498 1791 566 1821 sei-e
591 1790 692 1821 habet
709 1789 856 1819 Mam-ob.
882 1788 907 1818 1.
931 1789 988 1818 Sa-

286 1835 412 1867 lui-nal.
437 1845 530 1874 capp.
562 1835 607 1863 12.
636 1836 683 1863 13.
708 1839 742 1862 et
767 1835 814 1862 Η.
838 1831 954 1861 Annus
971 1842 991 1861 a

286 1879 430 1911 Romulo
453 1878 625 1907 ordinatus
648 1875 767 1906 babuit
789 1884 919 1905 menses
935 1875 990 1904 de-

287 1933 374 1959 cem,
391 1922 459 1951 dies
481 1927 625 1959 quatuor
641 1926 675 1948 et
698 1922 879 1948 trecentos.
925 1917 990 1947 Sed

289 1975 392 2005 quum
410 1965 464 1994 hic
481 1971 639 2002 numerus
653 1971 760 2000 neque
773 1960 849 1990 solis
863 1961 989 1997 cursui,

289 2018 398 2047 neque
436 2007 524 2037 lunae
561 2004 744 2036 rationibus
783 2004 988 2040 conveniret,

289 2052 473 2081 identidem
502 2054 637 2079 tantum
665 2047 793 2078 dicrum
821 2047 892 2076 sine
922 2046 990 2076 ullo

290 2095 413 2124 mensis
445 2093 579 2122 nomine
612 2090 856 2126 assumebatur,
884 2099 989 2128 quan-

290 2144 363 2167 tuni
389 2136 429 2166 ad
454 2135 622 2165 defectum
647 2133 741 2163 illum
765 2132 989 2172 supplendum

289 2190 372 2219 opus
399 2180 493 2208 foi-et.
533 2177 647 2207 Numa
672 2176 713 2206 ad
740 2176 828 2206 lunae
853 2185 988 2206 cursum

291 2224 324 2253 in
357 2222 529 2252 duodecim
564 2228 693 2249 menses
725 2219 900 2258 descripsit
931 2228 990 2248 an-

291 2275 386 2302 num,
411 2264 548 2303 adjectis
571 2262 731 2292 Januario
754 2267 788 2291 et
812 2261 990 2291 Februario

290 2309 470 2338 iriensibus.
499 2305 561 2336 Sed
574 2306 652 2343 quia
667 2304 841 2336 duodecim
860 2314 990 2335 menses

292 2352 423 2381 lunares
441 2360 504 2379 non
522 2349 674 2378 efficiunt
697 2348 758 2378 nisi
775 2347 844 2387 dies
861 2351 991 2377 trecen-

291 2399 342 2423 tos
366 2393 609 2433 quinquaginta
631 2396 787 2430 quatuor,
804 2390 990 2428 desuntque

293 2437 360 2466 dies
387 2436 542 2465 undecim
570 2444 647 2464 cum
673 2434 870 2472 quadrante,
890 2437 926 2462 ut
951 2432 991 2462 ad

292 2480 406 2509 solaris
433 2479 510 2508 anni
541 2478 639 2508 finem
669 2477 901 2516 perveniatur;
933 2475 991 2505 hos

295 2521 440 2552 residuos
465 2522 532 2550 dits
557 2521 674 2556 octies,
689 2518 841 2558 exemplo
866 2528 884 2548 a
901 2518 991 2548 (ἕπεο-

294 2567 339 2593 vis
355 2572 502 2602 sumpto,
516 2563 770 2602 multiplicatos,
782 2563 829 2592 ita
842 2568 880 2591 ut.
892 2570 993 2591 nona-

295 2608 388 2638 ginta
414 2607 482 2636 dies
508 2607 734 2641 efficerentur,
760 2606 807 2635 itu
833 2614 889 2644 per
916 2608 992 2633 octo

295 2659 459 2679 annorum
491 2650 636 2687 spatium
672 2647 923 2687 dispensabant,
955 2652 992 2677 ut

295 2693 430 2721 biennio
446 2701 575 2730 qunque·
602 2701 705 2720 ιιιιιιῐτι
724 2700 871 2721 mensem
890 2691 991 2720 inter-

295 2735 456 2770 calarent,
480 2735 535 2771 qui
560 2734 694 2762 alternis
723 2734 815 2762 binos
844 2734 990 2762 vicenos-

295 2788 371 2816 que,
391 2777 525 2807 alto-ritis
550 2784 659 2806 tei-nn:
678 2784 711 2805 ct
736 2777 866 2805 vicenos
891 2776 990 2806 habe-

1023 2734 1260 2762 -coutinnrenn

1026 1233 1078 1259 ret
1101 1228 1182 1258 dies.
1219 1228 1345 1258 verum
1368 1228 1483 1258 Numa
1505 1235 1610 1256 unum
1635 1225 1723 1256 diem

1026 1282 1115 1302 anno
1129 1281 1190 1302 suo
1212 1271 1247 1301 in
1264 1271 1424 1301 honorem
1441 1270 1577 1310 imparis
1593 1270 1726 1299 numeri

1027 1315 1219 1345 addiderat:
1261 1313 1351 1344 unde
1388 1313 1504 1351 fiebat,
1533 1318 1573 1343 ut
1607 1318 1725 1347 octavo

1027 1368 1158 1396 quoque
1184 1367 1272 1387 anuo
1301 1360 1375 1387 octo
1405 1356 1616 1386 abundarent
1646 1355 1727 1386 dies.

1026 1401 1075 1431 Ut
1091 1401 1168 1431 huic
1184 1400 1398 1430 incommodo
1417 1404 1644 1435 occurrerent,
1661 1404 1729 1428 ter-

1025 1445 1074 1474 tio
1099 1453 1230 1482 quoque
1255 1443 1411 1472 octennio
1437 1451 1504 1471 non
1531 1443 1729 1481 nonaginta,

1027 1485 1085 1517 sed
1115 1497 1170 1516 sex
1198 1490 1231 1516 et
1255 1486 1429 1524 sexaginta
1458 1490 1594 1515 tantum
1626 1486 1728 1515 inter-

1028 1529 1183 1560 calabant
1198 1529 1278 1559 dies.
1312 1529 1366 1559 lta
1382 1532 1500 1567 quarto
1518 1532 1551 1558 et
1569 1529 1728 1567 vigesimo

1029 1573 1164 1602 demum
1194 1582 1295 1609 anno,
1316 1572 1424 1611 plenis
1448 1572 1599 1602 oninium
1625 1580 1730 1601 anno-

1029 1625 1104 1646 rum
1121 1617 1249 1655 spatiis,
1262 1616 1330 1644 dies
1348 1624 1424 1644 cum
1441 1615 1517 1644 solis
1534 1624 1633 1644 cursu
1651 1623 1729 1644 con-

1030 1659 1207 1697 grucbant.
1247 1657 1308 1688 His
1324 1663 1437 1687 autem
1455 1658 1610 1688 omnibus
1626 1658 1730 1688 inter-

1031 1701 1251 1732 calationibus
1275 1701 1462 1731 destinatus
1491 1706 1564 1730 erat
1589 1701 1730 1731 Februa-

1033 1745 1101 1775 rius
1133 1745 1268 1780 mensis,
1295 1745 1390 1783 cujus
1419 1747 1494 1783 post
1526 1744 1664 1774 tertium
1697 1747 1732 1773 et

1033 1788 1229 1817 vicesimum
1245 1787 1333 1817 diem
1347 1786 1619 1817 intercalabatur.
1649 1786 1730 1816 Haec

1034 1840 1100 1860 non
1126 1831 1244 1860 inscite
1264 1831 1417 1860 ordinata
1439 1830 1596 1860 turbabat
1621 1830 1733 1869 ponti-

1035 1874 1152 1909 ficum,
1182 1874 1301 1912 quibus
1331 1874 1411 1903 anni
1449 1872 1620 1912 digerendi
1652 1882 1733 1902 cura

1034 1916 1236 1946 demandata
1275 1922 1360 1953 erat,
1392 1917 1513 1956 partim
1551 1916 1735 1956 imperitia,

1035 1960 1157 1998 partim
1185 1959 1345 1990 ambitio:
1378 1960 1433 1997 qni
1460 1964 1587 1989 temere
1611 1968 1648 1988 ac
1671 1967 1731 1998 pro

1034 2003 1182 2039 libidine,
1203 2003 1236 2032 in
1264 2003 1404 2041 gratiam
1431 2011 1518 2041 saepe
1539 2001 1733 2042 publicano-

1034 2055 1109 2075 rum
1139 2051 1200 2076 aut
1229 2046 1417 2085 principum
1451 2045 1572 2075 civium
1604 2053 1732 2074 anuum

1035 2094 1094 2119 aut
1115 2089 1334 2118 decurtabant
1354 2090 1425 2118 sine
1452 2089 1650 2118 necessitate
1674 2092 1734 2118 aut

1035 2131 1273 2172 producebant.
1323 2132 1410 2162 Huic
1442 2131 1628 2161 confusioni
1659 2134 1734 2161 tan-

1035 2174 1110 2205 dem
1128 2175 1311 2205 remedium
1325 2175 1439 2204 attulit
1455 2174 1598 2204 dictator
1610 2174 1734 2211 Caesar,

1034 2218 1271 2257 AEgyptiosque
1286 2219 1438 2247 imitatus
1455 2227 1580 2247 annum
1592 2216 1734 2247 solarem

1035 2261 1198 2297 instituit,
1229 2271 1293 2300 quo
1325 2261 1525 2298 etiamnum,
1556 2260 1735 2290 emendato

1035 2310 1150 2333 tamen
1172 2304 1205 2333 in
1230 2304 1442 2342 quibusdam,
1458 2304 1597 2334 utimur.
1628 2302 1732 2333 Henr.

1036 2346 1227 2376 Dodwellus
1252 2347 1392 2378 Dissert.
1416 2347 1459 2377 X.
1475 2346 1515 2376 de
1540 2345 1648 2385 Cyclis
1671 2346 1736 2376 Ro-

1037 2399 1228 2426 manorum,
1255 2395 1337 2420 sect.
1367 2393 1437 2421 108.
1465 2395 1579 2419 censet
1607 2398 1734 2419 annum

1037 2433 1169 2463 Romuli
1200 2444 1217 2461 e
1252 2434 1421 2462 mensibus
1460 2433 1588 2469 decem,
1620 2431 1736 2462 dicbus

1036 2478 1111 2506 301.
1142 2477 1301 2506 fictitium
1328 2485 1412 2513 esse,
1436 2485 1496 2505 nec
1524 2483 1671 2514 unquam
1699 2475 1734 2505 in

1038 2528 1098 2547 usu
1115 2519 1205 2548 civili
1219 2519 1319 2549 fuisse
1335 2530 1341 2548 :
1371 2519 1439 2548 lieri
1456 2523 1570 2548 tamen
1589 2518 1736 2557 potuisse

1038 2566 1077 2591 ut
1093 2571 1200 2592 annus
1216 2562 1304 2602 apud
1317 2563 1483 2592 Romanos
1500 2562 1607 2601 primo
1619 2560 1735 2590 decem

1039 2606 1204 2635 niensium
1222 2605 1336 2641 fuerit,
1354 2604 1411 2634 sed
1434 2605 1483 2634 ita
1498 2609 1535 2635 ut
1557 2604 1670 2634 decem
1689 2602 1736 2633 illi

1038 2657 1168 2677 menses
1191 2652 1302 2678 totum
1319 2648 1433 2677 solaris
1449 2657 1565 2677 cursus
1588 2646 1734 2686 spatium

1037 2690 1264 2727 exhaurirent,
1293 2701 1352 2720 nec
1380 2691 1449 2720 dies
1475 2693 1550 2722 2304.
1577 2689 1633 2719 sed
1662 2689 1735 2720 365.

1308 2734 1398 2763 ldem
1432 2733 1509 2763 ibid.
1542 2737 1623 2763 sect.
1664 2735 1734 2763 100.

1035 2776 1113 2806 anni
1153 2776 1277 2806 lunaris
1319 2776 1578 2813 ordinationem,
1610 2784 1682 2814 quoe
1717 2784 1735 2805 a
