1925 3239
348 102 425 135 410
891 101 1028 139 '11T1
1067 100 1238 140 LIVII

136 206 176 236 υ.
193 208 229 258 c.
247 212 320 241 394.
349 206 524 252 totoque
541 213 720 254 corpore
742 201 962 243 ⁵⁹interior
982 202 1169 258 periculo
1191 201 1373 243 vulneris
1391 202 1543 254 factus,
1564 203 1772 246 insinuas-

137 253 171 280 Α·
190 254 225 281 0·
244 256 318 284 3·ὃὸ·
346 265 408 293 set
429 269 473 295 se
496 257 602 297 inter
619 272 772 313 corpus
794 273 1009 313 armaque,
1029 275 1112 300 uno
1136 260 1351 314 alteroque
1368 261 1549 301 subinde
1569 261 1654 302 ictu
1668 277 1771 302 ven-

345 320 448 351 trem
481 323 609 367 atque
639 315 815 370 inguina
845 314 1001 366 hausit,
1031 325 1074 356 et
1109 316 1150 356 in
1184 317 1366 371 spatium
1397 316 1546 372 ingens
1577 328 1767 358 ruentem

343 371 533 421 porrexit
555 369 934 426 bostem.jacentis
958 372 1055 412 inde
1075 387 1243 427 corpus,
1265 374 1318 412 ab
1342 375 1456 412 omni
1479 373 1561 413 alia
1576 374 1768 414 vexatio-

341 437 394 464 ne
418 425 638 476 intactum,
662 441 746 467 uno
775 437 923 482 torque
946 428 1168 481 spoliavit:
1200 443 1323 483 quem
1352 443 1588 484 respersum
1622 444 1769 470 cruore

340 480 449 521 collo
479 482 760 523 circumdedit
790 498 880 524 suo.
944 484 1162 526 Defixerat
1199 500 1332 540 pavor
1359 500 1455 526 cum
1487 486 1768 527 admiratione

340 536 502 579 Gallos.
562 539 762 588 Romani,
783 541 939 581 alacres
961 542 1015 581 ab
1033 543 1215 582 statione
1236 543 1403 582 obviam
1430 542 1551 582 militi
1575 557 1650 582 suo
1670 557 1768 598 pro-

338 595 484 647 gressi,
516 596 776 650 gratulantes
806 596 1108 651 laudantesque
1137 597 1190 638 ad
1221 598 1471 639 dictatorem
1513 599 1763 653 perducunt.

336 652 369 674 ⁶⁰
387 649 503 692 Inter
524 652 755 693 carminum
780 667 911 708 prope
933 653 1105 694 modum
1136 655 1354 695 incondita
1382 655 1576 709 quaedatn
1610 655 1765 695 milita-

337 706 436 747 riter
460 707 717 762 joculantes,
746 708 950 764 Torquati
985 707 1222 765 cognomen
1255 711 1474 762 auditum3
1505 711 1763 752 celebratum

334 763 488 805 deinde
511 766 688 820 posteris
709 766 834 806 etiam
859 765 1118 820 familiaeque
1140 767 1289 807 honori
1313 767 1409 808 fuit.
1471 767 1668 808 Dictator
1689 783 1764 808 co·

333 833 479 860 ronam
504 835 670 862 auream
704 822 868 864 addidit
897 823 1073 874 donum,
1096 824 1297 879 mirisque
1328 838 1404 879 pro
1435 825 1641 865 concione
1671 838 1764 866 eam

334 889 520 931 pugnam
545 878 739 919 laudibus
760 880 864 919 tulit.

392 933 479 974 XI.
513 933 580 985 Et,
605 935 804 985 Hercule,
828 935 931 976 tanti
954 950 1002 976 ea
1025 935 1077 977 ad
1109 935 1291 977 universi
1315 935 1410 977 belli
1441 946 1637 978 eventum
1669 951 1762 978 mo·

122 988 201 1046 (jam
219 990 250 1017 in
333 991 463 1030 menti
486 991 707 1033 dimicatio
729 992 824 1040 fuit,
848 1002 892 1032 ut
911 992 1130 1033 Gallorum
1161 993 1372 1033 exercitus
1402 993 1600 1048 proxima
1621 1002 1760 1044 nocte,

120 1036 321 1104 ffd'sspssssans,
334 1047 490 1088 relictis
513 1049 675 1103 trepide
696 1049 857 1099 castris,
880 1050 920 1088 in
940 1048 1160 1090 Tiburtem
1185 1063 1351 1104 agrurn,
1373 1060 1500 1103 atque
1519 1050 1629 1100 inde,
1652 1051 1760 1090 soci-

118 1122 205 1147 eunt.
332 1113 444 1144 etate
469 1104 561 1145 belli
587 1104 714 1153 facta,
733 1114 1058 1160 commeatuque
1081 1106 1263 1162 benigne
1285 1107 1338 1145 ab
1368 1105 1616 1147 Tiburtibus
1637 1107 1759 1161 adju-

331 1169 415 1210 tus,
457 1175 556 1201 mox
600 1161 641 1201 in
678 1161 955 1217 Campaniam
993 1163 1218 1203 transierit.
1278 1161 1341 1203 Ea
1373 1162 1456 1203 fuit
1492 1177 1654 1212 caussa,
1683 1177 1760 1203 cur

122 1224 302 1274 1'.(.29:›.
330 1218 528 1271 proximo
559 1232 671 1258 anno
708 1218 758 1259 C.
797 1218 1004 1259 Poetelius
1038 1219 1198 1260 Balbus
1230 1218 1392 1269 consul,
1413 1233 1542 1273 quum
1577 1218 1755 1275 collegae

116 1268 297 1339 (xlsst'sff
327 1274 418 1328 ejus
442 1274 505 1314 M.
532 1275 663 1315 Fabio
684 1275 898 1316 Ambusto
924 1275 1102 1316 Hernici
1126 1276 1346 1330 provincia
1367 1276 1589 1326 evenisset,
1610 1273 1758 1316 adverss

117 1320 307 1383 3{.1·i{bid⁰'
327 1345 397 1371 sus
429 1330 628 1373 Tiburtes
660 1331 781 1385 jussu
820 1332 963 1387 populi
999 1333 1235 1373 exercitum
1268 1332 1455 1373 duceret.
1486 1333 1539 1373 ad
1573 1346 1752 1387 quorum

115 1398 200 1426 coss.
325 1387 529 1428 auxilium
554 1403 684 1443 quum
717 1388 828 1429 Galli
861 1403 912 1429 ex
947 1388 1185 1444 Campania
1215 1389 1433 1439 redissent,
1455 1388 1586 1430 foedae
1616 1403 1755 1444 popu-

326 1444 502 1485 lationes
533 1445 574 1485 iu
610 1446 838 1494 Lavit-ano,
859 1445 1199 1500 Tusculanoque,
1220 1455 1263 1486 et
1293 1445 1462 1486 Albano
1491 1459 1610 1501 agr0,
1641 1445 1754 1487 haud

325 1501 453 1542 dubie
485 1501 733 1557 Tiburtibus
755 1503 951 1552 ducibus,
974 1511 1071 1543 sunt
1101 1502 1242 1543 i‘actae.
1304 1501 1373 1553 Et,
1392 1516 1530 1556 quum⁴
1554 1502 1752 1543 adversus

324 1556 544 1599 Tiburtem
584 1559 746 1599 hostem
780 1559 888 1599 duce
920 1559 1094 1600 consule
1125 1566 1328 1600 contenta
1359 1558 1595 1614 respublica
1627 1569 1751 1609 esset,

113 1622 152 1653 Q.
165 1621 311 1652 Servilius
326 1614 516 1656 Gallicus
537 1616 742 1657 tumultus
771 1616 1019 1656 dictatorern
1044 1615 1174 1656 creari
1197 1615 1357 1671 co'eEgit.
1387 1626 1552 1656 creatus
1575 1616 1629 1662 Q.
1655 1615 1752 1657 Ser-

113 1665 255 1695 dit-tator.
324 1671 446 1712 vilius
469 1672 604 1712 Ahala
625 1671 674 1712 T.
698 1673 950 1718 Quinctium
975 1673 1223 1727 magistrum
1245 1673 1435 1726 equitum
1459 1672 1570 1712 dixit
1590 1694 1601 1728 3
1630 1682 1672 1712 et
1693 1687 1748 1713 ex

323 1730 578 1770 auctoritate
603 1729 791 1779 Patrum,
814 1729 847 1769 si
870 1743 1068 1784 prospere
1091 1730 1131 1769 id
1157 1728 1311 1769 bellum
1335 1729 1558 1778 evenisset,
1579 1734 1608 1756 ⁶¹
1626 1728 1747 1769 ludos

322 1798 501 1840 magnos
526 1787 654 1827 vovit.
716 1786 927 1836 Dictator,
949 1786 999 1826 ad
1034 1785 1313 1826 continendos
1338 1786 1506 1841 proprio
1543 1784 1652 1832 bello
1673 1784 1747 1826 Ti-

322 1842 463 1882 burtes
505 1843 714 1883 consulari
757 1843 945 1883 exercitu
982 1842 1104 1897 jusso
1140 1856 1323 1892 manere,
1357 1856 1502 1882 omnes
1537 1842 1746 1895 juniores,

109 1913 216 1949 Pugna
231 1922 263 1940 a-
322 1898 435 1939 nullo
462 1899 722 1940 detrectante
752 1899 963 1949 militiam,
986 1909 1250 1940 sacramento
1281 1899 1438 1955 adegit.
1500 1897 1746 1953 Pugnatum

108 1960 264 2008 tfvxfum
319 1954 430 1995 haud
464 1956 608 2011 procul
646 1964 769 2011 porta
797 1955 966 1997 Collina
999 1965 1062 1996 est
1082 1957 1212 1996 totius
1235 1955 1392 1996 viribus
1423 1955 1554 2005 urbis,
1578 1956 1618 1995 in
1641 1969 1745 1996 con-

107 1999 214 2028 ⁶³¹¹²⁵’
320 2023 466 2067 spectu
502 2023 721 2068 parentum
754 2013 1074 2068 conjugumque
1105 2026 1153 2052 ae
1177 2012 1418 2053 liberorum.
1454 2026 1549 2066 quae
1575 2026 1770 2068 magna„

317 2069 443 2109 etiam
483 2070 742 2119 absentibus,
776 2068 1046 2110 hortamenta
1078 2069 1224 2119 animi,
1246 2080 1334 2109 tum
1368 2069 1562 2123 subjecta
1593 2068 1743 2119 oculis,

316 2126 438 2166 simul
491 2126 741 2167 verecundia
790 2126 1162 2180 misericordiaque
1213 2125 1389 2166 militem
1438 2125 1742 2166 accendebant.

316 2180 483 2237 Magna
515 2183 725 2237 utrimque
746 2183 859 2223 edita
888 2182 1019 2231 caede,
1039 2182 1242 2222 avertitur
1263 2182 1431 2222 tandem
1463 2182 1573 2221 acies
1595 2181 1742 2222 Gallo-

317 2252 422 2279 rum.
457 2238 558 2294 fuga
578 2237 727 2288 Tibur,
748 2243 779 2264 ⁶²¹
793 2240 902 2280 sicut
925 2253 1062 2279 arcem
1087 2237 1181 2278 belli
1207 2238 1376 2289 Gallici,
1401 2247 1576 2293 petunt:
1611 2238 1738 2293 palati

314 2310 339 2333 a
361 2296 532 2336 consule
561 2295 743 2338 Poetelio
771 2296 880 2337 haud
906 2294 1049 2350 procul
1083 2294 1239 2336 Tibure
1271 2295 1457 2350 excepti,
1477 2296 1655 2350 egressis
1686 2295 1739 2336 ad

314 2366 434 2404 opem
463 2352 672 2392 ferendam
697 2351 960 2401 Tiburtibus,
980 2351 1100 2391 simul
1124 2366 1219 2392 cum
1245 2352 1309 2392 his
1329 2353 1437 2392 intra
1457 2361 1597 2407 portas
1620 2366 1738 2392 corn-

313 2410 537 2462 ptlluntur.
599 2408 782 2465 Egregie
812 2423 942 2464 quum
966 2409 1018 2448 ab
1050 2408 1272 2459 dictatore,
1295 2419 1383 2449 tum
1406 2409 1458 2450 ab
1480 2407 1651 2449 consule
1673 2421 1737 2448 res

355 2509 394 2540 59
422 2507 560 2536 Interior
573 2509 716 2547 periculo
733 2507 886 2547 vulneres]
910 2508 1000 2537 Intra
1087 2507 1121 2537 61
1153 2507 1262 2537 Ludos
1279 2507 1424 2547 magnos]
1451 2506 1522 2537 Vid.
1540 2511 1609 2537 not.
1625 2508 1676 2537 38.
1695 2506 1736 2537 ad

312 2549 414 2578 ictum
432 2550 542 2585 gladii,
561 2551 579 2579 i.
596 2563 624 2579 e.
642 2552 773 2591 propior
790 2551 887 2587 hosti,
900 2560 998 2590 quam
1043 2562 1070 2580 c.
1088 2553 1139 2584 Ξῖ.
1158 2550 1178 2580 l.
1198 2550 1250 2580 lv.

312 2600 348 2621 ut
366 2592 471 2628 gladio
487 2593 569 2630 ejus,
588 2595 639 2632 qui
660 2593 845 2633 praelongus
861 2598 944 2631 erat,
962 2604 998 2622 :te
1086 2594 1127 2623 62
1152 2594 1241 2624 Sicut
1279 2603 1385 2623 arcem
1418 2593 1489 2623 belli
1521 2593 1652 2629 Gallici,
1676 2603 1734 2632 pe-

311 2636 419 2665 rri-sim
439 2643 568 2665 tantum
588 2638 738 2673 feriebat,
760 2643 867 2677 posset
885 2636 998 2667 xulne-
1043 2637 1130 2676 ΙιιιιΙ]
1159 2636 1278 2667 Melius
1294 2636 1423 2666 videtur
1438 2636 1469 2665 id
1486 2635 1572 2674 quod
1594 2635 1734 2675 Campa·
1913 2644 1925 2680 31

312 2679 386 2708 rari.
1044 2689 1104 2710 nus
1131 2680 1245 2715 edidit,
1262 2685 1295 2709 et
1323 2679 1419 2708 hahet
1445 2689 1574 2717 quoque
1601 2687 1686 2708 unus
1714 2689 1733 2708 e
1912 2683 1915 2704 ι’

355 2723 395 2753 (50
423 2721 509 2751 Inter
523 2723 721 2763 varmimm]
741 2724 831 2754 luter
847 2722 998 2761 jmmlun-
1044 2723 1135 2752 codd.
1155 2723 1288 2753 lle-truii
1303 2735 1308 2751 z
1325 2724 1404 2752 sicut
1417 2732 1521 2753 arcem
1540 2723 1623 2760 belli,
1645 2722 1733 2753 Galli
1911 2721 1914 2777 ἱ

309 2772 359 2794 tes
379 2765 565 2794 mimarum·
580 2767 749 2795 nummulum
761 2767 909 2805 quaedam
927 2777 999 2806 pro-
1037 2770 1163 2806 pctunt.
1911 2781 1913 2788 ·

313 2814 350 2847 pe
368 2809 550 2838 czwmiuum
569 2809 714 2839 modum.
