1991 3250
384 128 462 167 276
935 121 1073 161 TITI
1109 122 1281 160 LIVII

177 241 219 271 U.
238 241 274 271 C.
291 241 364 271 337.

390 224 526 265 Palati
549 223 620 265 alii
638 237 711 279 per
729 237 854 280 agros
875 222 1031 278 passim
1055 222 1199 263 multis
1223 221 1457 271 itineribus,
1479 221 1666 277 majoris,
1686 233 1814 275 quam

175 284 359 314 A.C.415.
387 291 566 336 accepta
594 292 698 331 erat,
719 280 850 320 cladis
883 280 1027 320 nuncii
1062 279 1244 319 Romam
1283 279 1606 319 contenderunt.
1666 277 1821 318 Minus‘

180 699 221 730 Q.
233 697 379 727 Servilius

180 742 322 771 dictator.

185 1345 290 1375 vincit

187 1389 300 1419 hostes.

192 1930 295 1960 Lavici
309 1937 381 1967 cap-

189 1974 227 2003 ti.

196 2393 236 2425 U.
255 2393 292 2423 C.
308 2395 382 2424 338.

196 2438 234 2466 A.
254 2438 291 2466 C.
307 2439 381 2467 414.

195 2481 271 2518 Agr.
291 2480 398 2509 Mene-

198 2525 248 2552 nio
264 2525 304 2553 ΙΙ.
317 2525 372 2555 διε.

196 2568 250 2597 Tr.
267 2568 336 2599 Mil.

389 338 686 393 trepidationis
708 337 802 387 fuit,
823 337 936 391 quod
959 347 1135 376 eventus
1160 336 1299 375 timori
1331 335 1549 375 hominum
1581 345 1820 389 congruens

388 394 554 445 fuerat3
596 405 639 434 et
673 393 787 447 quod
821 392 1024 441 subsidia,
1056 406 1152 447 quae
1187 391 1442 446 respicerent
1480 391 1520 431 in
1561 404 1606 431 re
1642 389 1820 446 trepida,

389 460 626 506 praeparata
663 459 783 490 eraut
824 450 878 489 ab
919 449 1089 489 tribuno
1123 448 1333 488 militum:
1372 448 1581 502 jussuque
1613 446 1820 501 ejusdem,

389 521 464 562 per
484 507 663 548 minores
684 505 954 560 magistratus
974 505 1120 545 sedato
1143 506 1183 544 in
1203 505 1305 545 urbe
1326 504 1523 553 tumultu,
1537 503 1820 559 speculatores

392 577 570 619 propere
593 563 707 603 missi
730 562 996 611 aunei-avere,
1018 560 1191 601 Tusculi
1211 561 1339 601 duces
1362 561 1684 614 exercitumque
1704 571 1821 609 esse3

392 621 556 661 hostem
579 629 716 660 castra
736 618 832 658 loco
855 632 939 657 non
962 617 1160 657 movisse.
1182 627 1237 667 et,
1260 617 1375 671 quod
1406 617 1632 672 plurimum
1658 615 1824 656 animo-

394 691 483 717 rum
518 676 634 725 fecit,
666 676 846 715 dictator
878 688 931 714 ex
967 675 1334 714 senatusconsulto
1364 674 1503 713 dictus
1537 673 1592 719 Q.
1625 671 1825 712 Servilius

394 733 587 782 Priscus3
619 732 696 781 vir,
718 730 841 784 cujus
865 730 1174 785 providentiam
1199 730 1240 770 in
1273 730 1489 784 republica
1516 743 1647 785 quum
1679 727 1823 768 multis

392 790 484 830 aliis
504 787 828 842 tempestatibus
844 797 942 826 aute
962 784 1140 842 experta
1160 787 1309 827 civitas
1328 796 1433 837 erat,
1453 796 1541 827 tum
1560 794 1713 826 eventu
1732 785 1825 839 ejus

395 846 508 895 belli,
528 845 643 899 quod
676 844 749 884 uni
780 853 993 884 certamen
1029 843 1295 883 tribunorum
1330 852 1571 897 suspectum
1607 851 1704 882 ante
1736 853 1824 880 rem

392 901 503 942 male
533 911 696 956 gestam
728 899 895 950 fuerat3
927 900 1128 955 magistro
1159 899 1351 953 equitum
1384 910 1541 950 creato,
1563 914 1587 940 a
1616 912 1701 953 quo
1734 898 1824 952 ipse

396 959 569 999 tribuno
589 957 772 998 militum
801 957 985 997 dictator
1014 966 1104 996 erat
1132 955 1287 1006 dictus,
1310 956 1397 995 filio
1426 969 1517 1006 suo,
1540 966 1588 996 ut
1618 954 1826 995 tradidere

394 1015 584 1070 quidam,
606 1019 723 1066 (nam
746 1013 816 1053 alii
838 1012 1019 1054 Ahalam
1045 1012 1267 1053 Servilium
1292 1012 1540 1068 magistrum
1562 1013 1751 1066 equitum
1775 1023 1827 1050 eo

396 1086 507 1112 anno
542 1071 671 1111 fuisse
704 1070 913 1119 scribunt)
946 1084 1059 1110 novo
1093 1070 1283 1110 exercitu
1319 1068 1531 1125 profectus
1568 1069 1619 1109 ad
1656 1067 1826 1117 bellum,

398 1128 550 1170 adcitis
572 1128 644 1182 qui
667 1126 839 1168 Tusculi
871 1136 1005 1177 erant,
1027 1126 1112 1167 duo
1134 1126 1266 1166 millia
1297 1139 1496 1180 passuum
1530 1125 1584 1166 ab
1616 1125 1739 1166 hoste
1770 1123 1831 1165 lo-

396 1200 495 1227 cum
516 1183 666 1225 castris
693 1183 824 1238 cepit,

455 1239 649 1283 XLVII.
680 1239 921 1280 Transierat
940 1253 993 1279 ex
1016 1253 1060 1280 re
1090 1239 1196 1280 bene
1227 1248 1346 1295 gesta
1376 1238 1571 1294 superbia
1600 1237 1829 1293 neglegen-

400 1299 543 1353 tiaque
564 1298 616 1337 ad
640 1296 820 1351 AEquos,
842 1309 938 1350 quae
973 1296 1015 1336 in
1051 1295 1257 1336 Romanis
1290 1296 1470 1336 ducibus
1503 1295 1654 1342 fuerat.
1687 1295 1831 1349 itaque

399 1355 538 1411 primo
559 1354 703 1394 statim
727 1352 882 1408 proelio
903 1366 1034 1406 quum
1064 1353 1248 1393 dictator
1278 1353 1468 1406 equitatu
1504 1353 1679 1392 inmisso
1711 1361 1830 1391 ante-

399 1413 601 1467 signanos
638 1410 826 1451 hostium
865 1410 1091 1458 turbasset,
1125 1408 1344 1465 legionum
1382 1409 1480 1449 inde
1519 1409 1642 1464 signa
1684 1407 1829 1448 inferri

402 1466 748 1524 properejussit‚
767 1464 1103 1520 signiferumque
1123 1479 1176 1506 ex
1201 1465 1286 1505 suis
1310 1478 1438 1506 unum
1462 1474 1736 1505 cunctantem
1759 1478 1832 1505 oc-

399 1525 519 1566 cidit.
578 1523 738 1564 Tantus
760 1522 885 1563 ardor
905 1522 957 1562 ad
979 1522 1270 1563 dimicandum
1289 1522 1385 1570 fuit,
1410 1530 1456 1562 ut
1488 1523 1680 1576 inpetum
1702 1519 1831 1576 AEqui

400 1596 486 1622 non
510 1580 708 1621 tulerint:
742 1579 930 1633 victique
951 1579 1042 1619 acie
1062 1593 1192 1633 quum
1218 1578 1321 1633 fuga
1341 1578 1477 1619 effusa
1505 1579 1711 1633 petissent
1741 1592 1832 1618 cas·

400 1647 479 1688 tra,
501 1638 669 1678 brevior
701 1648 891 1691 tempore
921 1644 964 1676 et
984 1635 1217 1676 certamine
1248 1637 1386 1675 minor
1406 1644 1641 1676 castrorum
1661 1636 1833 1690 obpug-

400 1694 519 1735 natio
542 1693 636 1743 fuit,
658 1706 786 1747 quam
810 1691 1010 1747 proelium
1033 1691 1183 1732 fuerat.
1219 1691 1368 1746 Captis
1389 1691 1649 1746 direptisque
1669 1693 1833 1744 castris,

401 1765 532 1806 quum
566 1750 750 1804 praedam
782 1749 967 1790 dictator
998 1747 1123 1788 militi
1153 1749 1447 1797 concessisset,
1469 1749 1689 1803 secutique
1719 1748 1832 1804 fugi-

401 1817 545 1848 entem
567 1821 621 1847 ex
644 1806 791 1847 castris
815 1804 980 1845 hostem
1002 1804 1165 1859 equites
1189 1805 1522 1854 renunciassent,
1543 1810 1720 1845 ⁹omnes
1753 1805 1834 1846 La-

403 1865 576 1906 vicanos
599 1863 751 1912 victos,
775 1875 972 1917 magnam
1004 1872 1165 1916 partem
1200 1861 1438 1916 AEquorum
1474 1861 1834 1906 Lavicossconfu-

403 1922 545 1977 gisse3
574 1929 744 1975 postero
765 1919 834 1959 die
855 1919 907 1959 ad
940 1917 1119 1959 Lavicos
1149 1919 1303 1958 ductus
1332 1918 1575 1959 exercitus:
1606 1919 1834 1974 oppidum-

402 1992 500 2033 que,
520 1991 680 2018 corona
712 1975 1038 2024 circumdatum,
1069 1974 1192 2015 scalis
1222 1985 1394 2030 captum
1428 1988 1478 2015 ac
1511 1975 1725 2030 direptum
1757 1984 1836 2017 est.

406 2035 621 2084 Dictator,
659 2032 849 2073 exercitu
891 2032 1053 2072 victore
1095 2030 1278 2072 Romam
1321 2032 1510 2081 reducto,
1555 2031 1625 2072 die
1664 2041 1835 2082 octavo,

403 2105 531 2147 quam
556 2100 722 2132 creatus
751 2098 856 2139 erat,
878 2089 1130 2143 magistratu
1168 2101 1211 2129 se
1243 2088 1487 2138 abdicavit3
1518 2098 1561 2128 et
1596 2098 1837 2144 opportune

405 2157 594 2197 senatuS,
630 2146 876 2202 priusquam
910 2146 964 2186 ab
1001 2145 1181 2185 tribunis
1216 2144 1352 2200 plebis
1383 2145 1561 2200 agruriae
1595 2145 1839 2198 seditiones,

406 2205 626 2246 mentione
657 2202 790 2243 inlata
821 2202 874 2242 de
903 2215 1006 2257 agro
1041 2201 1255 2242 Lavicano
1286 2201 1530 2251 dividendo,
1553 2200 1717 2253 fierent,
1739 2209 1838 2243 cen-

407 2263 493 2302 suit
513 2260 725 2314 frequens,
747 2259 958 2299 coloniam
985 2258 1164 2298 Lavicos
1190 2257 1496 2298 deducendam.
1519 2259 1658 2299 coloni
1685 2260 1740 2300 ab
1772 2273 1838 2299 ur-

407 2319 462 2359 be
482 2316 596 2358 mille
616 2326 659 2357 et
681 2315 903 2371 quingenti
928 2315 1041 2354 missi
1065 2313 1335 2369 binajugera
1355 2324 1627 2370 acceperunt.
1686 2314 1837 2370 Captis

409 2373 593 2423 Lavicis,
631 2388 681 2413 ac
724 2372 877 2415 deinde
917 2371 1097 2412 tribunis
1140 2371 1321 2411 militum
1363 2371 1573 2412 consulari
1613 2381 1838 2427 potestate,

408 2430 601 2486 Agrippa
637 2428 846 2470 Menenio
885 2427 1063 2478 Lanato,
1093 2437 1135 2468 et
1176 2427 1222 2468 L.
1260 2427 1440 2469 Servilio
1480 2428 1669 2479 Structo,
1706 2438 1749 2468 et
1787 2429 1836 2470 P.

412 2487 609 2529 Lucretio
642 2485 914 2540 Tricipitino,
949 2484 1101 2524 iterum
1137 2485 1335 2525 omnibus
1370 2485 1449 2534 bis,
1481 2495 1523 2524 et
1561 2485 1635 2540 Sp.
1672 2483 1838 2527 Rutilio

409 2545 580 2593 Crasso,
602 2553 645 2583 et
668 2543 914 2596 insequente
929 2541 937 2556 ‘
956 2555 1067 2581 anno
1091 2540 1142 2582 A.
1165 2541 1417 2596 Sempronio
1437 2541 1634 2581 Atratino
1653 2543 1839 2590 tertium,

407 2612 450 2643 et
482 2601 648 2641 duobus
682 2599 834 2639 iterum
877 2596 945 2638 M.
984 2597 1159 2653 Papirio
1199 2597 1457 2653 Mugillano,
1489 2607 1532 2638 et
1564 2598 1639 2653 Sp.
1676 2597 1839 2641 Nautio

705 2683 716 2697 ·
738 2678 836 2718 plebia*
850 2678 938 2707 Crev.
1125 2679 1135 2697 ⁸
1157 2679 1326 2717 insequenti
1340 2679 1435 2707 Gron.
1450 2678 1539 2707 Crcv.

452 2735 471 2764 Q
498 2732 616 2764 Omnes
643 2732 822 2763 Ltwicanos
851 2730 959 2771 victae]
1002 2731 1103 2762 Nobis
1150 2732 1247 2761 minis
1266 2731 1493 2772 praecedentis.
1525 2731 1622 2762 Certe
1640 2732 1721 2763 nibil
1737 2744 1776 2764 ea
1791 2739 1843 2765 est

408 2783 564 2817 suspecta
600 2781 650 2805 est
682 2774 800 2806 ultima
836 2784 910 2812 vox,
942 2781 1103 2813 tanquam
1147 2784 1252 2814 opus:
1288 2780 1323 2804 ct
1348 2784 1386 2804 ca
1411 2783 1586 2815 suppressa
1612 2775 1745 2808 liberius
1768 2777 1842 2815 fluis

410 2820 495 2857 male
520 2824 600 2850 nata
624 2828 663 2848 ex
686 2817 860 2858 postremis
886 2817 1017 2857 syllabis
1046 2818 1103 2847 nb·
1147 2817 1263 2847 oratio.
