1925 3239
538 110 662 148 LIB.
691 108 761 145 lx.
798 108 932 146 CAP.
959 107 1113 146 XXIII.
1476 111 1550 145 523

122 207 252 263 gister
275 209 465 264 equitum
487 207 709 248 Romanus
731 205 885 246 infesta
902 206 1079 261 cuspide
1097 206 1155 245 ita
1174 205 1363 260 permisit
1379 219 1551 259 equum,
1565 221 1606 253 υ,
1623 221 1659 252 ς,
1676 223 1749 255 439.

124 274 171 304 ut
203 278 286 305 uno
319 266 404 305 ictu
436 266 678 305 exanimem
709 278 819 318 equo
854 264 1170 318 prrecipitaret:
1204 276 1296 311 nec,
1326 272 1373 301 ut
1404 263 1466 312 fit,
1498 262 1747 302 adA-C·31³-

121 321 242 361 ducis
274 336 416 362 casum
449 320 641 377 perculsa
680 320 830 374 magis‘,
854 334 980 373 quam
1014 319 1191 368 irritata,
1213 327 1277 358 est
1307 317 1551 359 multitudo.

125 377 302 428 Omnes,
332 379 404 433 qui
436 379 549 419 circa
578 388 712 428 erant,
744 377 786 417 in
819 375 1008 424 Aulium,
1041 386 1198 416 temere
1229 375 1441 415 invectum
1479 389 1553 430 per

126 434 313 475 hostium
338 446 511 485 turmas,
530 435 613 475 tela
633 433 924 487 conjecerunt.
982 435 1012 457 ⁹³
1036 432 1169 472 Fratri
1196 432 1457 487 praecipuum
1480 432 1554 471 de·

125 506 200 532 cus
232 491 307 531 ulti
339 491 593 531 Samnitium
633 490 896 545 imperatoris
927 489 1147 529 dederunt.
1181 489 1214 528 is
1247 489 1449 528 victorem
1480 488 1551 528 de·

125 558 307 588 tractum
341 562 393 588 ex
418 562 527 602 equo
563 547 812 603 magistrum
850 546 1058 600 equitum,
1081 545 1229 600 plenus
1261 547 1456 585 moeroris
1486 555 1552 584 at-

122 619 208 658 que
230 605 317 654 irae,
341 604 597 645 trucidavit:
636 617 715 644 nec
739 602 917 643 multum
942 602 1063 652 afuit,
1087 603 1190 656 quin
1213 615 1387 657 corpore
1409 602 1553 653 etiam,

123 662 225 715 quia
256 662 364 701 inter
394 660 567 701 hostiles
597 660 809 701 ceciderat
848 670 1020 709 turmas,
1053 658 1265 698 Samnites
1301 658 1554 713 potirentur.

127 717 210 758 Sed
232 717 448 771 extemplo
470 718 520 758 ad
547 717 672 772 pedes
703 717 949 757 descensum
982 717 1036 756 ab
1069 715 1275 756 Romanis
1296 723 1374 765 est,
1393 715 1554 755 coacti·

123 788 207 828 que
230 774 341 815 idem
365 774 576 814 Samnites
599 773 751 814 facere.
783 783 825 813 et
855 774 1077 828 repentina
1109 772 1218 812 acies
1241 772 1355 811 cirea
1375 785 1555 826 corpora

126 831 282 871 ducum
325 831 517 886 pedestre
561 830 759 886 proelium
798 830 908 879 iniit,
942 845 1027 884 quo
1070 828 1182 869 haud
1216 827 1346 868 dubie
1386 837 1555 882 superat

130 886 349 928 Romanus
369 905 379 929 :
411 897 790 943 recuperatumque
812 886 924 926 Aulii
947 900 1116 941 corpus,
1137 884 1272 925 mixta
1290 899 1387 925 cum
1410 884 1555 925 dolore

128 943 294 995 laetitia,
317 945 500 985 victores
523 945 564 985 in
587 955 723 984 castra
746 942 947 984 referunt.
1006 943 1233 991 Samnites,
1255 943 1364 982 duce
1385 942 1553 992 amisso,

125 1011 170 1040 et
191 1014 265 1055 per
295 1011 489 1056 equestre
518 1012 733 1042 certamen
768 1000 939 1040 tentatis
977 999 1150 1047 viribus,
1173 999 1329 1039 omissa
1350 998 1554 1048 Saticula,

124 1072 253 1112 quam
275 1059 562 1113 nequidquam
586 1057 755 1098 defendi
790 1057 1005 1106 rebantur,
1026 1056 1077 1096 ad
1103 1055 1264 1096 Plistiae
1286 1055 1554 1095 obsidionem

126 1114 303 1156 redeunt
322 1133 333 1166 ς
366 1117 560 1168 intraque
582 1128 740 1169 paucos
773 1114 860 1153 dies
883 1113 1070 1154 Saticula
1104 1111 1322 1153 Romanus
1343 1125 1418 1166 per
1438 1111 1555 1152 dedi-

128 1170 472 1221 tionem‚Plistia
495 1185 567 1226 per
590 1172 672 1211 vim
697 1171 864 1210 Samnis
888 1170 1065 1225 potitur.

182 1227 374 1269 XXIII.
407 1227 579 1268 Mutata
600 1227 697 1268 inde
723 1226 816 1267 belli
841 1229 958 1268 sedes
981 1238 1059 1266 est.
1090 1225 1140 1266 ad
1166 1225 1312 1265 Soram
1344 1239 1398 1265 ex
1431 1225 1550 1266 Sam·
1563 1236 1643 1265 Sorae
1659 1235 1756 1264 defec-

123 1283 198 1325 nio
233 1284 475 1341 Apuliaque
512 1284 716 1325 traductae
741 1284 941 1339 legiones.
1001 1282 1108 1323 Sora
1130 1282 1181 1322 ad
1205 1281 1415 1322 Samnites
1437 1280 1606 1328 def-emp
1621 1279 1658 1307 ad
1672 1279 1759 1308 sam-

123 1352 257 1392 cerat,
279 1342 513 1382 interfectis
534 1341 696 1381 colonis
722 1340 1029 1380 Romanorum.
1061 1353 1146 1393 quo
1173 1353 1302 1393 quum
1328 1340 1441 1393 prior
1463 1327 1654 1379 Ro-mtes.

127 1411 276 1439 manus
297 1399 525 1448 exereitus,
547 1398 600 1438 ad
633 1397 916 1437 ulciscendam
947 1396 1105 1437 civium
1131 1409 1275 1436 necem
1304 1408 1555 1449 recuperan-

129 1455 312 1510 damque
361 1454 589 1507 coloniam,
631 1454 798 1508 magnis
845 1453 1068 1493 itineribus
1106 1457 1138 1479 ⁹⁴
1162 1452 1434 1507 praevenisset
1451 1448 1477 1502 ¹',
1513 1460 1556 1492 et

128 1513 260 1566 sparsi
284 1526 358 1568 per
383 1512 469 1552 vias
492 1510 791 1567 speculatoreS,
814 1510 932 1564 sequi
964 1509 1152 1563 legiones
1183 1508 1454 1557 Samnitium,
1478 1522 1555 1549 nec

121 1568 213 1622 jam
239 1568 384 1624 procul
407 1568 646 1619 abesse‚alii
669 1581 792 1622 super
814 1567 932 1616 ¹alios,
950 1566 1228 1615 nunciareut3
1259 1566 1430 1605 obviam
1448 1565 1554 1605 itum

128 1625 257 1675 hosti,
275 1635 402 1680 atque
423 1626 475 1666 ad
500 1623 700 1665 Lautulas
723 1624 900 1678 ancipiti
925 1622 1078 1678 proelio
1097 1622 1346 1662 dimicatum
1370 1631 1446 1662 est.
1468 1635 1554 1662 non

126 1682 280 1731 caedes,
305 1696 387 1722 non
420 1682 523 1737 fuga
558 1681 728 1722 alterius
751 1682 896 1734 partis,
919 1680 988 1720 sed
1014 1693 1096 1719 nox
1123 1679 1320 1729 incertos,
1341 1678 1442 1718 victi
1467 1678 1553 1719 vic-

129 1748 296 1779 toresne
325 1749 479 1787 essent,
501 1738 685 1779 diremit.
727 1736 925 1777 ‘Invenio
953 1736 1064 1790 apud
1094 1736 1315 1790 quosdam,
1337 1735 1553 1775 adversam

127 1809 217 1835 eam
245 1810 429 1851 pugnam
456 1795 660 1835 Romanis
683 1792 825 1843 fuisse,
847 1803 975 1847 atque
1006 1794 1046 1833 in
1080 1806 1129 1832 ea
1159 1792 1360 1832 cecidisse
1386 1791 1442 1839 Q.
1465 1791 1554 1831 Au-

128 1851 248 1902 lium,
282 1853 528 1907 magistrum
571 1851 778 1905 equitum.
839 1848 1067 1890 Subfectus
1105 1850 1142 1889 in
1176 1848 1314 1889 locum
1355 1847 1467 1888 Aulii
1501 1847 1553 1888 C.

130 1908 288 1949 Fabius
320 1908 519 1963 magister
540 1909 729 1963 equitum
755 1921 851 1947 cum
874 1907 1064 1946 exercitu
1101 1919 1211 1945 novo
1244 1908 1297 1945 ab
1322 1905 1460 1944 Roma
1482 1905 1556 1944 ad-

130 1966 280 2016 venit3
331 1976 387 2016 et,
420 1979 493 2021 per
523 1965 764 2020 praemissos
796 1963 975 2003 nuncios
1004 1961 1200 2002 consulto
1230 1962 1450 2011 dictatore,
1483 1960 1553 2000 ubi

128 2023 390 2071 subsisteret,
412 2036 551 2076 quove
582 2032 786 2076 tempore,
809 2032 851 2060 et
881 2034 963 2074 qua
985 2034 1038 2059 ex
1073 2030 1189 2073 parte
1214 2018 1376 2058 hostem
1407 2018 1556 2072 adgre—

127 2079 310 2127 deretur,
333 2079 523 2119 substitit
553 2078 760 2126 occultus,
781 2077 832 2117 ad
858 2076 1003 2116 omnia
1031 2076 1131 2116 satis
1152 2075 1384 2130 exploratis
1415 2074 1555 2114 consi-

128 2135 210 2176 liis.
275 2134 486 2185 Dictator,
508 2149 637 2189 quum
673 2148 743 2189 per
764 2133 927 2187 aliquot
956 2133 1045 2173 dies
1079 2142 1172 2188 post
1201 2145 1386 2187 pugnam
1418 2130 1556 2171 conti-

130 2194 294 2232 nuisset
331 2206 428 2231 suos
461 2192 572 2232 intra
603 2190 773 2239 vallum,
803 2189 963 2230 obsessi
996 2189 1132 2243 magis
1162 2203 1287 2244 quam
1323 2187 1556 2228 obsidentis

130 2248 458 2304 mod0,signum
482 2259 654 2302 repente
679 2261 834 2302 pugnae
859 2247 1106 2301 proposuit3
1138 2244 1420 2294 et,efficacius
1444 2254 1556 2284 ratus

131 2306 182 2346 ad
200 2305 492 2346 accendendos
515 2306 697 2344 virorum
721 2304 897 2343 fortium
919 2303 1098 2351 animos,
1119 2302 1274 2342 nullam
1299 2300 1416 2349 alibi,
1431 2314 1557 2353 quam

133 2363 174 2403 in
197 2370 330 2402 semet
352 2362 458 2415 ipso,
480 2362 678 2415 cuiquam
704 2360 890 2400 relictam
915 2354 1048 2414 sp'em,
1069 2359 1120 2398 de
1144 2359 1345 2413 magistro
1367 2357 1558 2411 equitum

130 2432 328 2474 novoque
349 2418 539 2458 exercitu
564 2418 739 2458 militem
762 2415 929 2457 celavit.
961 2426 1018 2466 et,
1039 2425 1239 2470 tanquam
1263 2413 1388 2465 nulla,
1412 2413 1490 2452 nisi
1515 2413 1556 2452 in

686 2518 701 2542 θ
717 2521 901 2559 pervenisset
917 2520 1005 2548 Crev.

174 2608 215 2639 93
240 2605 368 2644 Fratri]
404 2604 612 2644 Praecipuum
640 2602 738 2632 decus
764 2602 825 2632 ulti
869 2602 1049 2630 assentitur
1071 2602 1176 2630 turhae
1193 2601 1372 2636 editorum,
1388 2605 1560 2638 servatque

132 2649 333 2678 Samnitium
350 2648 558 2687 imperatoris
571 2656 671 2687 penes
686 2646 824 2675 fratrem
865 2647 1070 2684 pervenisset,
1089 2646 1174 2682 quod
1193 2643 1227 2673 εἰ
1250 2644 1431 2682 simplicius
1454 2643 1559 2672 visum

134 2693 206 2731 ejus
221 2701 290 2721 esse
307 2690 495 2721 voluerunt.
868 2695 919 2717 est
934 2695 966 2716 et
985 2687 1115 2716 clarius,
1162 2688 1231 2716 Nec
1256 2697 1330 2717 vero
1355 2695 1486 2716 necesse
1511 2692 1560 2714 e-‘t

177 2737 219 2767 94
246 2734 464 2773 pervenisset]
513 2732 651 2763 Plurimi
690 2731 824 2771 quidem
869 2731 933 2767 legi
965 2733 1179 2770 prcevenisset,
1218 2740 1320 2769 quum
1358 2729 1560 2768 praecesserit

135 2776 229 2808 MSS.
267 2777 391 2807 habent
416 2778 632 2817 praevenisset,
660 2780 697 2805 ut
723 2774 827 2804 edidit
864 2775 969 2815 prior.

135 2820 332 2852 Gronovius.
378 2821 499 2852 Noster
510 2827 623 2851 tamen
636 2819 826 2850 Victorinus
