1925 3239
521 67 525 69 ’
553 83 675 121 ΜΒ.
701 83 753 122 x.
798 83 927 121 CAP.
954 63 1100 121 xvni.
1462 93 1536 132 573

107 185 251 235 muris,
273 199 358 240 qua
378 184 535 240 cuique
557 185 800 240 proximum
826 184 923 235 fuit,
945 185 1067 226 scalis
1089 186 1243 240 raptim
1275 188 1472 240 admotis,
1495 190 1537 230 in
1553 207 1594 237 U.
1612 206 1647 236 C.
1663 205 1741 236 436«

107 243 270 283 moenia
295 256 481 282 evasere.
502 252 676 297 captum
708 242 915 298 oppidum
946 257 995 282 ac
1026 243 1238 297 direptum
1271 255 1346 285 est.
1370 247 1420 287 ad
1454 248 1538 287 duo
1553 251 1590 280 A.
1611 250 1734 283 0996·

107 298 243 339 millia
263 309 306 339 et
329 299 506 339 trecenti
528 299 686 349 occisi3
716 308 758 339 et
789 313 862 339 sex
897 299 1029 339 millia
1061 299 1282 341 bominum
1315 316 1467 357 capum
1499 314 1542 344 et

112 355 232 396 miles
255 356 420 411 ingenti
446 355 588 410 praeda
611 355 796 410 potitus:
829 370 956 409 quam
981 357 1175 407 vendere,
1199 359 1309 397 sicut
1341 361 1540 414 priorem,

108 422 298 462 coactus,
322 411 595 453 Ferentinum
619 412 731 462 inde,
754 427 1011 467 quamquam
1035 413 1142 453 nihil
1164 415 1319 468 quietis
1342 417 1539 466 dabatur,

112 477 253 509 tamen
277 483 442 510 summa
463 469 681 509 alacritate
709 469 876 509 ductus.
937 469 1137 510 Celerum
1174 472 1230 511 ibi
1264 471 1356 526 plus
1387 473 1540 513 laboris

107 539 158 565 ac
182 525 355 579 periculi
379 524 478 565 fuit.
514 535 557 565 et
586 525 760 566 defensa
782 540 948 566 summa
980 527 1017 566 vi
1044 528 1205 567 moenia
1227 539 1338 576 sunt,
1360 539 1401 568 et
1426 529 1540 570 locus

107 592 196 622 erat
220 583 484 622 munimento
507 592 740 636 naturaque
765 592 907 623 tutus:
932 583 1000 623 scd
1026 584 1154 623 evicit
1176 585 1320 625 omnia
1342 586 1540 626 adsuetus

109 638 267 693 praedae
293 639 426 679 miles.
446 638 499 679 ad
524 640 602 679 tria
623 639 755 679 millia
777 639 961 679 hostium
985 640 1096 681 circa
1119 655 1257 681 muros
1274 657 1407 683 caesa:
1433 657 1541 697 pra:-

113 695 168 735 da
188 696 335 736 militis
359 695 454 736 fuit.
512 694 657 750 Hujus
689 697 1030 751 obpugnatarum
1064 697 1229 738 urbium
1251 698 1413 740 decoris
1446 714 1540 753 pars

111 751 249 807 major
271 753 312 793 in
330 752 583 807 quibusdam
602 753 824 793 annalibus
841 754 892 792 ad
913 752 1156 793 B'l'aximum
1182 754 1375 795 trahitur.
1418 755 1538 796 Mur-

110 810 300 864 gantiam
325 810 378 849 ab
401 809 554 860 Decio,
576 824 600 850 a
622 808 757 850 Fabio
789 810 1060 851 Ferentinum
1094 810 1429 867 Romuleamque
1460 814 1538 853 ob-

109 876 324 922 pugnatas
348 866 544 907 tradunt:
577 877 689 918 sunt,
713 867 785 921 qui
814 881 1022 907 novorum
1053 869 1273 908 consulum
1306 869 1416 910 hanc
1446 869 1539 925 glo-

111 922 215 962 riam
239 922 415 964 faciant.
476 923 663 969 Quidam
694 938 779 963 non
802 923 1040 974 amborum,
1063 924 1134 964 sed
1157 924 1342 977 alterius,
1377 926 1424 967 L.
1456 927 1541 967 Vo-

113 978 288 1020 lumnii:
331 980 369 1020 ei
393 979 614 1020 Samnium
639 980 900 1034 provinciam
925 982 1130 1021 evenisse.

151 1035 332 1077 XVIII.
359 1035 474 1076 Dum
493 1051 542 1077 ea
564 1037 605 1076 in
629 1037 819 1087 Samnio,
841 1037 1148 1092 cujuscumque
1171 1037 1300 1078 ductu
1331 1039 1544 1094 auspicio-

112 1107 209 1147 que,
233 1103 503 1148 gererentur3
544 1093 750 1133 Romanis
773 1094 814 1133 in
848 1093 1017 1134 Etruria
1039 1095 1188 1134 iterum
1217 1095 1369 1135 bellum
1396 1097 1542 1151 ingens
1556 1114 1676 1144 Bellum

112 1149 259 1190 multis
280 1164 334 1190 ex
357 1150 558 1206 gentibus
581 1151 801 1200 concitur;
834 1151 900 1204 cuj
912 1166 956 1190 us
979 1161 1127 1191 auctor
1150 1151 1311 1192 Gellius
1337 1152 1543 1207 Egnatius
1557 1160 1732 1188 Etruscunu

111 1206 144 1229 ⁶⁶
157 1221 211 1247 ex
235 1207 499 1247 Samnitibus
522 1217 630 1247 erat.
691 1206 818 1247 Tusci
843 1208 930 1247 fere
953 1223 1099 1248 omnes
1126 1210 1422 1249 consciverant
1460 1210 1544 1250 bel-

112 1262 226 1305 lum:
250 1273 438 1303 traxerat
459 1264 663 1319 contagio
686 1264 904 1318 proximos
929 1264 1120 1305 Umbriae
1143 1265 1344 1319 populos:
1377 1275 1418 1306 et
1443 1266 1546 1307 Gal-

111 1320 195 1360 lica
235 1320 396 1361 auxilia
434 1321 627 1361 mercede
667 1320 1020 1362 sollicitabantur.
1059 1322 1196 1361 onmis
1236 1337 1284 1362 ea
1317 1323 1544 1364 multitudo

113 1377 165 1418 ad
204 1388 343 1418 castra
379 1377 635 1418 Samnitium
676 1378 973 1418 conveniebat.
1036 1378 1121 1423 Qui
1158 1379 1362 1419 tumultus
1396 1394 1545 1434 repens

113 1443 342 1490 postquam
375 1433 561 1474 Romam
598 1434 784 1489 perlatus
819 1445 897 1484 est,
931 1449 1061 1489 quum
1090 1435 1180 1488 jam
1218 1435 1266 1476 L.
1291 1436 1545 1477 Volumnius

112 1491 258 1531 consul
283 1506 378 1532 cum
402 1491 644 1546 legionibus
676 1492 860 1532 secunda
882 1506 930 1531 ac
964 1492 1101 1541 tertia,
1124 1493 1420 1547 sociorumque
1452 1494 1546 1534 mil-

111 1546 224 1588 libus
245 1548 489 1602 quindecim
516 1548 730 1602 profectus
754 1548 795 1587 in
820 1548 1038 1588 Samnium
1063 1559 1185 1598 esset,
1208 1549 1292 1604 Ap.
1318 1549 1545 1591 Claudium

114 1605 253 1658 primo
275 1618 446 1659 quoque
469 1614 659 1659 tempore
681 1605 723 1644 in
751 1603 964 1644 Etruriam
989 1605 1047 1645 ire
1068 1605 1243 1658 placuit.
1266 1607 1360 1646 duae
1387 1606 1544 1647 Roma·
1558 1624 1604 1653 Eo
1619 1624 1756 1661 profit-350

115 1675 182 1702 nae
215 1661 403 1715 legiones
441 1672 614 1712 secutae,
643 1662 779 1716 prima
811 1672 853 1701 et
876 1671 1039 1714 quarta,
1060 1672 1103 1701 et
1139 1663 1349 1703 sociorum
1384 1664 1544 1704 duode-
1557 1667 1637 1716 citur
1653 1668 1717 1705 ΑΡ·

113 1718 198 1758 cim
223 1717 368 1758 millia.
395 1729 530 1758 castra
552 1718 664 1758 haud
686 1718 831 1772 procul
855 1718 907 1758 ab
932 1719 1052 1757 hoste
1084 1720 1235 1773 posita.
1296 1720 1326 1745 ⁶7
1343 1719 1541 1761 Ceterum
1557 1719 1637 1748 9¹⁰⁵·

114 1774 250 1829 magis
287 1788 339 1815 eo
384 1774 623 1829 profectum
662 1780 743 1824 est,
781 1775 894 1828 quod
940 1784 1102 1815 mature
1143 1785 1313 1815 ventum
1356 1789 1459 1827 erat,
1501 1787 1544 1818 ut

113 1832 321 1885 quosdam
351 1840 591 1885 spectantes
617 1831 710 1885 jam
741 1846 856 1871 arma
881 1830 1061 1872 Etruria:
1086 1832 1263 1886 populos
1288 1845 1423 1873 metus
1456 1833 1544 1874 Ro-

117 1887 231 1928 mani
275 1888 459 1928 nominis
498 1889 811 1942 comprimeret,
852 1903 979 1942 quam
1020 1889 1132 1942 quod
1186 1890 1314 1929 ductu
1358 1891 1542 1931 consulis

114 1944 346 1999 quidquam
371 1945 430 1985 ibi
461 1945 561 1985 satis
591 1946 694 1984 scite
723 1954 795 1984 aut
826 1944 1042 1985 fortunate
1072 1955 1238 2000 gestum
1271 1947 1338 1985 sit.
1399 1946 1618 1992 MultaNec
1634 1965 1719 2002 quid-

115 2001 270 2055 proelia
297 2000 403 2041 locis
433 2011 477 2041 et
507 2002 771 2055 temporibus
807 2001 963 2056 iniquis
997 2002 1246 2043 commissa:
1289 2017 1467 2056 spesque
1499 2004 1537 2044 in
1554 2017 1645 2055 quam
1661 2010 1734 2038 saus

114 2057 204 2098 dies
226 2058 464 2114 graviorem
487 2057 652 2102 hostem
686 2058 884 2098 faciebat.
906 2067 948 2097 et
974 2057 1066 2112 jam
1100 2072 1231 2113 prope
1262 2069 1365 2109 erat,
1391 2070 1434 2100 ut
1465 2054 1627 2122 nccssffi‘
1642 2057 1698 2123 ³¹²5

115 2114 215 2155 duci
239 2114 406 2164 milites,
425 2129 503 2154 nec
523 2114 729 2155 militibus
752 2115 838 2154 dux
862 2114 961 2154 satis
983 2115 1145 2155 fideret.
1197 2115 1357 2155 Literas
1379 2117 1428 2156 ad
1455 2117 1540 2157 col·
1553 2103 1676 2173 gessiila
1692 2103 1708 2122 e

115 2169 254 2226 legam
279 2171 573 2212 arcessendum
607 2186 659 2211 ex
695 2172 870 2211 Samnio
904 2171 1064 2220 missas,
1087 2172 1129 2211 in
1168 2172 1287 2212 trinis
1319 2172 1541 2214 annalibus

116 2227 304 2270 invenio.
342 2232 374 2254 ⁶8
391 2228 507 2282 piget
549 2238 690 2268 tamen
732 2228 940 2268 incertum
983 2242 1153 2282 ponere,
1191 2243 1322 2283 quum
1362 2243 1411 2268 ea
1451 2230 1543 2285 ipsa

116 2284 227 2324 inter
257 2285 449 2324 consules
482 2285 627 2338 populi
665 2284 864 2333 Romani,
889 2284 981 2338 jam
1016 2285 1165 2324 iterum
1200 2285 1347 2324 eodem
1383 2285 1543 2327 honore

118 2338 360 2396 fungentes,
382 2341 637 2396 discrepatio
660 2342 811 2382 fuerit:
844 2340 988 2395 Appio
1010 2341 1223 2381 abnuente
1246 2342 1416 2383 missas:
1457 2343 1554 2383 Vo--

116 2396 281 2438 lumnio
302 2397 566 2447 adfirmante,
588 2398 717 2452 Appii
749 2412 793 2438 se
823 2397 952 2438 literis
983 2397 1186 2437 adcitum.
1245 2397 1343 2439 Janl
1368 2398 1544 2439 Volum-

117 2454 212 2494 nius
255 2453 298 2494 in
340 2454 516 2494 Samnio
564 2456 645 2494 tria
674 2454 845 2495 castella
884 2462 1068 2508 ceperat,
1099 2454 1139 2494 in
1178 2454 1332 2508 quibus
1370 2455 1421 2496 ad
1466 2457 1545 2496 tria

158 2588 294 2620 66*Ex
320 2587 535 2628 Samnitibus]
564 2588 672 2629 Magis
697 2588 806 2629 place·
850 2589 899 2628 gis
930 2588 970 2618 ad
996 2588 1028 2618 id
1054 2588 1179 2628 profuit
1207 2594 1359 2619 maturus
1389 2599 1427 2619 ae
1458 2590 1546 2621 celer

116 2637 167 2663 ret
181 2632 249 2663 dux
265 2632 478 2663 Samnitium.
852 2631 995 2662 consulis
1013 2631 1186 2668 adventus,
1201 2638 1238 2662 ut
1256 2653 1370 2663 ......

161 2676 199 2709 67
229 2676 376 2706 Ceterum
404 2677 509 2715 magis
543 2686 576 2706 eo
607 2674 805 2716 prqfiectum]
896 2678 935 2705 (58
961 2675 1063 2713 Piget
1091 2676 1387 2705 tamen-incertum
1408 2678 1543 2715 ponere]

123 2718 273 2749 Celerum
289 2729 322 2748 eo
336 2720 419 2759 quod
429 2726 557 2750 mature
571 2724 700 2749 ventum
725 2724 809 2756 erat,
854 2718 964 2748 Multo
980 2719 1084 2756 magis
1108 2720 1251 2757 placeret
1273 2723 1394 2748 eertum
1416 2729 1508 2757 ponet
1517 2731 1544 2757 ι’,

117 2760 152 2792 id
173 2769 237 2799 est,
254 2767 385 2793 matut-0
408 2772 445 2792 ac
469 2762 565 2792 celeri
589 2761 732 2792 consulis
756 2763 811 2791 ad·
854 2762 876 2793 i.
891 2771 920 2792 e.
938 2771 997 2801 pro
1014 2767 1103 2791 certo
1120 2771 1254 2801 ponere,
1271 2762 1423 2793 seribere.

116 2810 220 2835 ventu
237 2806 343 2844 magis
359 2805 541 2847 prqs'eclum
555 2810 622 2836 est:
644 2805 725 2842 sive,
742 2814 811 2835 rna-
