1925 3239
366 123 442 159 434
888 116 1033 155 TITI
1071 115 1250 155 LIVII

159 240 200 270 U.
219 238 256 270 C.
272 240 346 270 412.

160 283 202 314 A.
217 282 254 313 C.
270 285 345 315 340.

166 1242 307 1271 Valerius

166 1287 283 1315 Corvus
297 1286 342 1314 fa-

164 1329 293 1357 miliaris
309 1329 366 1359 mi-

164 1372 214 1401 liti
227 1372 299 1401 dux.

163 1689 312 1718 Proelium

163 1741 234 1760 eum
249 1731 367 1760 Samni-

166 1774 249 1804 tibus
265 1779 364 1805 atrox.

371 232 462 259 rum
490 216 731 258 militarium
758 230 916 271 expers3
946 230 1000 256 an
1020 215 1089 270 qui
1111 221 1147 255 et
1167 215 1250 269 ipse
1277 213 1357 256 tela
1385 220 1576 267 tractare,
1589 216 1805 272 procedere

372 281 465 316 ante
482 275 613 330 signa,
630 273 786 316 versari
817 271 950 314 media
983 272 1027 312 in
1060 270 1160 325 mole
1187 285 1335 327 pugnae
1365 271 1483 312 sciat.
1541 271 1669 316 Facta
1700 289 1806 326 mea,

372 346 452 372 non
471 330 594 381 dicta,
615 344 698 381 vos,
719 328 879 379 milites,
900 328 1053 382 inquit,
1074 327 1184 383 sequi
1210 328 1325 376 volo‚·
1356 342 1423 369 nec
1444 327 1702 384 disciplinam
1719 346 1803 373 mo-

373 386 439 438 do,
460 387 528 428 sed
547 386 766 441 exemplum
786 385 920 435 etiam,
941 399 966 425 a
987 399 1047 426 me
1060 390 1208 439 petere.
1239 391 1269 412 ⁵²
1290 382 1385 425 Non
1400 382 1659 441 factionibus
1686 388 1803 429 modo

373 459 442 485 uec
459 458 533 499 per
553 443 742 485 coitiones
773 442 944 482 usitatas
975 440 1191 492 nobilibus,
1213 440 1280 481 sed
1310 440 1384 482 hac
1416 441 1572 492 dextra,
1592 441 1692 483 milii
1724 450 1804 486 tres

374 500 599 542 consulatus
633 511 902 553 summamque
934 496 1094 539 laudem
1117 497 1270 552 peperi.
1329 496 1440 548 Fuit,
1465 512 1589 553 quum
1620 498 1692 540 lioc
1721 499 1804 542 dici

369 564 555 612 poterat.-
587 555 797 596 Patricius
818 554 922 595 enim
943 568 1044 604 eras,
1065 560 1102 594 et
1131 569 1156 594 a
1185 553 1471 595 liberatoribus
1490 554 1640 609 patriae
1668 562 1804 598 ortus.-

375 621 425 664 εἰ,
446 613 577 655 eodem
597 627 700 653 anno
708 610 883 667 familia
901 610 977 650 ista
996 609 1260 661 consulatum,
1277 625 1355 666 quo
1375 609 1469 651 urbs
1483 611 1570 652 ltaec
1591 611 1804 664 consulem,

374 669 525 712 habuit.
578 667 624 708 N
625 683 699 710 unc
707 669 803 723 jain
824 666 934 708 nobis
955 665 1155 712 Patribus
1175 666 1362 723 vobisque
1373 666 1539 722 plebeiis
1552 669 1803 722 promiscuus

375 725 602 767 consulatus
616 732 758 779 patet3
777 738 844 765 nec
859 723 1030 779 ἑ(ζειιενὶε,
1046 730 1091 764 ut
1111 730 1215 774 ante,
1233 725 1300 764 sed
1319 724 1482 765 virtutis
1502 730 1556 765 est
1571 725 1801 779 proemium.

368 782 541 838 proinde
561 796 756 822 summum
776 780 957 836 quodque
976 785 1160 834 spectate,
1181 779 1339 830 milites,
1357 779 1487 821 decus.
1519 779 1629 831 Non,
1649 781 1683 821 si
1704 780 1806 822 mihi

375 853 522 880 novum
549 837 618 881 hoc
651 836 775 878 Corvi
805 850 1017 892 cognomen
1047 835 1146 877 Diis
1174 836 1405 878 auctoribus
1433 837 1607 878 homines
1624 836 1804 889 dedistis,

377 894 690 937 Publicolarum
710 900 904 935 vetustum
918 891 1101 948 familia:
1121 898 1261 933 uostrae
1289 907 1502 948 cognomen
1529 893 1722 935 memoria
1740 908 1808 935 ex-

376 952 501 993 cessit.
561 950 724 1006 Semper
743 964 814 1006 ego
837 949 993 1004 plebem
1015 947 1245 990 Romanam
1264 949 1421 990 militiae
1449 949 1646 1005 domique,
1664 950 1805 1005 priva-

376 1015 455 1059 tus,
475 1009 519 1050 in
547 1006 861 1065 magistratibus
874 1005 1019 1061 parvis
1048 1005 1296 1060 magnisque,
1316 1020 1423 1061 ecque
1441 1006 1628 1047 tribunus
1648 1021 1694 1047 ac
1712 1021 1806 1048 con-

376 1065 456 1116 sul,
483 1065 615 1107 eodem
654 1071 785 1106 tenore
816 1077 886 1118 per
914 1076 1045 1104 omnes
1075 1061 1256 1116 deinceps
1286 1061 1535 1114 consulatus,
1570 1062 1654 1103 colo
1684 1070 1806 1118 atque

377 1121 497 1163 colui.
526 1136 645 1172 nunc,
673 1120 780 1176 quod
810 1121 950 1170 instat,
973 1118 1075 1160 Diis
1108 1118 1200 1159 bene
1218 1118 1485 1172 juvantibus,
1516 1133 1661 1161 novum
1688 1126 1809 1175 utque

376 1178 576 1234 integrum
596 1178 644 1218 de
668 1176 921 1218 Samnitibus
942 1174 1186 1230 triumphum
1205 1188 1354 1216 mecum
1368 1175 1508 1230 petite.

434 1234 678 1277 XXXIII.
726 1234 826 1275 Non
863 1232 966 1273 alias
998 1232 1124 1273 militi
1168 1230 1414 1273 familiarior
1446 1232 1535 1273 dux
1579 1231 1675 1283 fuit,
1714 1244 1807 1273 om-

377 1291 448 1333 nia
483 1293 592 1333 inter
634 1290 802 1332 infimos
842 1289 1024 1331 militum
1063 1288 1177 1329 haud
1226 1297 1400 1343 gravate
1449 1288 1597 1330 munia
1643 1289 1806 1330 obeun-

376 1349 446 1390 do.
506 1348 557 1389 In
598 1347 697 1389 ludo
734 1354 939 1403 praeterea
978 1344 1164 1396 militari,
1200 1359 1332 1400 quum
1363 1345 1600 1399 velocitatis
1633 1345 1808 1389 virium·-

378 1420 460 1460 que
482 1405 592 1447 inter
613 1419 655 1445 se
677 1403 858 1458 aequales
893 1402 1125 1444 certamina
1156 1402 1320 1451 ineunt,
1342 1403 1520 1444 comiter
1554 1401 1692 1443 facilis
1713 1402 1808 1443 vin-

375 1476 470 1504 cere
489 1477 540 1504 ac
571 1461 683 1502 vinci
717 1461 835 1501 vultu
858 1460 1037 1510 eodem;
1067 1472 1146 1500 nec
1177 1472 1434 1514 quemquam
1467 1458 1711 1513 adspernari
1731 1473 1807 1515 pa·

375 1534 479 1570 rem,
501 1519 573 1574 qui
605 1533 648 1559 se
669 1516 883 1568 obferret3
913 1516 1037 1558 factis
1059 1515 1269 1570 benignus
1301 1520 1329 1543 ⁵³
1348 1530 1425 1572 pro
1455 1530 1514 1567 re,
1535 1515 1661 1557 dictis
1691 1514 1809 1558 haud

374 1576 515 1618 minus
550 1575 755 1617 libertatis
787 1573 952 1624 alienae,
984 1586 1114 1627 quam
1145 1587 1232 1613 suae
1262 1572 1499 1628 dignitatis,
1531 1586 1722 1614 memor:
1761 1580 1806 1614 et

376 1648 462 1688 quo
484 1631 589 1674 nihil
612 1630 856 1687 popularius
877 1639 955 1681 est,
970 1629 1125 1684 quibus
1142 1628 1301 1669 artibus
1319 1630 1501 1684 petierat
1517 1630 1808 1685 magistratus,

376 1690 525 1731 iisdem
548 1689 737 1745 gerebat.
798 1687 949 1742 Itaque
971 1686 1187 1727 universus
1209 1686 1436 1737 exercitus,
1458 1685 1698 1728 incredibili
1719 1685 1804 1726 ala-

377 1747 528 1788 critate
560 1744 914 1787 adhortationem.
942 1753 1194 1798 prosecutus
1224 1742 1361 1793 ducis,
1393 1743 1541 1784 castris
1573 1742 1804 1798 egreditur.

378 1803 603 1853 Proelium,
625 1811 672 1843 ut
695 1801 809 1857 quod
833 1801 1018 1842 maxime
1040 1813 1256 1854 umquam,
1278 1799 1369 1855 pari
1399 1813 1489 1856 spe,
1510 1799 1725 1854 utrimque
1747 1812 1808 1841 ae-

375 1861 469 1916 quis
495 1860 666 1910 viribus,
688 1873 786 1900 cum
807 1857 964 1899 fiducia
983 1857 1063 1907 sui,
1092 1856 1182 1896 sine
1212 1865 1433 1898 contemtu
1462 1855 1667 1906 hostium,
1688 1869 1807 1896 com-

374 1918 549 1959 missum
572 1926 650 1958 est.
694 1914 955 1957 Samnitibus
978 1912 1180 1954 ferociam
1201 1913 1417 1968 augebant
1439 1926 1563 1954 novae
1585 1925 1650 1953 res
1671 1920 1805 1967 gestae

375 1983 418 2015 et
453 1978 654 2030 5⁴paucos
685 1981 784 2013 ante
814 1972 903 2012 dies
933 1969 1148 2026 geminata
1179 1969 1387 2021 victoria;
1418 1968 1626 2010 Romanis
1656 1977 1808 2010 contra

374 2030 784 2086 quadringentorum
805 2041 1010 2069 annorum
1034 2026 1201 2077 decora,
1221 2034 1265 2067 et
1285 2026 1472 2068 conditae
1504 2026 1598 2067 urbi
1631 2024 1807 2080 aequalis

376 2087 578 2129 victoria:
610 2086 799 2140 utrisque
822 2095 962 2126 tamen
986 2098 1118 2125 novus
1141 2082 1275 2124 hostis
1296 2097 1442 2125 curam
1463 2082 1662 2124 addebat.
1726 2095 1804 2138 ug-

376 2159 431 2186 na
452 2143 611 2185 indicio
634 2143 729 2192 fuit,
751 2157 857 2197 quos
879 2140 1082 2197 gesserint
1103 2140 1282 2181 animos.
1312 2153 1496 2195 namque
1519 2139 1578 2180 ita
1597 2095 1807 2180 contilxe-

375 2210 490 2252 runt,
523 2209 571 2240 ut
606 2197 866 2254 aliquamdiu
902 2198 945 2238 in
975 2204 1168 2238 neutram
1199 2206 1364 2251 partem
1387 2195 1641 2238 inclinarent
1676 2195 1806 2237 acies.

375 2256 486 2299 Tum
523 2256 685 2307 consul,
723 2255 1047 2310 trepidationem
1082 2252 1358 2308 injiciendam
1398 2261 1528 2303 ratus,
1560 2251 1733 2307 quando
1764 2252 1806 2293 vi

375 2313 477 2369 pelli
507 2328 593 2354 non
625 2321 837 2368 poterant,
858 2310 1074 2366 equitibus
1104 2310 1288 2351 inmissis
1321 2311 1491 2351 turbare
1514 2309 1652 2364 prima
1682 2308 1807 2365 signa

376 2370 565 2412 hostium
602 2378 796 2411 conatur.
840 2382 946 2423 quos
983 2367 1055 2407 ubi
1093 2367 1380 2422 nequidquam
1416 2365 1723 2408 tumultuantes
1760 2365 1805 2406 in

375 2427 515 2482 spatio
551 2426 712 2482 exiguo
750 2424 917 2466 volvere
952 2433 1111 2464 turmas
1147 2423 1268 2474 vidit,
1303 2436 1380 2464 nec
1412 2436 1534 2478 posse
1566 2421 1728 2477 aperire
1760 2421 1805 2462 in

375 2483 518 2525 hostes
541 2483 669 2534 viam,
690 2492 883 2523 revectus
911 2480 966 2522 ad
995 2480 1296 2535 antesignanos
1325 2479 1558 2536 legionum,
1578 2491 1710 2533 quum
1732 2477 1806 2518 de-

419 2571 459 2601 52
484 2569 561 2600 Non
571 2568 772 2609 factionibus
791 2567 892 2607 modo]
920 2566 990 2597 Vox
1005 2576 1069 2597 mo-
1113 2567 1250 2597 victoria
1278 2576 1299 2596 a
1327 2565 1531 2597 Samnitibus
1560 2573 1598 2595 ex
1626 2563 1805 2605 Campanis

375 2613 425 2649 dv,
450 2623 522 2651 quae
549 2612 647 2652 paulo
671 2617 748 2642 ante
776 2612 954 2653 praecessit,
979 2609 1070 2640 illinc
1114 2614 1282 2650 reportata.
1297 2609 1350 2640 hic
1367 2610 1436 2649 agit
1458 2608 1583 2645 Livius,
1599 2607 1639 2638 de
1662 2617 1727 2646 quo
1743 2606 1805 2637 du-

376 2653 506 2686 videtur
521 2655 611 2687 hunc
627 2657 661 2686 in
684 2655 795 2685 locum
819 2662 943 2686 temere
968 2654 1071 2695 irrep·
1114 2654 1218 2683 bitare
1235 2654 1288 2682 vix
1304 2652 1396 2690 licet,
1412 2652 1541 2682 brevius
1558 2651 1652 2690 justo
1673 2650 1806 2681 videtur

376 2700 468 2729 sisse.
1115 2695 1327 2726 intervallum
1353 2695 1394 2726 ab
1420 2695 1471 2725 his
1497 2693 1734 2724 certaminibus
1762 2693 1804 2724 ad

420 2745 461 2773 53
484 2741 554 2772 Pro
573 2740 622 2780 re]
652 2741 713 2771 Pro
735 2741 824 2771 varia
847 2750 970 2777 rerum,
986 2743 1070 2770 tem·
1114 2739 1177 2770 hoc
1192 2744 1324 2779 tempus
1339 2738 1517 2779 assignare,
1534 2741 1572 2767 ut
1593 2736 1689 2767 facile
1712 2734 1805 2766 colli-

330 2815 331 2818 ,
376 2794 506 2825 porum,
522 2794 801 2824 personarumque
818 2786 956 2814 ratione.
1114 2783 1146 2822 gi
1161 2786 1270 2822 potest
1283 2793 1323 2812 ex
1349 2781 1389 2812 iis
1415 2790 1487 2820 quae
1510 2781 1598 2810 inter
1623 2785 1803 2818 utrumque

421 2830 462 2859 54
486 2828 614 2859 Paucos
629 2833 704 2859 aitte
719 2827 796 2867 dies]
824 2828 856 2858 Si
873 2827 912 2858 de
936 2826 1073 2866 gemina
1113 2830 1244 2866 tempus
1260 2829 1335 2858 acta
1349 2824 1448 2856 fuisse
1465 2825 1533 2866 ipse
1551 2822 1757 2856 memoravit.
