1925 3239
171 259 214 334 ?’.C²

231 258 270 334 ,οφ

284 261 324 335 ee

328 261 347 338 =12ss

383 147 463 185 456
950 141 1092 186 TITI
1126 146 1303 187 L1V11

351 281 360 289 .
387 258 520 302 quum
552 245 719 288 silentio
749 246 879 289 defixi
910 249 1150 301 stetissent;
1180 257 1368 305 repente,
1386 255 1612 305 postquam
1643 249 1813 291 cervice

351 325 359 333 ·
386 317 498 345 caesa
528 303 648 344 fusus
678 313 744 346 est
773 318 912 356 cruor,
933 312 1024 346 tum
1056 305 1190 347 libero
1219 316 1455 361 conquestu
1491 316 1650 348 coortae
1683 319 1809 347 voces

385 367 500 410 sunt,
520 369 569 401 ut
587 375 726 416 neque
757 361 967 412 lamentis,
989 376 1126 418 neque
1158 363 1525 404 exsecrationibus·
1542 373 1808 417 parceretur:

387 416 617 472 spoliisque
647 425 893 459 contectum
921 420 1093 473 juvenis
1126 433 1296 476 corpus,
1321 429 1527 474 quantum
1559 419 1810 460 militaribus

385 473 537 514 studiis
568 473 695 515 funus
727 474 858 515 ullum
890 475 1173 517 concelebrari
1205 485 1362 532 potes-t,
1384 484 1544 516 structo
1576 485 1699 516 extra
1722 475 1809 515 val-

385 528 475 571 lum
508 544 614 586 rogo
647 539 926 573 cremaretur:
970 531 1275 587 Manlianaque
1306 533 1482 588 imperia
1512 544 1596 571 non
1629 531 1670 572 in
1702 545 1811 586 prae-

385 586 524 628 sentia
544 587 671 629 modo
690 587 914 639 horrenda,
932 588 1003 629 sed
1025 588 1210 645 exempli
1231 589 1360 630 etiam
1379 588 1509 630 tristis
1530 589 1571 628 in
1591 596 1810 643 posterum

384 652 540 688 essent.

443 697 573 741 VIII.
606 699 726 740 Fecit
758 709 900 741 tamen
935 700 1135 742 atrocitas
1168 713 1309 757 poenae
1341 700 1676 743 obedientiorem
1711 699 1810 741 duci

384 755 592 797 militem:
623 766 680 805 et,
703 765 982 811 praeterquam
1006 758 1121 813 quod
1142 759 1347 799 custodiae
1371 758 1615 813 vigiliaeque
1635 766 1680 798 et
1706 756 1811 798 ordo

385 812 618 854 stationum
652 813 890 854 intentioris
922 814 1081 869 ubique
1117 829 1229 856 curae
1261 823 1394 865 erant,
1424 817 1466 856 in
1501 814 1654 855 ultimo
1681 813 1812 854 etiam

384 870 633 919 certamine,
651 882 782 924 quum
816 870 1065 911 descensum
1092 871 1136 911 in
1168 872 1301 913 aciem
1323 881 1400 922 est,
1422 886 1472 912 ea
1492 870 1692 912 severitas
1714 882 1812 925 pro-

385 924 484 967 fuit.
540 929 574 953 ⁹⁹
592 926 692 967 Fuit
725 935 894 968 autemq
934 928 1049 969 civili
1090 928 1275 969 maxime
1313 928 1424 969 bello
1461 942 1605 984 pugna
1646 925 1810 968 similis.

387 982 494 1024 adeo
525 983 633 1024 nihil
661 984 772 1040 apud
810 983 983 1026 Latinos
1014 985 1231 1025 dissonum
1262 986 1316 1026 ab
1350 985 1546 1026 Romana
1577 998 1634 1034 re,
1659 992 1812 1039 praeter

385 1039 566 1090 animos,
601 1050 704 1081 erat.
764 1039 926 1096 Clipeis
961 1050 1088 1082 antea
1120 1044 1153 1065 ³0
1170 1041 1353 1082 Romani
1385 1041 1450 1082 usi
1480 1050 1598 1082 sunt:
1643 1039 1812 1089 deinde,

387 1106 616 1152 postquam
636 1100 665 1123 ³¹
683 1097 946 1153 stipendiarii
975 1097 1075 1139 facti
1109 1108 1223 1149 sunt,
1242 1100 1275 1122 ³2
1288 1107 1408 1139 scuta
1434 1113 1509 1153 pro
1529 1096 1677 1153 clipeis
1698 1096 1811 1137 fece-

382 1160 458 1193 re:
489 1155 521 1177 ³³
534 1161 592 1204 et,
622 1153 736 1207 quod
770 1164 896 1195 antea
925 1154 1157 1210 phalanges
1193 1155 1348 1195 similes
1382 1153 1693 1203 Macedonicis,
1725 1152 1811 1193 hoc

383 1217 535 1264 postea
555 1209 851 1265 manipulatim
875 1219 1035 1252 structa
1062 1212 1171 1252 acies
1200 1212 1338 1266 coepit
1358 1225 1462 1252 esse.
1523 1210 1744 1256 Postremo
1764 1208 1809 1249 in

383 1265 527 1322 plures
548 1266 717 1308 ordines
739 1267 1070 1309 instruebantur.
1097 1271 1131 1293 ³⁴
1143 1268 1248 1309 ordo
1265 1282 1500 1324 sexagenos
1519 1268 1688 1317 milites,
1703 1265 1811 1307 duos

989 1353 1004 1373 ‘²
1026 1349 1105 1378 enim
1119 1349 1215 1379 Gron.

384 1404 421 1435 in
454 1404 603 1436 ordinem
642 1407 788 1437 revocari
819 1416 934 1446 posse:
972 1407 1082 1447 itaque
1117 1407 1279 1445 junctim,
1300 1406 1400 1437 nullis
1423 1405 1545 1436 relictis
1569 1406 1658 1436 inter
1680 1404 1812 1436 ordines

382 1454 485 1488 quum
498 1450 620 1480 silentio
635 1450 672 1479 de
698 1451 734 1481 xi
747 1452 915 1488 stetissent,
939 1454 1079 1490 repente,
1123 1450 1318 1488 intervallis,
1333 1451 1367 1480 in
1384 1451 1453 1480 acie
1469 1450 1587 1480 stabat.
1624 1448 1740 1479 Postea
1753 1457 1813 1488 per

376 1495 550 1531 postquam
564 1495 686 1523 cervice
700 1492 890 1536 coesasusus
903 1499 949 1524 est
969 1504 1078 1532 eruor,
1124 1493 1310 1534 manipulos
1326 1494 1443 1524 divisos
1459 1493 1573 1532 spatiis
1589 1501 1610 1523 a
1623 1502 1657 1523 se
1669 1492 1810 1524 invicem

381 1536 473 1565 velut
501 1546 622 1566 emerso
650 1537 690 1566 ab
716 1537 932 1567 admiratione
957 1538 1078 1573 animo,
1122 1538 1206 1567 strui
1226 1538 1258 1567 in
1282 1537 1352 1567 acie
1375 1546 1413 1566 ac
1429 1545 1576 1576 pugnare
1593 1535 1709 1575 coepit:
1736 1544 1810 1574 pos-

385 1581 470 1614 tum,
487 1579 555 1609 sive
570 1580 680 1619 potius
703 1585 771 1611 tam
795 1582 890 1610 libero
910 1585 1081 1620 conquestu
1124 1584 1231 1610 tremo
1248 1581 1282 1610 in
1298 1579 1408 1620 plures
1424 1579 1554 1609 ordines
1572 1578 1734 1614 distribui,
1754 1578 1810 1617 qui

381 1624 496 1651 coorta
518 1632 604 1653 voces
625 1627 713 1661 sunt,
737 1627 775 1654 ut
796 1633 896 1663 neque
921 1625 1080 1661 lamentis,

381 1670 487 1703 neque
498 1668 764 1696 essem-attonitus
776 1671 982 1706 parceretur.
1027 1668 1075 1697 Si-

383 1707 464 1738 mile
479 1708 598 1739 vitium
613 1710 682 1748 pari
695 1710 840 1740 remedio
852 1719 966 1741 curare
979 1719 1076 1740 cona-

383 1749 495 1781 bimur
511 1751 533 1782 1.
548 1751 655 1782 XXII.
674 1763 703 1782 c.
721 1756 772 1783 38.
791 1761 824 1783 et
839 1753 928 1783 alibi.

427 1795 468 1828 ‘29
493 1794 570 1825 Fuit
592 1795 719 1835 antem]
757 1795 865 1835 Vulgo
879 1796 958 1836 fuit
982 1798 1078 1827 enim.

382 1836 449 1868 sed
464 1837 499 1868 νδ
514 1843 624 1869 autem
650 1839 808 1869 exhibent
830 1845 958 1880 septem
983 1839 1078 1870 codd.

386 1881 490 1912 nostri
496 1888 549 1919 ‚et
562 1887 706 1920 quatuor
721 1893 740 1912 a
754 1882 917 1913 Gronovio
932 1883 1078 1922 allegati.

428 1926 470 1954 30
495 1924 635 1956 Romani
650 1928 700 1956 usi
713 1925 804 1966 sunt]
838 1927 891 1956 Sic
907 1926 1007 1957 habet
1021 1936 1078 1967 op-

384 1967 489 1998 timus
504 1978 522 1998 e
539 1969 658 1998 nostris
675 1968 768 1999 MSS.
793 1979 868 1999 cum
885 1969 1054 2000 Victorino
1070 1983 1076 2000 ι

385 2011 434 2041 sic
451 2015 487 2041 et
507 2011 663 2042 Gronovii
690 2012 833 2043 edidere.
877 2012 942 2043 Alii
960 2012 1080 2045 Roma-

384 2055 436 2084 nis
448 2066 458 2083 .-
483 2054 579 2085 male.

429 2099 467 2128 31
494 2097 721 2138 stipendiarii]
748 2098 988 2138 Slipemliarius
1009 2099 1080 2129 vul-

385 2150 427 2180 go
443 2146 493 2170 est
510 2141 535 2171 is
552 2142 607 2180 qui
631 2142 832 2181 stipendium
859 2142 969 2172 solvit.
1015 2141 1079 2172 Hic

385 2188 503 2214 contra
516 2185 662 2215 sumitur
679 2194 736 2224 pro
752 2193 790 2215 eo
805 2186 859 2224 qui
875 2185 1078 2225 stipendium

384 2227 517 2266 accipit.
565 2227 742 2268 Postquam
770 2229 974 2268 stipendiarii
986 2228 1080 2268 sacti

384 2274 473 2307 sunt,
491 2270 511 2300 i.
522 2280 552 2301 e.
568 2275 743 2310 postquam
760 2272 926 2312 stipendia
939 2272 978 2302 de
996 2272 1078 2312 pub-

386 2313 451 2343 lico
467 2314 616 2353 accipere
631 2324 770 2353 crepere.

429 2358 469 2387 32
495 2356 596 2388 Scuta
607 2367 667 2396 pro
681 2360 795 2397 clypeis
807 2356 936 2397 see-ew]
963 2358 1075 2397 Quum

385 2405 485 2429 antea
499 2410 574 2439 pars
590 2402 705 2437 scutis,
717 2411 791 2441 pars
807 2401 928 2441 clypeis
943 2407 1077 2431 uteren-

385 2444 454 2480 tur,
471 2449 510 2473 ut
532 2450 664 2474 constat
687 2453 723 2473 ex
742 2444 805 2474 1.·1.
829 2454 857 2474 c.
880 2447 932 2475 42.
962 2454 1076 2474 omnes

385 2490 501 2525 postea
516 2487 618 2516 scutis
631 2488 679 2516 usi
697 2492 786 2517 sunt.
820 2486 870 2517 Do
886 2487 1075 2518 discrimine

386 2529 475 2559 inter
488 2536 621 2559 scutum
639 2534 672 2560 et
688 2530 837 2570 clypeum
856 2530 921 2561 vid.
936 2535 1006 2560 not.
1023 2533 1074 2561 20.

385 2571 427 2601 ad
441 2571 550 2602 locum
569 2573 666 2603 morlo
683 2579 915 2604 memoratum.

428 2617 470 2646 33
493 2615 554 2652 Ee,
570 2616 653 2655 quod
662 2620 759 2646 antea
769 2617 953 2656 phalanges
963 2637 970 2646 .
983 2637 991 2644 .
1005 2616 1072 2655 hoc]

386 2655 579 2696 Elegantius
597 2659 661 2698 legi
675 2659 851 2696 videretur,
863 2660 949 2699 quod
963 2666 1073 2689 mouet

385 2699 583 2738 Gronovius,
606 2701 667 2739 Et,
684 2712 754 2742 quoe
778 2707 875 2732 antea
894 2704 1075 2742 phalanges

384 2765 392 2772 .
405 2763 414 2773 .
424 2763 434 2773 .
446 2745 511 2774 hoec
519 2749 626 2783 postea
639 2767 647 2775 .
657 2766 664 2775 .
676 2765 684 2774 .
698 2746 789 2775 acies.
830 2746 871 2776 Et
889 2755 963 2775 vero
979 2745 1044 2774 duo
1057 2755 1073 2775 e

327 2815 329 2817 ,
383 2787 503 2816 nostris
519 2786 608 2817 libris
625 2787 747 2818 liabent
758 2790 833 2818 hoec.
866 2790 987 2818 Sensus
1003 2794 1051 2818 est
1065 2800 1071 2817 :

381 2827 484 2869 Legio
500 2829 650 2860 Romana
661 2836 731 2861 erat
744 2832 850 2871 primo
863 2831 978 2862 similis
993 2830 1074 2870 pha-

381 2871 471 2912 langi
488 2869 728 2913 Macedonica»,
743 2880 775 2905 et
794 2878 865 2905 tota
881 2874 980 2905 simul
996 2883 1073 2904 cou-

1125 1625 1157 1653 in
1173 1623 1320 1662 quolibet
1337 1623 1508 1662 manipulo
1523 1622 1588 1652 duo
1600 1625 1706 1651 erant.
1750 1621 1813 1651 Ce-

1119 1671 1228 1697 terum
1245 1666 1405 1706 manipuli
1419 1665 1551 1705 quidem
1564 1664 1656 1695 fuere
1665 1665 1736 1703 jam
1748 1664 1812 1695 sub

1119 1709 1275 1747 Romulo,
1290 1715 1389 1749 atque
1401 1710 1500 1739 etiam
1514 1714 1592 1739 ante
1606 1708 1720 1738 urbem
1734 1717 1812 1738 cou-

1121 1753 1238 1790 (litam,
1254 1758 1291 1783 ut
1315 1757 1447 1782 constat
1467 1762 1506 1782 ex
1521 1751 1711 1781 testimonio
1725 1751 1812 1781 Auc-

1121 1797 1202 1827 toris
1228 1795 1300 1826 iibri
1322 1796 1361 1826 de
1390 1795 1482 1834 Orig.
1509 1795 1619 1833 gentis
1642 1793 1739 1832 Rom,
1771 1804 1810 1824 ex

1122 1839 1218 1870 Ovid.
1234 1839 1255 1870 l.
1278 1839 1336 1869 ΙΙΙ.
1359 1838 1445 1869 Fast.
1465 1849 1493 1868 v.
1525 1841 1595 1872 117.
1614 1842 1648 1868 et
1673 1836 1759 1867 Plut.
1775 1838 1810 1867 in

1121 1883 1218 1913 Rom.
1262 1882 1385 1913 Verum
1401 1881 1461 1912 hoc
1476 1881 1548 1911 vult
1565 1879 1689 1917 Livius,
1706 1881 1814 1910 inani-

1122 1926 1218 1966 pulos
1234 1927 1340 1966 primo
1355 1925 1473 1955 divisos
1484 1925 1516 1954 in
1531 1933 1643 1964 pugna
1657 1929 1692 1953 et
1706 1933 1813 1954 secre-

1120 1972 1172 1999 tos
1189 1979 1208 1998 a
1223 1979 1256 1999 se
1272 1968 1412 1998 invicem
1431 1977 1497 1998 non
1519 1965 1631 2004 fuisse,
1647 1975 1708 1996 nec
1723 1967 1814 1997 inter

1123 2021 1178 2042 eos
1195 2011 1310 2042 relicta
1324 2010 1508 2042 intervalla.
1553 2010 1605 2040 Sic
1621 2018 1656 2040 et
1671 2011 1742 2050 ipsa
1755 2009 1814 2040 ina

1123 2055 1346 2086 Macedonum
1376 2053 1534 2094 phalanx,
1563 2054 1711 2093 quamvis
1739 2051 1812 2084 om-

1124 2099 1179 2129 nia
1194 2099 1347 2129 devincta
1362 2102 1395 2127 et
1404 2098 1524 2136 juncta
1536 2097 1568 2127 in
1581 2098 1651 2127 acie
1662 2095 1811 2134 haberet,

1123 2142 1239 2172 habuit
1255 2148 1366 2172 tamen
1392 2140 1582 2171 discrimina
1602 2148 1662 2170 sua
1683 2144 1718 2172 et
1740 2148 1810 2170 sec-

1121 2187 1229 2216 tiones
1255 2194 1358 2226 usque
1389 2183 1430 2214 ad
1459 2184 1624 2214 centurias
1647 2187 1683 2213 et
1712 2181 1812 2214 decu·-

1123 2237 1197 2260 rins.

1163 2272 1245 2311 Qum
1270 2276 1455 2310 sequuntur
1477 2270 1511 2300 in
1526 2268 1632 2306 Livio,
1648 2277 1751 2308 quum
1774 2269 1810 2298 in

1122 2315 1236 2345 multis
1250 2315 1369 2344 vitiata
1380 2314 1567 2349 videantur,
1577 2310 1699 2352 duplici
1712 2311 1810 2342 modo

1121 2358 1171 2388 edi
1190 2358 1397 2388 curavimus:
1424 2367 1461 2386 ac
1481 2359 1522 2387 1⁰.
1544 2360 1674 2386 textum
1700 2355 1808 2394 ipsum

1122 2402 1216 2436 Livii,
1234 2401 1339 2440 qualis
1363 2401 1396 2430 in
1420 2399 1560 2439 vulgatis
1576 2397 1738 2435 habetur;
1762 2400 1808 2429 530.

1120 2445 1274 2474 eumdem
1291 2448 1422 2474 testum
1439 2453 1458 2472 a
1470 2442 1580 2482 Lipsio
1592 2439 1807 2471 emendatum

1120 2488 1324 2518 exhibemus.
1360 2488 1397 2517 Iu
1413 2495 1452 2516 eo
1467 2483 1716 2525 interpretando
1735 2482 1809 2524 Lip-

1120 2532 1204 2560 siuui
1228 2540 1357 2569 quoque
1383 2529 1564 2568 sequimur,
1586 2527 1642 2566 qui
1667 2526 1708 2556 de
1735 2532 1809 2556 toto

1121 2574 1182 2604 hoc
1206 2574 1276 2603 loco
1303 2573 1375 2603 fuse
1401 2571 1555 2613 disseruit
1571 2569 1591 2600 l.
1610 2570 1653 2613 II.
1676 2569 1716 2600 de
1733 2569 1805 2601 Mil.

1119 2617 1215 2651 Rom.
1234 2616 1321 2647 Dial.
1337 2619 1366 2648 3.

1161 2663 1201 2690 5³4
1230 2658 1314 2689 Ordo
1327 2666 1498 2697 sexagenos
1519 2657 1637 2687 milites
1662 2659 1692 2686 et
1714 2655 1807 2695 duos]

1118 2703 1210 2733 Nihil
1227 2703 1349 2732 certius
1366 2702 1425 2731 hac
1441 2700 1544 2740 Lipsii
1562 2698 1804 2729 emendatione.

1120 2745 1228 2786 Polyb.
1248 2745 1268 2775 l.
1286 2745 1341 2775 vl.
1358 2750 1470 2784 aperte
1487 2744 1520 2773 in
1536 2742 1682 2782 quolibet
1700 2742 1807 2772 inani-

1118 2789 1196 2828 pulo
1219 2788 1299 2818 «luas
1323 2787 1499 2825 distinguit
1521 2789 1642 2826 partes,
1657 2785 1805 2815 dextram

1118 2839 1151 2861 et
1168 2831 1334 2861 sinistram
1353 2843 1359 2860 :
1384 2830 1502 2868 cuique
1518 2829 1604 2869 parti
1619 2837 1716 2858 suum
1729 2837 1807 2857 cen-

1118 2875 1297 2912 turionem,
1313 2883 1475 2912 suumque
1495 2871 1690 2912 signiferum
1706 2871 1808 2909 assigg
