1969 3239
534 138 537 141 “
573 146 694 184 LIB.
723 146 789 183 vl.
830 145 960 182 cAP.
987 143 1216 179 xxxvm.
1528 145 1606 181 389

167 258 239 295 re3
282 258 436 286 novam
479 246 746 302 rogationem
778 242 1067 298 promulgant,
1090 251 1137 283 ut
1169 256 1247 297 pro
1276 241 1511 282 duumviris
1542 256 1606 283 sa-
1619 260 1660 291 U.
1676 259 1713 290 C.
1732 258 1805 288 326.

166 302 247 342 cris
283 301 496 343 faciundis
528 301 756 344 decemviri
790 310 1012 350 creentur3
1045 300 1104 340 ita
1126 310 1173 340 ut
1206 303 1233 323 ⁵¹
1255 313 1347 354 pars
1380 312 1432 338 ex
1469 299 1606 354 plebe,
1619 305 1656 336 A.
1673 303 1709 333 C.
1725 303 1800 333 366.

165 372 262 413 pars
283 373 337 399 ex
362 359 562 400 Patribus
587 360 682 400 fiat:
715 358 992 411 omniumque
1013 371 1155 397 earum
1185 355 1452 411 rogationum
1476 357 1609 396 comi-

169 416 228 456 tia
250 417 291 456 in
322 416 550 457 adventum
575 417 665 472 ejus
687 414 900 456 exercitus
932 413 1150 464 differunt,
1171 413 1243 468 qui
1278 411 1460 453 Velitras
1494 413 1609 454 obsi-

170 472 312 514 deba&

230 527 515 571 XXXVIII.
547 525 670 566 Prius
702 528 986 569 circumactus
1019 535 1082 567 est
1115 540 1266 576 annus,
1287 539 1416 581 quam
1450 541 1474 566 a
1495 525 1612 566 Veli-

175 586 250 626 tris
283 586 583 627 reducerentur
615 583 818 639 legiones.
852 585 910 625 ita
943 598 1147 640 suspensa
1178 584 1231 624 de
1263 583 1430 638 legibus
1464 596 1528 623 res
1559 583 1612 623 ad

173 657 309 684 novos
332 642 524 683 tribunos
546 640 730 682 militum
752 642 897 682 dilata.
918 655 1018 682 nam
1039 641 1175 696 plebis
1198 640 1393 681 tribunos
1425 639 1613 689 eosdem,

174 699 281 739 duos
313 699 474 754 utique,
504 698 628 753 quiac
658 697 799 753 legum
832 698 986 739 latores
1016 707 1150 747 erant,
1174 698 1317 753 plebes
1348 696 1613 737 reficiebant.

172 755 352 797 Tribuni
384 755 565 795 militum
599 756 728 796 creati
764 755 814 796 T.
848 755 1095 805 Quinctius,
1127 755 1216 795 Ser.
1249 752 1488 803 Cornelius,
1524 752 1813 796 Ser.U.c.237.

176 812 406 868 Sulpicius,
438 811 511 866 Sp.
535 811 754 863 Servilius,
787 812 835 853 L.
862 812 1072 866 PapiriuS‚
1097 811 1144 852 L.
1169 810 1386 851 Veturius.
1446 809 1664 851 Princi-A-
1684 807 1720 836 C.
1736 808 1812 856 ,3⁶5-

176 870 248 925 pio
270 870 412 910 statim
445 869 544 910 anni
574 869 626 909 ad
659 869 852 910 ultimam
883 869 1201 910 dimicationem
1234 868 1287 908 de
1316 867 1484 923 legibus
1516 851 1829 924 ven-{gffgf'ssn

178 935 294 968 tum:
327 937 383 976 et,
415 941 546 981 quum
582 926 717 966 tribus
750 934 1018 977 vocarentur,
1043 939 1119 966 nec
1152 925 1399 965 intercessio
1431 923 1615 979 collega·
1628 916 1699 967 nni.

177 997 268 1024 rum
291 983 496 1023 latoribus
519 983 725 1034 obstaret,
749 983 901 1039 trepidi
925 982 1073 1024 Patres
1091 982 1144 1023 ad
1166 982 1250 1023 duo
1270 981 1422 1021 ultima
1441 981 1616 1031 auxilia,

177 1053 391 1081 summum
414 1040 639 1095 imperium
662 1054 960 1095 summumque
982 1039 1034 1080 ad
1057 1040 1211 1089 civem,
1232 1038 1476 1079 decurrunt.
1512 1036 1617 1078 Dic·
1629 1046 1771 1075 Dictator

179 1104 359 1138 tatorem
381 1097 466 1137 dici
491 1096 644 1153 placet.
666 1097 823 1138 dicitur
846 1096 913 1137 M.
938 1096 1090 1137 Furius
1113 1095 1334 1146 Camillus,
1356 1095 1427 1150 qui
1462 1094 1618 1150 magis·
1630 1088 1825 1161 crffiturlga-

181 1163 292 1194 trum
316 1154 508 1208 equitum
534 1154 583 1195 L.
602 1153 828 1194 AEmilium
851 1163 1041 1209 cooptat.
1075 1153 1238 1208 Legum
1260 1167 1431 1207 quoque
1451 1142 1660 1202 latoreS,Iu
1700 1141 1734 1161 ⁰⁵
1796 1152 1802 1158 ”

179 1210 380 1252 adversus
411 1221 575 1251 tantum
607 1211 859 1266 adparatum
889 1211 1241 1260 adversariorum,
1262 1221 1304 1250 et
1325 1209 1406 1265 ipsi
1428 1223 1622 1249 caussam

183 1267 317 1322 plebis
339 1267 586 1323 ingentibus
609 1269 763 1308 animis
793 1276 988 1309 armant:
1018 1267 1288 1320 concilioque
1318 1265 1454 1320 plebis
1486 1265 1623 1306 indic-

182 1333 242 1374 to,
266 1325 400 1365 tribus
432 1325 482 1366 ad
515 1323 768 1380 suffragium
800 1334 969 1366 vocant.
1031 1324 1176 1371 Quum
1207 1324 1407 1373 dictator,
1438 1323 1622 1377 stipatus

182 1381 354 1436 agmine
388 1382 680 1436 patriciorum,
716 1381 862 1436 plenus
900 1382 972 1422 irae
1012 1382 1308 1435 minarumque
1343 1379 1623 1429 consedisset,

183 1448 313 1492 atque
332 1447 530 1493 ageretur
551 1452 614 1478 res
636 1438 761 1479 solito
783 1438 968 1493 primum
1003 1438 1234 1478 certamine
1267 1438 1377 1478 inter
1413 1450 1455 1477 se
1491 1436 1625 1476 tribu-

185 1508 334 1535 norum
361 1494 473 1550 plebi
486 1493 515 1545 ¹¹,
534 1494 761 1536 ferentium
785 1496 923 1550 legem
944 1495 1400 1548 intercedentiumque,
1416 1503 1474 1542 et,
1491 1507 1628 1547 quau-

184 1560 229 1591 to
255 1551 354 1606 jure
388 1553 605 1607 potentior
628 1552 874 1593 intercessio
903 1560 1006 1602 erat,
1029 1561 1194 1592 tantum
1220 1551 1459 1597 vinceretur
1481 1549 1627 1590 favore

184 1607 329 1663 legum
364 1608 550 1664 ipsarum
583 1608 863 1663 latorumque,
896 1617 954 1658 et,
989 1613 1019 1634 5²
1037 1607 1110 1648 Uti
1145 1623 1276 1663 rogas,
1310 1607 1456 1663 primae
1490 1607 1624 1646 tribus
1641 1617 1805 1645 Certamen

187 1664 405 1717 dicerent3
447 1674 537 1705 tum
579 1665 800 1716 Camillus,
841 1663 1195 1720 Quandoquidem,
1235 1665 1387 1719 inquit,
1427 1659 1831 1729 Quirites‚³¹¹{esdisst³'

174 1721 272 1777 jam
302 1736 371 1763 vos
404 1721 626 1762 ‘tribunicia
661 1722 804 1772 libido,
827 1737 903 1762 ηοη
930 1729 1121 1777 potestas,
1151 1722 1270 1777 regit,
1300 1727 1339 1762 et
1373 1707 1793 1776 intercessio-{2:313}³

186 1793 291 1828 uem,
312 1779 528 1819 secessione
548 1778 750 1834 qnondam
764 1779 897 1834 plebis
913 1785 1098 1834 partam,
1118 1779 1231 1819 vobis
1264 1777 1395 1819 eadem
1417 1777 1458 1818 vi
1473 1776 1628 1833 facitis

186 1835 369 1886 irritam,
390 1850 470 1891 qua
490 1836 700 1891 peperistis
715 1852 728 1886 ;
743 1851 835 1876 ἠοιι
856 1836 1087 1891 reipublice:
1116 1836 1245 1891 magis
1276 1835 1484 1885 *univer-sce,
1506 1848 1630 1889 quam

187 1898 326 1933 vestra
357 1907 520 1943 caussa,
552 1892 726 1934 dictator
759 1893 1027 1934 intercessioni
1059 1893 1194 1942 adero,
1215 1905 1472 1946 eversumque
1504 1896 1632 1931 53τετε--

191 1955 299 1989 trum
321 1949 522 1990 auwilium
544 1950 709 2004 imperio
732 1950 912 1991 tutabor.
973 1949 1136 2005 Itaque,
1157 1950 1190 1989 si
1214 1948 1262 1989 C.
1288 1947 1474 1989 Licinius
1505 1954 1541 1988 et
1575 1945 1631 1988 L.

193 2004 354 2047 Sextius
371 2007 643 2047 intercessioni
669 2006 914 2062 collegarum
946 2006 1118 2055 κάμπη
1154 2005 1259 2046 nillil
1284 2005 1509 2060 patricium
1540 2018 1628 2044 ma-

191 2062 411 2117 gistratum
442 2063 610 2104 inseram
642 2064 811 2104 concilio
836 2063 980 2118 plebis.
1011 2064 1045 2104 si
1076 2062 1263 2104 adversus
1298 2061 1623 2112 intercessionem,

193 2126 399 2174 tamquo-m
422 2127 546 2174 captae
565 2120 726 2171 civitati
748 2121 848 2176 leges
871 2121 1056 2175 inponere
1076 2119 1247 2168 tendent,
1267 2120 1350 2160 vim
1371 2117 1635 2160 tribuniciam

196 2190 220 2215 (ι
242 2190 281 2215 se
300 2175 386 2230 ipsa
414 2175 578 2217 dissolvi
600 2192 675 2218 uon
692 2178 852 2232 patiar.
912 2177 1127 2217 Adversus
1148 2191 1198 2217 ea
1218 2191 1347 2230 quum
1381 2174 1636 2217 contemtim

198 2232 356 2272 tribuni
382 2232 514 2288 plebis
544 2247 629 2273 rem
664 2234 798 2275 nihilo
831 2235 1004 2290 segnius
1038 2244 1302 2289 peragerent,
1326 2243 1418 2273 tum
1450 2232 1637 2287 percitus

196 2290 259 2329 ira
281 2288 487 2330 Camillus
508 2289 694 2342 lictores,
713 2291 784 2346 qui
807 2291 859 2331 de
882 2291 1020 2331 medio
1041 2290 1205 2346 plebem
1223 2301 1485 2339 emoverem,
1506 2288 1637 2329 misit.

196 2356 239 2387 et
266 2346 431 2395 addidit
463 2347 612 2396 minas,
635 2348 668 2387 si
706 2358 948 2403 pergerent,
970 2358 1236 2388 sacramento
1270 2361 1416 2387 omnes
1443 2345 1639 2400 juniores

195 2403 460 2455 adacturum,
501 2404 823 2460 exercitumque
860 2404 1087 2460 extemplo
1128 2419 1181 2445 ex
1227 2404 1330 2444 urbe
1367 2403 1639 2444 educturum.

562 2526 574 2540 Ψ
598 2523 652 2560 qui
667 2522 763 2552 Gron.
780 2523 870 2551 Crev.
1042 2521 1056 2542 (ἶ
1074 2523 1175 2562 plebei
1188 2523 1278 2553 Crev-

243 2613 277 2640 51
291 2608 417 2649 *ΡΜ-ε]
445 2609 603 2639 Dimidia.
948 2610 1061 2639 auxilii
1092 2611 1181 2640 vobis
1211 2609 1337 2640 ferendi
1367 2619 1466 2639 causa
1493 2609 1649 2639 instituta

242 2655 283 2684 5¹2
312 2653 367 2684 Ua·
382 2653 494 2692 rugas]
524 2652 558 2682 Id
575 2656 638 2689 est,
655 2652 714 2682 fiat
732 2653 780 2682 uti
798 2661 904 2691 rogas.
948 2659 1011 2690 est,
1026 2654 1164 2692 imperio
1182 2653 1358 2683 dictatorio
1374 2653 1518 2683 tutabor.
1547 2653 1649 2681 Penes

195 2693 276 2726 'Fuit
300 2696 367 2726 baec
393 2696 538 2726 solennis
567 2705 640 2732 vox,
671 2706 735 2734 qua
764 2695 904 2735 populus
947 2696 1112 2733 tribunos,
1140 2702 1178 2726 ut
1201 2698 1274 2734 jam
1300 2696 1473 2734 aliquoties
1501 2696 1651 2725 observa-

198 2739 349 2778 jubebat‚
366 2740 432 2769 sive
448 2740 610 2769 sciscebat
634 2739 665 2768 id
678 2739 766 2778 quod
790 2739 830 2769 ab
847 2738 906 2769 ali-
948 2745 1021 2769 tum
1039 2746 1102 2776 est,
1119 2739 1299 2778 auxiliijus
1314 2740 1524 2779 {imperium
1551 2746 1652 2777 penes

204 2792 268 2821 quo
284 2784 484 2821 magistratu
502 2787 687 2821 rogaretur.
948 2783 1104 2822 patricios
1122 2784 1350 2821 magistratus,
1366 2782 1530 2818 consules,
1546 2781 1653 2810 tribu-

248 2825 315 2855 53*
329 2826 481 2856 Vestrum
495 2827 659 2856 auxilium
674 2826 806 2864 imperio
820 2829 908 2855 tuta·
951 2834 1009 2856 nos
1027 2825 1172 2856 militum
1199 2826 1362 2857 consulari
1388 2831 1568 2867 potestate,
1585 2822 1654 2852 dic·

204 2868 271 2909 bor]
321 2868 525 2900 potestatem
571 2869 799 2908 tribunitiam,
833 2879 907 2909 quae
953 2874 1092 2905 tutores,
1109 2875 1192 2901 erat.

1001 2918 1120 2954 cc3
