1925 3239
519 128 579 168 LI
591 129 636 169 B.
665 127 736 170 lx,
773 130 897 168 CAP.
925 128 1034 168 VIII.
1422 132 1498 168 505

71 241 161 277 ¹tum
183 230 314 286 prius,
334 245 461 286 quam
485 231 717 273 indictum:
751 236 785 258 ⁹0
796 229 870 270 lati
894 229 1018 280 clavi,
1040 231 1068 253 ⁹¹
1086 228 1227 270 annuli
1248 230 1360 270 aurei
1384 230 1551 285 posi-12
1568 250 1605 281 C.
1621 252 1696 282 433.

74 290 135 339 εἰς
168 302 273 342 pene
306 289 498 329 moestior
527 288 716 328 exercitu
751 287 845 341 ipso
880 287 1030 327 civitas
1061 300 1175 327 esse:
1209 301 1286 326 nec
1317 287 1692 333 ducibusfficffle.

75 345 209 385 solum
233 355 358 400 atque
380 345 622 386 auctoribus
646 344 1005 399 sponsoribusque
1030 345 1144 398 pacis
1176 344 1312 394 irasci,
1336 343 1405 383 sed
1435 344 1500 383 in-

74 404 229 448 noxios
251 403 379 441 etiam
404 401 559 441 milites
578 401 732 450 odisse,
753 410 795 440 et
826 413 980 456 negare
1002 403 1102 440 urbe
1135 400 1308 439 tectisve
1338 400 1499 455 accipi.-

73 457 220 498 endos.
281 458 421 504 Quam
465 458 799 498 concitationem
839 458 1075 496 animorum
1121 455 1246 511 fregit
1295 456 1499 498 adventus

74 515 300 564 exercitus,
331 513 456 554 eti‘am
492 514 606 553 iratis
639 513 902 554 miserabilis.
936 527 1018 553 non
1051 513 1164 552 enim
1200 522 1412 567 tamquam
1455 514 1498 554 in

73 571 251 626 patriam
283 580 535 611 revertentes
568 584 621 611 ex
657 571 868 624 insperato
903 569 1150 619 incolumes,
1173 570 1243 609 sed
1277 580 1501 624 captorum

75 627 225 667 habitu
252 627 452 682 vultuque
476 627 649 681 ingressi
672 640 762 666 sero
786 627 826 666 in
852 627 1013 676 urbem,
1036 626 1094 665 ita
1115 640 1158 665 se
1189 626 1229 666 in
1266 627 1352 666 suis
1386 627 1502 681 quis-

75 698 158 738 que
181 685 303 724 tectis
325 684 591 733 abdiderunt,
607 691 653 723 ut
675 693 843 738 postero
865 693 990 737 atque
1012 683 1330 737 insequentibus
1353 682 1501 723 diebus

76 753 202 780 nemo
225 754 368 780 eorum
393 739 530 780 forum
555 750 626 780 aut
660 739 875 794 publicum
902 739 1117 794 adspicere
1140 738 1275 779 vellet.
1336 738 1503 779 Consu-

78 795 152 846 les,
176 796 218 836 in
242 797 403 851 privato
427 797 577 847 abditi,
602 796 704 836 nibil
735 810 811 851 pro
835 796 1083 851 magistratu
1115 810 1254 850 agere,
1278 796 1353 836 nisi
1387 797 1502 850 quod

75 866 323 908 expressum
355 852 722 894 senatusconsulto
753 864 830 904 est,
853 864 899 892 ut
929 853 1179 893 dictatorem
1213 853 1400 893 dicerent
1430 868 1503 894 co-

78 910 293 950 mitiorum
327 923 488 950 caussa.
548 910 605 955 Q.
639 909 817 950 Fabium
851 910 1106 949 Ambustum
1138 909 1351 959 dixerunt,
1377 921 1420 950 et
1453 910 1501 952 Ρ,
1515 920 1555 954 Q.
1570 921 1682 954 Fabius

78 965 240 1006 AElium
288 965 453 1006 Paetum
498 967 747 1021 magistrum
779 967 984 1020 equitum.
1014 966 1170 1020 quibus
1203 966 1306 1005 vitio
1337 968 1500 1016 creatis,
1514 965 1656 994 dictator.

77 1022 262 1062 subfecti
298 1021 362 1062 M.
397 1022 593 1063 AEinilius
630 1021 769 1077 Papus
802 1023 1000 1072 dictator,
1026 1022 1071 1062 L.
1096 1020 1288 1062 Valerius
1328 1022 1501 1064 Flaccus
1515 1036 1713 1071 MAEmffius

77 1080 281 1133 magister
311 1081 515 1133 equitum.
577 1079 668 1119 Nec
698 1092 773 1133 per
802 1093 872 1119 eos
903 1080 1079 1119 comitia
1108 1079 1278 1129 habita3
1316 1089 1372 1128 et,
1403 1080 1655 1135 quiadictator.

79 1136 262 1175 taedebat
287 1136 491 1190 populum
517 1136 705 1177 omnium
740 1136 1060 1190 magistratuum
1094 1135 1184 1189 ejus
1218 1136 1331 1185 anni,
1356 1151 1417 1176 res
1451 1137 1502 1177 ad

77 1190 366 1246 interregnum
411 1193 548 1233 rediit.
610 1191 846 1247 [ntem-eges
890 1192 944 1237 Q.
978 1191 1134 1232 Fabius
1170 1191 1403 1242 Maximus,
1436 1193 1669 1242 M.1nterreg-

79 1246 270 1288 Valerius
305 1248 483 1289 Corvus.
517 1250 549 1289 is
580 1248 772 1289 consules
803 1251 963 1289 creavit
995 1248 1049 1294 Q.
1085 1248 1311 1288 Publilium
1356 1249 1601 1298 Philo-nm,-

77 1316 174 1344 nem
209 1315 252 1344 et
288 1304 334 1346 L.
374 1305 589 1360 Papirium
629 1301 854 1345 Cursorem
892 1307 1058 1354 iterum,
1093 1306 1199 1345 haud
1235 1305 1365 1346 dubio
1398 1321 1500 1348 con·
1517 1288 1701 1361 ἳὲζῗζ

77 1374 203 1402 sensu
225 1361 425 1411 civitatIS‚
447 1363 560 1417 quod
586 1361 688 1411 nulli
711 1375 761 1401 ea
783 1371 1033 1417 tempestate
1054 1362 1179 1405 duces
1211 1361 1405 1403 clariores
1437 1378 1500 1403 es-
1516 1375 1546 1407 Q
1572 1375 1706 1404 Publilio

79 1427 187 1458 seut.
462 1425 467 1428 ·
1515 1419 1560 1448 111
1586 1419 1619 1447 L.
1629 1419 1716 1456 Papi-

137 1472 262 1514 VIII.
295 1474 395 1521 Quo
418 1474 544 1515 creati
566 1485 663 1516 sunt
693 1473 775 1525 die,
798 1489 847 1515 eo
870 1474 953 1528 (sic
975 1474 1085 1515 enim
1122 1474 1333 1529 placuerat
1365 1462 1715 1516 Pat1·i-¹'³⁰¹¹·0⁰⁵³·

81 1528 180 1580 bus)
205 1532 497 1587 magistratum
521 1531 719 1580 inierunt,
741 1537 773 1557 ⁹⁵2
789 1531 1145 1585 sollemnibusque
1168 1533 1504 1573 senatusconsul-

82 1586 135 1626 tis
158 1586 369 1642 perfectiS,
392 1588 444 1628 de
465 1601 568 1642 pace
592 1588 786 1629 Caudina
806 1589 1050 1627 retulerunt.
1071 1599 1114 1627 et
1137 1587 1358 1639 Publilius,
1378 1603 1505 1643 penes

81 1657 207 1697 quem
232 1642 365 1684 fasces
391 1654 526 1694 erant,
551 1643 633 1684 Dic
665 1644 734 1698 Sp.
758 1643 958 1693 Postumi,
983 1645 1130 1699 inquit.
1193 1644 1278 1691 Qui
1312 1646 1382 1685 ubi
1417 1660 1506 1686 sur-

81 1700 210 1749 rexit,
231 1701 380 1740 eodem
411 1700 483 1740 illo
505 1701 640 1751 vultu,
661 1715 746 1755 quo
782 1702 860 1741 sub
888 1701 1042 1756 jugum
1077 1701 1226 1741 missus
1248 1712 1350 1752 erat,
1375 1701 1507 1743 Haud
1518 1713 1666 1743 Postumii

79 1769 168 1796 sum
201 1756 381 1812 ignarus,
413 1756 565 1812 inquit,
596 1757 782 1807 consules,
800 1757 1043 1813 ignonzz'niae,
1064 1771 1141 1797 uon
1175 1757 1335 1799 lionoris
1365 1772 1504 1800 caussa
1518 1757 1711 1804 magnanima

78 1826 140 1860 me
152 1814 333 1867 primum
354 1813 568 1854 excitatum
577 1814 819 1870 jussumque
841 1813 986 1864 dicere,
1008 1828 1085 1854 non
1116 1821 1320 1870 tamquam
1349 1802 1682 1857 senato-sententia.

79 1883 176 1918 rem,
196 1869 264 1910 sed
292 1876 500 1925 tamquam
530 1884 640 1910 reum
670 1884 751 1925 qua
784 1869 958 1926 infelicis
993 1870 1102 1919 belli,
1124 1885 1204 1925 qua
1236 1871 1506 1926 ignominiosce

72 1925 205 1982 pacis.
239 1924 329 1981 Ego
352 1932 496 1976 tamen,
509 1926 670 1981 quando
692 1940 813 1981 neque
833 1926 880 1967 de
901 1941 1004 1967 noxa
1025 1933 1161 1967 nostra
1184 1942 1306 1982 neque
1324 1928 1372 1968 de
1386 1943 1505 1982 poena

81 1981 286 2032 retulistis,
316 1982 459 2022 omissa
479 1981 718 2038 defensione,
750 1997 836 2037 (μιᾶς
866 1997 944 2023 non
984 1983 1222 2036 difficillima
1263 1991 1359 2025 esset
1397 1985 1510 2039 apud

79 2036 191 2078 haud
209 2037 376 2093 ignaros
381 2037 652 2094 fortunarum
671 2038 937 2083 humanarum
968 2039 1335 2095 rzecessitcttumque‚
1356 2049 1508 2082 senten-

78 2094 180 2134 tiam
208 2094 256 2134 de
283 2109 342 2143 eo,
370 2095 417 2135 de
446 2109 522 2150 quo
553 2095 766 2144 retulistis,
786 2095 926 2150 paucis
951 2109 1162 2150 peragam.
1193 2111 1277 2151 quae
1315 2099 1507 2139 sententia

77 2150 189 2191 testis
219 2150 309 2203 erit,
330 2150 493 2202 mihine,
515 2166 569 2193 an
600 2151 821 2209 legionibus
852 2152 989 2192 vestris
1014 2153 1275 2207 pepercerim,
1296 2168 1419 2208 quum
1448 2169 1509 2198 me

125 2276 167 2306 20
191 2275 270 2306 Lati
299 2273 395 2314 clavi]
428 2276 535 2308 Latus
565 2278 675 2307 clavus
705 2281 776 2307 erat
820 2275 910 2306 vium
927 2275 1124 2307 annulorum
1150 2288 1325 2308 aureorum
1347 2280 1508 2311 occurrit:

81 2319 199 2350 tunica
221 2320 394 2361 purpureis
419 2319 614 2358 quibusdam
644 2320 676 2349 iu
707 2330 777 2349 mo-
822 2330 883 2350 ner:
900 2330 939 2350 ex
957 2321 1018 2350 hoc
1035 2320 1105 2350 loco
1123 2321 1344 2359 colligendum
1362 2330 1412 2352 est
1435 2329 1510 2354 tum

85 2361 164 2391 dum
182 2361 362 2399 clavorum,
379 2362 483 2400 iisque
499 2362 574 2392 latis
590 2366 624 2392 et
647 2364 778 2402 amplis,
822 2363 973 2402 vulgares
988 2364 1163 2394 admodum
1178 2364 1289 2395 fuisse.
1305 2365 1378 2396 vid.
1395 2371 1428 2396 et
1441 2371 1510 2397 not.
1540 2377 1545 2381 ⁴

82 2405 229 2441 orbibus,
244 2404 293 2434 vel
308 2405 455 2442 intextis,
471 2405 522 2435 vel
535 2406 668 2442 insutis,
684 2415 780 2436 orna-
824 2409 853 2437 5.
871 2407 911 2436 ad
926 2418 954 2436 c.
969 2408 1020 2437 46.
1038 2407 1133 2437 iufra.

83 2451 130 2477 ta.
177 2446 280 2478 Latus
296 2447 405 2485 clavus
420 2454 492 2478 erat
514 2454 704 2487 senatorum
727 2450 778 2478 in·
864 2451 904 2481 ‘22
929 2449 1113 2479 solennibus
1130 2472 1138 2479 .
1149 2471 1156 2479 .
1172 2470 1180 2479 .
1192 2471 1200 2478 .
1213 2452 1505 2492 senatusconsultis]

87 2491 199 2529 signe:
224 2496 386 2530 angustus
403 2493 526 2528 clavus,
544 2492 706 2534 equitum.
821 2492 925 2522 Erant
955 2493 1104 2531 quaedain
1136 2493 1176 2522 ad
1207 2494 1380 2532 religiones
1411 2497 1513 2534 perti-

127 2536 164 2564 21
184 2534 309 2564 Annali
324 2534 432 2574 aum]
452 2533 620 2565 Annulnm
637 2543 775 2565 aureum
820 2536 948 2572 nentia,
966 2535 1004 2565 de
1017 2537 1134 2574 quibus
1151 2537 1263 2566 consul
1277 2538 1511 2576 magistratum

85 2582 254 2606 senatores
276 2582 310 2606 et
333 2576 458 2616 equites
481 2577 645 2608 Romanos
669 2583 777 2615 gesta-
821 2579 926 2607 iniens
949 2589 987 2607 ex
1011 2580 1138 2608 solenni
1157 2589 1245 2608 ruore
1261 2587 1414 2610 senatum
1431 2591 1511 2611 con-

87 2620 171 2648 visse
194 2624 336 2656 constat,
368 2620 424 2650 sed
449 2630 514 2649 non
538 2621 772 2650 vetustioribus
817 2621 956 2650 sulebat.
1001 2621 1068 2653 Cic.
1093 2627 1165 2661 post
1188 2623 1329 2652 reditum
1352 2623 1393 2653 ad
1415 2624 1510 2663 Quir.

88 2661 275 2701 reipublicae
298 2663 515 2705 temporibus,
535 2663 652 2701 quibus
675 2673 772 2693 usum
817 2673 849 2694 n.
878 2667 924 2694 ll.
951 2664 1107 2694 Kalendis
1129 2665 1303 2702 ‹Ianum-iis
1326 2666 1369 2696 P.
1387 2666 1512 2697 Lentu·
1546 2672 1551 2677 ’

88 2704 287 2735 annulorum
305 2707 506 2749 rarissimum
530 2706 643 2742 fuisse,
659 2715 778 2743 eosque
824 2708 874 2736 lus
888 2710 1006 2745 consul,
1022 2709 1120 2738 simul
1133 2717 1172 2737 αι·
1186 2709 1224 2738 cle
1243 2709 1363 2738 solenni
1385 2712 1513 2749 religio-

88 2747 197 2786 primo
213 2747 334 2778 ferreos
350 2750 468 2787 gestari
487 2749 597 2779 solitos
621 2758 690 2778 esse
713 2756 781 2778 tra-
824 2759 863 2779 ne
891 2751 1016 2788 retulit,
1040 2752 1122 2780 w'ltil
1152 2752 1373 2782 humanarum
1399 2763 1512 2783 rerum

89 2790 137 2819 dit
157 2789 280 2820 Plinius
296 2791 316 2821 l.
333 2792 494 2822 XXXIII.
511 2803 539 2822 c.
560 2795 584 2821 l.
602 2791 644 2821 Et
660 2802 694 2821 re
711 2792 782 2830 qui-
825 2793 997 2832 εὶὺὶρνιίιε,
1014 2803 1110 2835 quam
1128 2794 1165 2823 de
1183 2804 1233 2824 me
1249 2796 1412 2834 agendum
1420 2795 1514 2837 judi·

91 2832 168 2863 dem
184 2833 256 2875 ipsa
271 2833 343 2866 haec
360 2835 467 2875 prima
481 2835 606 2866 mentio
620 2834 709 2875 apud
727 2834 784 2867 Li·
826 2838 924 2867 cavit.
