1991 3250
168 208 251 239 U.C

167 253 261 285 A.C.

384 98 437 136 96
925 91 1063 134 ΤΙΤΙ
1099 88 1274 133 LIVII

255 209 350 240 ‚24st
383 193 620 236 vadentem
643 193 756 246 inde,
777 209 862 250 qua
882 208 956 250 per
979 194 1186 250 trepidam
1209 192 1378 234 turbam
1404 200 1581 234 cruento
1603 205 1808 234 mucrone

276 253 349 285 5⁰6·
379 251 461 292 sibi
485 253 574 307 ipse
595 252 754 293 fecerat
785 251 912 302 viam,
930 265 1077 307 quum,
1098 264 1308 292 concursu
1337 249 1390 291 ad
1418 248 1646 291 clamorem
1677 248 1808 300 facto,

378 308 731 365 comprehensum
755 308 861 364 regii
885 308 1084 348 satellites
1107 307 1395 355 retraxissent,
1417 315 1516 346 ante
1538 306 1722 347 tribunal
1744 320 1808 347 re-

379 365 445 422 gis
464 366 709 416 destitutus,
732 374 820 406 tum
845 378 1029 419 quoque,
1051 364 1161 405 inter
1183 373 1320 404 tantas
1342 363 1526 404 fortunae
1548 363 1700 414 minas,
1721 377 1808 404 me-

377 423 562 463 tuendus
582 422 736 478 magis,
759 436 884 477 quam
916 431 1132 462 metuens:
1166 419 1374 461 Romanus
1402 433 1502 470 sum,
1523 419 1677 474 inquit,
1696 420 1807 461 civis.

380 477 429 521 C.
449 478 638 521 Mucium
658 485 817 520 vocant.
841 477 960 518 hostis
980 477 1125 518 hostem
1147 476 1319 518 occidere
1339 475 1463 518 volui.
1485 491 1552 517 nec
1575 475 1629 516 ad
1645 482 1807 517 mortem

375 535 507 577 minus
535 535 664 576 animi
693 542 762 586 est,
797 548 917 589 quam
931 531 1029 630 {uit
1059 533 1114 574 ad
1146 532 1301 574 casdem.
1363 533 1420 579 Et
1436 531 1581 589 facere
1609 539 1646 573 et
1674 533 1808 586 ”pati

363 591 519 650 sertia,
543 592 774 633 Romanum
795 597 864 631 est.
927 590 1011 631 rec
1042 604 1145 630 unus
1170 593 1211 630 in
1241 596 1278 631 te
1306 604 1376 646 ego
1405 589 1473 630 lios
1501 590 1653 629 animos
1680 588 1809 644 gessi.-

377 649 518 705 longus
535 655 622 703 post
642 662 703 688 me
722 647 818 688 ordo
839 654 893 688 est
915 647 1018 687 idem
1033 647 1252 702 petentium
1273 646 1400 687 decus.
1462 645 1645 687 Proinde
1665 646 1708 686 in
1737 644 1809 685 hoc

376 704 601 756 discrimen,
623 705 656 745 si
664 705 807 760 juvat,
829 703 1054 759 adcingere‚
1072 711 1116 744 ut
1137 703 1180 744 in
1200 703 1379 759 singulas
1408 702 1526 744 lzoras
1554 705 1587 728 ⁷¹²
1600 703 1729 758 cupite
1747 701 1809 742 di-

376 763 495 803 mices·
517 769 610 810 ίιιος
627 761 792 817 serrum
814 760 1037 816 hostemque
1057 759 1099 800 in
1130 759 1322 801 vestibulo
1351 759 1496 800 habeas
1525 760 1656 815 regiae.
1721 757 1809 800 Hoc

376 818 453 860 tibi
468 819 667 875 juventus
690 817 877 859 Romana
900 817 1111 858 indicimus
1141 815 1296 857 bellum.
1358 815 1529 857 Nullam
1558 818 1697 867 aciem,
1717 814 1808 856 mcl-

377 875 461 916 lum
484 874 673 931 proelium
708 876 900 916 timueris.
981 873 1063 914 Um·
1103 872 1193 924 tibi,
1223 880 1260 914 et
1300 887 1388 913 cum
1426 872 1594 930 singulis
1623 887 1682 913 res
1720 873 1809 912 erit.

379 932 526 978 Quum
566 946 655 983 reX,
685 931 809 972 simul
848 931 954 971 ⁷³ira
989 929 1192 981 infensus,
1229 929 1503 985 periculoque
1538 929 1810 979 conterritus,

380 989 635 1030 circumdari
677 988 798 1044 ignes
838 987 1159 1028 minitabundus
1196 986 1382 1041 juberet,
1423 986 1504 1027 nisi
1541 995 1812 1041 expromeret

378 1060 572 1103 propere,
599 1060 704 1101 quas
734 1045 980 1086 insidiarum
1013 1044 1092 1085 sibi
1124 1044 1259 1085 minas
1291 1057 1365 1098 per
1394 1044 1596 1097 ambages
1620 1043 1810 1097 jaceret:

381 1103 451 1145 En
481 1103 572 1153 tibi,
596 1103 748 1157 inquit,
769 1110 813 1144 ut
842 1104 999 1152 sentias,
1021 1116 1141 1157 quma
1170 1100 1248 1141 vile
1276 1115 1416 1156 corpus
1448 1101 1500 1141 sit
1520 1101 1583 1150 iis,
1604 1101 1674 1155 qui
1693 1113 1812 1155 mag-

380 1175 474 1201 nam
501 1159 678 1216 gloriam
713 1159 872 1200 vident:
911 1163 943 1187 ⁷⁴
957 1159 1237 1213 dextramque
1266 1172 1447 1198 accenso
1469 1157 1522 1197 ad
1553 1156 1810 1197 sacrificium

381 1217 525 1258 foculo
550 1216 705 1271 injicit.
727 1230 854 1271 quam
878 1230 1006 1271 quum
1038 1215 1152 1256 velut
1183 1214 1364 1255 alienato
1386 1215 1441 1254 ab
1474 1227 1596 1254 sensu
1634 1220 1811 1254 torreret

380 1274 553 1325 anim03
582 1277 762 1328 ⁷⁵prope
782 1273 996 1313 adtonitus
1020 1271 1220 1312 miraculo
1251 1285 1342 1322 rex,
1364 1284 1495 1326 quum
1525 1272 1575 1311 ab
1606 1270 1704 1311 sede
1733 1283 1811 1311 sua

379 1331 655 1387 prosiluisset,
677 1330 948 1385 amoverique
976 1330 1029 1370 ab
1059 1328 1260 1370 altaribus
1284 1328 1487 1383 juvenem
1512 1327 1724 1383 jussisset,
1748 1326 1813 1369 Tu

380 1402 472 1429 vero
494 1387 573 1435 ati,
597 1388 749 1442 inquit,
770 1389 812 1428 in
833 1394 871 1428 te
890 1388 1032 1442 magis,
1054 1401 1174 1444 quam
1197 1387 1241 1426 in
1259 1399 1321 1426 me
1350 1383 1511 1426 hostilia
1539 1398 1671 1426 ausus.
1729 1382 1812 1425 Ju-

381 1443 508 1485 berem
528 1450 655 1484 macte
683 1447 832 1485 virtute
860 1458 947 1494 esse,
969 1445 1003 1484 si
1025 1458 1102 1498 pro
1132 1457 1217 1483 mea
1241 1443 1379 1497 patria
1410 1443 1492 1482 ista
1520 1443 1648 1482 virtus
1673 1446 1811 1482 staret.

381 1499 502 1542 Nunc
523 1502 660 1557 ⁷⁶jure
681 1500 773 1542 belli
793 1500 957 1542 liberum
988 1507 1039 1550 te,
1062 1501 1255 1540 intactum
1287 1497 1607 1554 inviolatumque
1636 1497 1728 1539 hinc
1747 1495 1810 1538 di-

379 1561 508 1599 mitto.
567 1557 674 1598 Tum
708 1557 897 1609 Mucius,
927 1557 1042 1613 quasi
1076 1570 1342 1597 remunerans
1373 1556 1584 1605 meritum,
1619 1553 1812 1610 Quando-

380 1615 554 1671 quidem,
572 1615 726 1670 inquit‚
747 1622 800 1655 est
821 1614 930 1669 apud
949 1621 986 1656 te
1009 1616 1154 1654 virtuti
1182 1613 1317 1663 honos,
1338 1619 1382 1652 ut
1413 1612 1596 1666 beneficio
1626 1610 1766 1652 tuleris
1785 1625 1811 1651 a

377 1686 451 1723 me,
473 1671 580 1727 quod
606 1673 729 1712 minis
758 1673 959 1727 nequis-m
1000 1671 1164 1712 trecenti
1193 1670 1491 1726 conjuravimus
1514 1669 1718 1723 principes
1733 1667 1810 1722 ju·

378 1729 551 1770 veritatis
572 1727 782 1779 Romame,
803 1735 848 1769 ut
875 1728 917 1769 in
943 1735 979 1769 te
1012 1728 1085 1768 hac
1107 1727 1177 1768 via
1195 1740 1483 1783 grassaremm.
1544 1723 1645 1765 Mea
1672 1725 1810 1779 prima

378 1800 459 1826 sors
464 1785 574 1842 ficit.
596 1786 727 1836 ceteri,
747 1789 779 1812 ⁷⁷
794 1792 838 1826 ut
859 1786 999 1841 cuique
1020 1783 1201 1826 ceciderit
1225 1786 1372 1839 primo,
1394 1781 1527 1838 quoad
1555 1788 1592 1823 te
1620 1787 1809 1837 opportu-

376 1857 472 1884 mim
479 1845 661 1899 fortuna
683 1841 852 1892 dederit,
872 1857 942 1883 suo
963 1842 1124 1898 quisque
1143 1848 1327 1897 tempore,
1346 1840 1529 1880 aderunt.

433 1899 573 1941 Xlll.
606 1899 805 1941 Mucium
827 1900 1063 1951 dimissum,
1086 1899 1154 1940 cui
1178 1908 1328 1955 postea
1353 1902 1385 1926 ⁷⁸
1400 1895 1606 1938 Scaevolae
1636 1910 1663 1950 a.
1690 1893 1810 1936 clade

418 2008 454 2039 71
470 2005 488 2022 ’⁶
502 2005 579 2035 Pati
594 2002 719 2044 sortia]
748 2004 821 2034 Pati
847 2013 898 2039 ea,
914 2012 987 2041 quae
1004 2011 1069 2032 non

373 2049 478 2088 possit
493 2049 647 2086 tolerare,
661 2048 723 2078 uisi
735 2046 829 2078 fortis
840 2052 874 2077 et
887 2046 1070 2076 constantis

376 2093 478 2122 animi
500 2093 557 2121 vir.

418 2138 458 2168 72
489 2134 598 2174 Capite
622 2135 755 2164 dimices
780 2131 847 2172 tuo]
876 2132 913 2162 In
940 2133 1069 2172 pericu-

375 2179 445 2209 lum
462 2177 501 2208 de
518 2179 586 2208 vita
608 2182 669 2207 tua
692 2177 814 2207 venias.
861 2177 908 2206 Ac
933 2176 1070 2206 sortasse

374 2222 429 2252 hic
447 2221 531 2251 desit
549 2220 714 2261 particula
735 2221 783 2250 de.
828 2220 957 2251 Dicunt
980 2220 1070 2250 enim

373 2266 486 2296 Latini
512 2266 550 2295 de
572 2266 689 2303 capite,
705 2263 743 2294 de
752 2262 915 2303 fhrtunz's,
942 2264 980 2293 de
1002 2265 1071 2301 glo-

374 2311 441 2346 ria,
469 2310 507 2339 de
532 2310 636 2339 salute
661 2308 837 2338 dimicare:
874 2317 934 2337 nce
965 2306 1070 2336 ullum

375 2353 468 2383 nobis
484 2352 648 2382 succurrit
671 2350 860 2390 exemplum
885 2359 1069 2390 suppressas

374 2396 617 2436 praepositionis
643 2395 677 2425 in
707 2392 869 2434 ejusmodi
896 2393 1071 2423 locutioni-

375 2440 447 2469 bus.

417 2486 457 2515 73
488 2483 543 2512 [να
573 2480 730 2521 iigt'ensus]
757 2480 864 2519 Magis
889 2480 998 2520 placet
1023 2481 1071 2509 in-

373 2535 502 2556 census:
528 2526 615 2564 quod
631 2526 812 2565 praeferunt
828 2524 893 2554 duo
910 2534 948 2554 ex
967 2523 1069 2554 licar-

376 2570 422 2598 nii
440 2569 618 2599 codicibus.

420 2616 460 2645 74
496 2611 735 2652 Dea-iramque]
775 2611 894 2650 Operae
926 2612 1069 2650 pretium

375 2660 426 2685 est
444 2655 551 2685 videre
572 2655 611 2685 de
635 2655 696 2685 hoc
722 2655 825 2686 Mucii
850 2654 938 2684 facto
962 2654 1071 2683 nobile

376 2697 522 2729 Martial.
539 2699 757 2737 epigramma,
776 2697 862 2736 quod
878 2703 929 2728 est
945 2699 996 2727 21.
1015 2697 1070 2728 lib.

378 2741 404 2772 Ι.
455 2742 655 2780 Quanquam
687 2742 757 2772 lioec
790 2740 903 2770 lectori
935 2740 1071 2770 cordato

378 2784 580 2814 mirabiliora
617 2785 778 2824 profecto,
810 2794 909 2822 quam
946 2785 1074 2813 veriora.

378 2828 590 2858 videbuntur.
635 2828 679 2858 Et
695 2828 827 2867 quidem
851 2827 890 2857 de
911 2827 965 2857 ‘his
988 2828 1073 2866 igni-

1115 2000 1189 2037 bus,
1206 2000 1394 2039 injectaque
1411 1998 1444 2028 in
1461 2007 1637 2028 accensum
1660 1996 1811 2029 foculum

1115 2054 1135 2074 a
1151 2044 1263 2074 Mucio
1279 2043 1396 2072 dextra
1411 2041 1487 2071 silet
1503 2041 1692 2081 Dionysius.

1158 2090 1198 2121 75
1208 2087 1227 2105 ²*
1239 2086 1346 2124 Prope
1375 2083 1543 2123 attonitus]
1580 2085 1756 2121 Attonitus,
1782 2085 1809 2115 si

1114 2132 1181 2161 vim
1204 2130 1292 2160 verbi
1309 2134 1451 2169 spectes,
1467 2132 1517 2157 est
1540 2128 1565 2158 is
1589 2128 1644 2167 qui
1668 2127 1808 2158 fulmine

1116 2174 1245 2204 afflatus
1261 2177 1324 2209 est,
1341 2173 1396 2211 qni
1413 2171 1549 2211 proinde
1569 2178 1703 2210 corpore
1719 2175 1754 2201 et
1777 2171 1821 2200 ad

1117 2219 1207 2248 nimo
1232 2215 1409 2246 immobilis
1436 2220 1560 2255 stupet.
1608 2213 1722 2253 ltaque
1744 2214 1812 2252 εἰς·

1116 2261 1306 2291 nificantior
1341 2258 1398 2289 illa
1428 2269 1487 2288 vox
1518 2263 1580 2296 est,
1611 2266 1709 2297 quam
1739 2256 1811 2287 haec

1117 2309 1241 2340 nostra,
1265 2312 1338 2342 quae
1369 2307 1483 2333 tamen
1510 2302 1550 2332 ab
1579 2311 1619 2331 ea
1645 2300 1810 2340 originem

1114 2348 1220 2384 ducit,
1237 2345 1357 2377 έΙωιηὸ.

1158 2392 1199 2425 76
1221 2390 1307 2421 dure
1338 2391 1409 2420 belli
1439 2386 1589 2426 liberum]
1619 2386 1809 2417 Immunem

1115 2435 1155 2464 ab
1172 2435 1223 2472 iis,
1240 2443 1313 2473 quae
1330 2434 1365 2464 in
1388 2439 1421 2464 te
1445 2432 1526 2462 mihi
1543 2432 1618 2471 jure
1635 2430 1713 2461 belli
1731 2429 1810 2460 lice-

1116 2482 1200 2509 rent.

1158 2525 1197 2556 77
1208 2521 1227 2540 *
1242 2520 1286 2552 Ut
1304 2521 1417 2561 cuique
1434 2519 1582 2550 ceciderit
1599 2517 1723 2558 primo]
1745 2516 1810 2546 Re·

1114 2565 1257 2595 secanda
1280 2564 1410 2594 videtur
1434 2573 1494 2592 vox
1518 2563 1646 2601 primo.-
1675 2569 1746 2599 qna*
1774 2563 1810 2590 et

1116 2609 1255 2648 impedit
1281 2616 1414 2638 sensnm
1441 2604 1550 2645 potius
1577 2614 1674 2643 quam
1696 2603 1808 2642 juvat,

1115 2659 1149 2682 ct
1182 2652 1247 2682 huc
1284 2651 1394 2691 potuit
1421 2649 1612 2688 immigrare
1643 2657 1682 2677 ex
1713 2656 1808 2677 versu

1116 2695 1330 2737 praeccdcnti,
1346 2694 1402 2723 ubi
1419 2693 1581 2732 reperitur
1595 2692 1721 2730 prima.

1159 2741 1199 2772 78
1225 2735 1385 2775 Scoevotoe]
1425 2737 1514 2776 Quia
1543 2736 1663 2765 amissa
1693 2733 1809 2763 dextra

1116 2791 1233 2817 manu,
1264 2780 1348 2811 laeva
1373 2780 1423 2810 uti
1453 2779 1645 2819 cogebatur,
1675 2779 1809 2806 vocatus

1116 2829 1168 2856 est
1189 2823 1345 2855 Scaevola.
1391 2823 1504 2855 Scaeva
1526 2822 1629 2860 enini,
1653 2830 1712 2851 seu
1736 2828 1809 2851 sca·-
