1925 3239
553 89 672 129 LIB.
699 88 806 128 vln.
844 88 976 126 CAP.
1002 86 1090 125 Vn.
1477 93 1555 127 455

126 203 203 231 seu
222 187 572 245 inexsuperabilis
586 189 648 229 vis
665 188 756 229 fati.
771 186 928 228 oblitus
947 186 1090 241 itaque
1111 185 1277 240 imperii
1302 186 1553 242 patrii‚con-
1567 199 1606 230 U.
1624 200 1660 232 c.
1675 202 1752 231 415.

127 247 352 301 suiumque
372 246 514 296 edicti,
537 259 726 301 praeceps
744 244 796 284 ad
818 243 860 284 id
879 252 1092 284 certamen
1115 244 1268 298 agitur,
1289 257 1389 297 quo,
1413 244 1603 285 vince-A·
1621 244 1658 274 C.
1677 247 1749 276 327·

127 313 206 352 ret,
221 318 274 344 an
296 303 545 352 vinceretur,
568 302 679 342 haud
702 300 883 341 multum
907 301 1141 340 interesset.
1164 299 1380 354 equitibus
1403 301 1553 340 ceteris

130 360 246 400 velut
267 360 318 400 ad
339 359 626 415 spectaculum
649 358 872 408 submotis,
889 357 1043 412 spatio,
1059 356 1172 412 quod
1192 356 1310 396 vacui
1334 355 1556 411 interjace-

132 417 206 457 bat
227 418 382 471 campi,
399 416 596 456 adversos
617 414 836 455 concitant
855 428 1009 468 equos:
1041 424 1098 463 et,
1120 426 1250 467 quum
1274 411 1438 452 infestis
1460 427 1554 453 cus-

132 473 305 528 pidibus
336 473 659 522 concurrissent,
692 470 845 511 Manlii
876 471 1017 526 cuspis
1050 483 1174 524 super
1211 467 1375 524 galeam
1405 468 1555 520 hostis,

132 529 261 570 Metii
294 537 406 569 trans
439 530 646 569 cervicem
667 528 763 582 equi
791 527 932 582 elapsa
961 535 1038 567 est.
1097 525 1382 571 Circumactis
1403 526 1556 566 deinde

129 587 264 641 equis,
286 599 416 639 quum
440 586 552 639 prior
569 586 621 625 ad
642 585 877 625 iterandum
898 585 1029 624 ictum
1054 582 1242 623 Manlius
1265 576 1554 623 consurrexis-
1566 596 1766 626 vincitMan-

129 653 220 693 set;
251 642 461 697 spiculum
483 642 591 682 inter
612 655 730 682 aures
762 641 858 696 equi
882 640 993 681 fixit.
1035 640 1089 681 ad
1113 639 1235 694 cujus
1258 638 1440 679 vulneris
1463 640 1638 679 sen-liu&

124 713 221 739 sum
243 713 375 753 quum
392 713 544 753 equnS,
566 699 776 754 prioribus
800 697 975 754 pedibus
1002 696 1168 746 erectis,
1191 710 1346 751 magna
1366 696 1408 736 vi
1426 706 1556 750 caput

130 765 338 810 quateret,
359 757 548 796 excussit
577 756 790 810 equitem:
833 768 956 810 quem
986 752 1164 808 cuspide
1195 767 1424 808 parmaque
1446 753 1557 794 inni-

132 826 239 862 sum,
260 812 533 853 adtollentem
567 826 609 853 se
639 813 692 852 ab
727 812 845 867 gravi
879 824 994 861 casu,
1017 809 1206 850 Manlius
1235 809 1475 864 abjugulo,
1498 809 1558 850 ita

131 878 180 910 ut
210 883 284 924 per
315 879 454 910 costas
481 868 638 909 ferrum
659 871 879 918 emineret,
900 876 1020 908 terrae
1050 866 1217 907 adfixit.
1249 865 1478 921 spoliisque
1498 865 1557 906 le-

132 926 211 966 ctis
243 926 294 966 ad
324 940 421 966 suos
447 937 652 975 revectus,
675 940 771 966 cum
804 935 961 966 ovante
993 923 1150 980 gaudio
1173 932 1312 963 turma
1333 923 1377 963 in
1404 931 1556 973 castra,

132 992 261 1037 atque
282 983 380 1023 inde
412 983 463 1024 ad
492 984 739 1038 praetorium
763 982 816 1023 ad
839 991 1016 1035 patrem,
1039 980 1190 1030 tendit,
1211 982 1242 1004 2⁶
1258 980 1430 1034 ignarus
1453 978 1558 1020 fatin

123 1038 365 1093 futurique,
387 1039 474 1080 laus
505 1054 557 1080 an
579 1054 712 1094 poena
745 1039 895 1079 merita
926 1048 1049 1088 esset,
1076 1035 1131 1076 Ut
1150 1050 1209 1076 me
1239 1051 1382 1087 omnes,
1403 1036 1557 1090 inquit,

126 1102 262 1150 pater,
291 1103 360 1136 tno
394 1097 586 1152 sangnine
613 1103 745 1136 ortum
774 1109 862 1136 vere
876 1094 1057 1150 sei-rent,
1082 1100 1319 1148 provocatus
1357 1092 1558 1148 equestria

132 1152 211 1193 lecec
232 1152 360 1207 spolia
383 1161 502 1208 capta
524 1167 570 1193 ex
589 1152 694 1194 lzoste
714 1167 806 1193 caeso
822 1158 954 1206 porto.
1015 1150 1145 1196 Quod
1178 1150 1249 1190 ubi
1271 1149 1434 1190 audivit
1454 1162 1598 1191 con-A
1614 1164 1699 1200 patre
1715 1170 1760 1190 se-

132 1209 210 1259 sul,
232 1210 465 1265 extemplo,
486 1210 619 1250 filium
641 1219 869 1259 aversatnS,
886 1207 1137 1249 concionem
1158 1205 1335 1247 classico
1357 1205 1552 1247 advocari
1567 1206 1633 1254 ⁰‚us'1
1649 1213 1759 1243 percu-

123 1266 272 1320 jussit.
304 1281 399 1320 quae
432 1267 504 1307 ubi
549 1266 744 1321 frequens
774 1266 989 1315 convenit,
1014 1261 1304 1317 Quandoque0,
1324 1263 1474 1317 inquit,
1496 1251 1655 1314 tmtrtur.

135 1322 184 1363 T.
203 1321 359 1373 Manli,
378 1338 499 1379 neque
515 1323 722 1377 imperium
744 1321 962 1371 consulare,
981 1335 1105 1376 neque
1124 1321 1364 1375 meyestatem
1373 1320 1558 1375 patriam

132 1379 296 1430 veritus,
317 1379 506 1420 adversus
527 1380 697 1420 edictum
719 1386 892 1419 nostrum
923 1384 1032 1418 extra
1061 1376 1235 1418 ordinem
1257 1375 1297 1416 in
1319 1375 1462 1416 hostem
1476 1391 1557 1431 pu-

133 1437 282 1490 gnasti,
301 1443 351 1486 et,
373 1443 567 1491 qnantum
587 1436 630 1476 in
650 1434 803 1491 tefnit,
824 1434 1077 1489 disciplinam
1097 1433 1332 1483 militarem,
1351 1447 1431 1488 qua·
1450 1433 1560 1473 stetit

134 1492 190 1532 ad
218 1492 318 1532 hanc
349 1493 451 1533 diem
473 1492 660 1533 Romana
682 1506 758 1542 res,
777 1492 943 1542 solvisti,
963 1505 1099 1546 meque
1119 1490 1160 1530 in
1191 1503 1277 1529 eam
1301 1490 1562 1530 necessitatem

132 1548 354 1599 adduxisti,
377 1556 421 1589 nt
450 1556 521 1590 ant
550 1548 775 1603 reipublicae
808 1548 918 1598 mihi,
940 1555 1012 1588 aut
1032 1547 1108 1588 mei
1126 1560 1377 1600 meorumque
1399 1545 1563 1586 oblivis-

129 1605 300 1646 cendum
319 1607 372 1646 sit
389 1623 402 1655 ,-
431 1621 500 1646 nos
510 1606 649 1661 potins
669 1613 800 1646 nostro
821 1605 961 1646 delicto
981 1603 1210 1658 plectemur,
1229 1617 1349 1658 quam
1371 1601 1562 1657 respubli-
1589 1622 1604 1627 -·

134 1677 183 1703 ca
210 1669 322 1702 tanto
352 1677 420 1703 sno
443 1662 587 1703 damno
610 1670 743 1703 nostra
769 1669 933 1716 peccata
964 1662 1064 1701 luat.
1095 1660 1211 1701 trister
1242 1657 1476 1712 exemplum,
1496 1658 1563 1705 sed

128 1719 176 1760 in
197 1726 402 1773 posterum
431 1719 590 1760 salubre
596 1719 825 1775 juventuti,
848 1719 1006 1758 erimus.
1067 1717 1140 1758 Me
1162 1716 1322 1771 quidem
1352 1730 1474 1771 quum
1495 1715 1560 1755 in-

131 1776 270 1831 genita
288 1777 439 1817 caritas
459 1774 644 1827 libertini,
663 1784 746 1816 tum
765 1782 795 1803 ²⁷
813 1775 1006 1830 specimen
1037 1773 1142 1814 istud
1167 1772 1340 1821 virtutis,
1361 1772 1562 1826 deceptum

134 1847 241 1879 :vana
272 1832 448 1889 imagine
478 1833 643 1882 decoris,
666 1834 707 1872 in
738 1839 774 1872 te
800 1839 941 1873 movet.
1002 1830 1082 1872 Sed
1109 1844 1230 1886 quiem
1262 1835 1333 1869 aut
1349 1835 1473 1869 morte
1489 1835 1561 1868 tua

131 1888 345 1931 sancienda
365 1890 446 1930 sint
476 1889 677 1930 consulum
711 1890 892 1943 imperia,
914 1894 984 1928 ant
1011 1887 1236 1942 inpunitate
1265 1886 1560 1940 inperpetuum

131 1945 367 2002 abroganda
379 1963 392 1995 ,-
431 1961 476 1987 ne
497 1954 535 1987 te
553 1946 725 2001 quidem,
745 1946 780 1986 si
801 1944 900 2000 quid
919 1945 961 1985 in
982 1951 1019 1985 te
1038 1943 1163 1984 nostri
1177 1941 1384 1997 sanguinis
1403 1948 1472 1991 est,
1494 1955 1559 1981 re-

132 2017 270 2043 cusare
299 2017 485 2054 censeam,
507 2004 604 2058 quin
624 2002 879 2057 disciplinam
907 2000 1138 2050 militarem,
1159 1999 1276 2054 culpa
1299 2006 1367 2038 tna
1390 1997 1558 2052 prolap-

132 2071 231 2110 sam,
249 2074 366 2114 paena
390 2061 617 2101 restituasx
650 2058 688 2110 I,
711 2059 843 2110 lictor,
863 2058 996 2113 deliga
1028 2057 1082 2098 ad
1097 2055 1250 2112 palum.
1311 2054 1559 2096 Exanimati

133 2126 281 2156 omnes
317 2127 402 2156 tam
433 2117 566 2157 atroci
597 2116 789 2172 imperiO,
812 2130 889 2156 nec
923 2115 1042 2155 aliter
1075 2127 1202 2168 quam
1233 2113 1275 2154 in
1309 2125 1352 2152 se
1381 2111 1560 2176 quisque

134 2172 377 2213 destrictam
396 2179 411 2200 ¹¹
446 2183 664 2213 cernentes
694 2172 890 2222 securim,
918 2170 1217 2224 metuxmagis,
1237 2183 1365 2223 quam
1396 2168 1562 2208 modes-

135 2229 208 2280 tia,
231 2230 442 2284 quievere.
476 2229 638 2284 Itaque,
660 2232 691 2253 ‘2³
710 2229 824 2271 velut
845 2242 1006 2269 emerso
1028 2227 1082 2268 ab
1104 2226 1381 2267 admiratione
1401 2225 1561 2275 animo,

257 2326 274 2341 ²
286 2320 374 2360 facti
388 2320 478 2351 Crev.
540 2325 558 2339 ⁰
582 2321 829 2360 Quandoquidem
843 2320 938 2349 Gron.
954 2318 1044 2348 Crev.
1067 2342 1070 2345 ,
1125 2323 1140 2342 Ρ
1162 2317 1334 2346 districtam
1349 2315 1431 2345 Eaed.

178 2384 220 2415 26
245 2383 495 2424 {gram-asyma]
522 2384 576 2413 Sic
597 2384 721 2414 habent
737 2388 825 2412 vete-

137 2436 187 2457 res
204 2427 298 2466 editi,
315 2436 349 2457 et
364 2436 430 2458 tres
447 2439 463 2457 e
480 2428 611 2467 scriptis
635 2428 753 2456 nostris
777 2426 826 2455 vel

135 2471 252 2510 optimi
266 2484 272 2500 :
290 2471 532 2509 melius‚quam
551 2470 714 2509 quomodo
730 2468 828 2508 vulgo

136 2514 335 2554 editurfuti.
380 2514 630 2552 Ignarus-facti,
644 2514 664 2542 i.
683 2522 711 2542 c.
735 2513 827 2549 igna-

139 2567 193 2587 rus
211 2557 307 2596 quale
323 2564 408 2587 esset
426 2558 456 2587 id
474 2557 560 2595 quod
584 2557 728 2586 fecerat:
760 2565 828 2584 cre—

139 2598 218 2630 ‹le'ns
234 2600 359 2630 factum
373 2611 469 2630 suuni
486 2600 582 2630 laude
596 2600 732 2638 dignum
742 2608 827 2635 esse,

139 2653 241 2680 quum
258 2653 370 2673 revera
386 2653 482 2683 poena
492 2643 630 2682 dignum
646 2647 743 2671 esset.

181 2688 219 2720 27
246 2686 409 2726 Speeimen
433 2708 460 2715 ..
485 2688 613 2716 virtutis
647 2683 826 2724 deccptnm]

139 2729 313 2768 Specimeu
330 2729 420 2760 istud
442 2730 574 2759 virtutis
596 2727 682 2767 qnod
699 2727 829 2757 edidisti

137 2771 297 2811 deceptus
318 2781 404 2802 vana
420 2773 563 2811 imagine
581 2772 716 2801 decoris.
756 2770 831 2800 Pos-

869 2382 955 2421 quod
971 2381 1122 2420 sequitur
1138 2393 1144 2409 :
1170 2379 1226 2409 sed
1242 2384 1280 2409 ut
1295 2378 1476 2418 simplicior
1490 2386 1562 2407 ora·

870 2427 929 2462 tio,
947 2426 994 2455 ita
1010 2424 1195 2463 impeditior
1210 2426 1376 2452 structura
1392 2421 1496 2450 fieret.

913 2471 952 2499 ‘23
979 2467 1074 2497 Velut
1086 2476 1203 2497 emerso
1215 2467 1254 2496 ab
1265 2465 1478 2495 admiratione
1489 2464 1562 2494 ani-

871 2521 932 2548 mo,
962 2521 1061 2550 quum
1097 2510 1218 2540 silentio
1254 2507 1351 2548 defici
1385 2505 1557 2544 stetissent]

872 2554 953 2583 Haec
970 2555 1029 2584 sibi
1046 2563 1112 2582 non
1128 2554 1209 2582 bene
1227 2551 1438 2582 conveniunt.
1463 2551 1561 2580 Stant

872 2598 961 2626 enim
979 2597 1110 2627 silentio
1133 2595 1244 2632 defixi,
1259 2594 1316 2633 qui
1340 2594 1562 2628 admirantur,

873 2650 936 2670 non
955 2649 1095 2678 quorum
1119 2647 1266 2669 emersus
1288 2642 1338 2678 est
1361 2637 1401 2666 ab
1421 2636 1563 2666 admira-

872 2683 961 2712 tione
981 2683 1125 2718 animus,
1149 2681 1182 2711 id
1205 2688 1269 2718 est,
1293 2690 1310 2709 e
1337 2686 1483 2719 stupore,
1509 2678 1564 2716 qui

875 2726 981 2766 primo
1031 2729 1250 2765 oppresserat,
1303 2722 1565 2762 expergefactus.

876 2769 1088 2808 Sucpieamur
1113 2767 1265 2797 luxatum
1290 2775 1358 2796 esse
1386 2765 1495 2805 potius
1518 2762 1566 2792 lo-

140 2819 191 2844 set
205 2825 334 2855 quoque
361 2815 394 2846 τὸ
417 2816 580 2856 deceptum
606 2814 718 2845 rnserri
743 2813 783 2843 ad
803 2818 834 2843 te
877 2822 967 2848 cum,
985 2821 1083 2850 quam
1103 2819 1310 2851 corruptum,
1326 2811 1438 2848 sicque
1454 2807 1566 2838 omnia

922 2861 1051 2909 agai
