1925 3239
508 119 636 161 LIB.
664 122 771 160 VIII.
815 122 952 158 CAR
979 122 1094 159 xm.
1440 128 1514 162 465

73 231 302 280 acceptum
326 222 458 264 cladis
477 224 532 264 ab
548 223 791 264 consulibus
810 237 859 264 ac
880 222 1102 272 dictatore,
1119 237 1245 276 quam
1265 236 1318 263 ex
1337 223 1517 265 victoria

74 295 222 321 eorum
250 280 495 336 bellicisque
517 281 640 321 rebus
665 279 768 321 foris
789 290 963 320 auctum
986 280 1230 336 imperium,
1254 279 1401 320 Patres
1424 294 1514 320 cre-

73 336 250 378 debant.
725 374 728 378 .

134 393 273 434 XIII.
305 392 434 433 Anno
477 393 729 447 insequenti,
762 391 811 432 L.
856 391 982 432 Furio
1022 391 1220 441 Camillo,
1253 391 1305 432 C.
1345 390 1511 432 Maenio
1527 397 1708 434 U.C.417.

74 451 339 500 consulibus,
370 465 455 504 quo
487 449 732 504 insignitius
774 448 932 488 omissa
962 463 1025 488 res
1058 448 1249 498 AEmilio,
1283 441 1562 502 superioris-⁴·
1580 441 1614 472 C.
1628 446 1702 473 33³

76 507 176 547 anni
200 506 379 556 consuli,
401 506 741 561 exprobraretur,
766 504 929 545 Pedum
961 505 1087 544 armis
1123 505 1306 559 virisque
1328 515 1371 544 et
1392 519 1506 546 omni
1524 527 1637 556 Mat—nio

75 564 118 603 vi
153 562 490 618 expugnandum
528 576 577 603 ac
609 562 834 602 delendum
871 571 1039 602 senatus
1075 561 1241 612 fremit3
1285 562 1508 615 coactique
1523 570 1606 599 Coss.

74 619 176 660 novi
210 618 404 659 consules
431 619 675 658 ⁹³omnibus
697 633 788 659 eam
815 633 899 658 rem
925 620 1138 673 praeverti,
1163 617 1506 672 proficiscuntur.

72 675 172 718 Jam
208 675 332 715 Latio
361 675 396 717 is
429 685 562 715 status
584 685 673 715 erat
697 689 849 724 rerum,
874 686 919 715 ut
940 689 1074 729 neque
1099 673 1251 714 bellum
1278 688 1413 728 neque
1433 688 1506 728 pa·
1522 691 1625 720 Latini
1641 701 1696 720 nec

74 745 167 771 cem
193 731 279 786 pati
304 740 488 787 possent.
519 732 570 772 ad
605 731 760 772 bellum
795 746 896 787 opes
918 732 1117 771 deerant:
1164 745 1310 784 pacem
1337 733 1393 771 ob
1414 732 1503 786 agri
1521 733 1649 769 benum,
1665 745 1721 783 1¹50

76 788 232 828 ademti
266 788 453 828 dolorem
488 789 838 843 aspernabantur.
898 787 1059 828 Mediis
1090 787 1278 827 consiliis
1309 790 1504 840 standum
1519 784 1705 849 Pssssgffiltpan

76 844 311 893 videbatur,
333 854 380 884 ut
411 845 582 899 oppidis
617 860 659 885 se
693 852 912 895 tenerent;
950 859 1002 885 ne
1031 844 1247 884 lacessitus
1286 829 1538 884 Romanusp
1651 841 1659 850 ⁶

75 915 267 941 caussam
291 900 385 941 belli
405 901 609 952 haberet;
650 911 707 951 et,
729 902 762 943 si
800 901 922 955 cujus
944 901 1089 955 oppidi
1114 901 1281 940 obsidio
1306 901 1507 941 nunciata

72 967 198 1009 esset,
221 957 407 1012 undique
428 971 483 998 ex
505 959 704 999 omnibus
736 957 903 1014 populis
934 956 1141 998 auxilium
1173 957 1354 997 obsessis
1378 956 1505 998 ferre-

72 1023 156 1054 tur.
216 1013 369 1069 Neque
393 1024 549 1064 tamen,
571 1016 651 1055 nisi
675 1015 900 1056 admodum
924 1029 948 1054 a
973 1014 1116 1068 paucis
1140 1014 1321 1068 populis,
1342 1012 1502 1054 Pedani
1518 1030 1693 1060 Vincuntur

76 1069 211 1124 adjuti
235 1081 348 1111 sunt.
406 1070 604 1112 Tiburtes
628 1071 981 1126 Praenestinique,
1002 1085 1183 1124 quorum
1209 1085 1309 1125 ager
1333 1071 1683 1124 propioraconsuli-

74 1136 180 1177 erat,
206 1126 369 1168 Pedum
402 1142 644 1183 pervenere.
702 1128 901 1168 Aricinos
931 1135 962 1156 9⁴
980 1127 1330 1181 Lanuvinosquef
1352 1136 1393 1166 et
1424 1126 1505 1167 Ve-
1519 1116 1585 1146 ¹³⁰³·

71 1182 263 1233 liternos,
286 1184 535 1225 Antiatibus
561 1185 722 1225 Volscis
746 1199 788 1225 se
809 1185 1134 1239 conjungentes,
1157 1184 1207 1224 ad
1231 1183 1401 1223 Asturae
1426 1184 1506 1224 flu-

71 1253 169 1280 men
193 1239 398 1291 Maenius,
420 1242 638 1296 inproviso
658 1242 844 1291 adortus,
868 1241 992 1282 fudit.
1037 1239 1242 1281 Camillus
1265 1240 1315 1280 ad
1340 1239 1505 1282 Pedum

71 1310 169 1337 cum
211 1296 477 1348 Tiburtibus,
511 1299 698 1339 maxime
729 1298 868 1338 valido
898 1298 1105 1346 exercitu,
1136 1300 1168 1322 ⁹³
1186 1297 1346 1351 majore
1377 1297 1503 1348 mole,

69 1367 329 1408 quamquam
353 1368 475 1409 aeque
495 1368 697 1410 prospero
720 1364 892 1404 eventu,
912 1366 1089 1410 pugnat.
1141 1352 1389 1394 Tumultum
1416 1367 1504 1393 ma·

69 1410 187 1452 xime
217 1411 438 1466 repentina
466 1411 577 1451 inter
604 1411 803 1466 proelium
837 1412 1004 1466 eruptio
1038 1410 1348 1465 oppidanorum
1375 1409 1499 1452 fecit:

68 1466 113 1506 in
146 1481 253 1521 quos
287 1477 406 1522 parte
437 1468 649 1508 exercitus
684 1482 902 1516 conversa,
935 1467 1141 1508 Camillus
1172 1481 1257 1507 non
1293 1467 1504 1522 compulit

67 1522 206 1563 solum
235 1537 309 1564 eos
340 1524 452 1565 intra
480 1526 657 1574 moenia,
680 1525 750 1565 sed
784 1525 934 1564 eodem
965 1524 1092 1564 etiam
1126 1523 1207 1573 die,
1229 1538 1358 1578 quum
1387 1524 1501 1578 ipsos

69 1579 314 1634 auxiliaque
331 1594 478 1621 eorum
501 1581 761 1635 perculisset,
784 1581 989 1636 oppidum
1013 1580 1135 1621 scalis
1157 1582 1286 1634 cepit.
1333 1579 1502 1620 Placuit

67 1635 288 1690 inde,jam
322 1637 483 1692 majore
515 1647 671 1678 conatu
693 1639 920 1692 animoque
942 1638 996 1678 ab
1027 1637 1150 1677 unius
1176 1635 1503 1691 expugnatione

67 1692 185 1733 urbis
206 1692 259 1733 ad
283 1694 613 1748 perdomandum
650 1694 819 1735 Latium
856 1695 1058 1736 victorem
1082 1693 1400 1734 circumducere
1422 1707 1500 1733 ex-

64 1749 262 1791 ercitum.
294 1764 372 1791 nec
389 1751 586 1806 quievere
606 1761 884 1806 antehquam,
905 1751 1195 1805 expugnando
1217 1758 1290 1790 aut
1312 1750 1354 1789 in
1379 1749 1499 1790 dedi-

66 1805 226 1846 tionem
259 1807 511 1862 accipiendo
542 1807 730 1862 singulas
763 1809 900 1858 urbes,
926 1807 1093 1848 Latium
1127 1821 1254 1847 omne
1275 1807 1495 1861 subegere.
1510 1815 1630 1844 Latium

66 1856 286 1903 Praesidiis
325 1863 423 1904 inde
456 1864 674 1918 dispositis
708 1878 781 1920 per
816 1874 985 1919 recepta
1016 1863 1192 1918 oppida,
1224 1863 1409 1903 Romam
1443 1863 1493 1903 ad
1509 1858 1682 1888 subactum.

63 1919 322 1960 destinatum
360 1921 553 1961 omnium
594 1935 801 1962 consensu
841 1920 1106 1976 triumphum
1147 1919 1377 1960 decessere.
1421 1919 1495 1959 ad-

62 1975 176 2016 ditus
215 1976 434 2031 triumpho
472 1977 623 2028 honos,
657 1990 703 2018 ut
740 1986 898 2018 statuae
933 1987 1145 2031 equestres
1181 1975 1255 2027 eis,
1295 1990 1387 2016 rara
1424 1976 1495 2016 illa

63 2041 192 2073 aetate
233 2046 312 2083 res,
354 2035 394 2073 in
436 2033 529 2075 foro
572 2044 842 2090 ponerentur.
900 2037 932 2062 ⁹⁶
950 2033 1089 2083 Prius,
1127 2047 1254 2086 quam
1304 2032 1491 2073 comitiis

60 2088 105 2129 in
128 2089 420 2143 insequentem
442 2105 610 2131 annum-
627 2091 820 2132 consules
848 2101 1062 2146 rogarent,
1086 2088 1290 2130 Camillus
1325 2089 1377 2129 de
1410 2089 1490 2130 La·
1503 2096 1652 2127 camillus

61 2145 167 2185 tinis
215 2146 382 2201 populis
431 2147 484 2188 ad
525 2156 718 2189 senatum
771 2147 929 2198 retulit,
972 2157 1099 2201 atque
1151 2146 1210 2185 ita
1250 2145 1456 2186 ¹disseruit
1479 2142 1596 2187 :refert
1610 2141 1704 2211 ³:1¹⁵&

63 2200 215 2250 Patres
236 2202 465 2258 conscripti,
487 2203 594 2259 quod
624 2203 723 2245 bello
744 2204 944 2259 armisque
964 2203 1006 2244 in
1038 2201 1160 2242 Lat-io
1182 2188 1609 2257 ageraedzaernfuit‚¹1{{{¹i¹{¹¹
1647 2192 1662 2211 ε

61 2257 109 2297 id
124 2258 222 2314 ιῘαφη
255 2257 392 2300 Βεάηι
426 2259 670 2315 benignitate
698 2276 743 2301 ac
775 2261 926 2301 virtute
955 2259 1127 2299 militum
1149 2259 1204 2299 ad
1216 2257 1347 2312 finem
1369 2259 1491 2300 venit.

61 2314 158 2354 caesi
178 2313 235 2355 ad
255 2314 415 2367 Pedum
428 2316 699 2371 Asturamque
710 2324 801 2357 sunt
818 2317 1008 2358 exercitus
1018 2315 1187 2356 hostium
1200 2332 1212 2355 .-
1240 2314 1386 2369 oppida
1405 2313 1493 2354 La-

61 2370 150 2411 tina
171 2372 319 2423 omnia,
340 2378 379 2413 et
409 2372 583 2413 Antium
604 2387 652 2413 ex
685 2372 850 2424 Volscis,
873 2380 945 2413 aut
964 2372 1006 2413 vi
1027 2377 1158 2427 copta,
1181 2377 1255 2411 aut
1278 2378 1429 2425 recepta
1450 2371 1494 2412 in
1549 2375 1553 2378 “

569 2460 583 2482 f
599 2463 804 2503 Lavinio-eque
818 2464 914 2492 Gron.
933 2462 1023 2492 Crev.

105 2533 175 2568 93*
190 2532 346 2565 Omnibus
359 2545 432 2565 eam
447 2545 517 2566 rem
528 2536 696 2575 preveni]
718 2536 756 2567 Id
843 2540 884 2571 95
897 2540 916 2557 ¹*
929 2535 1057 2578 JlJaJ'm-e2
1080 2538 1160 2566 mole
1176 2556 1184 2564 .
1196 2555 1204 2564 .
1219 2557 1226 2565 .
1233 2534 1381 2574 pagum]
1422 2535 1494 2565 Ma-

59 2577 233 2616 negotium
258 2582 336 2608 ante
359 2579 474 2608 omnia
501 2579 577 2616 alia,
600 2581 755 2610 omnibus
795 2580 883 2619 jores
899 2580 1156 2613 difficultatesin
1171 2587 1494 2618 pugwiaexsuperan-

59 2621 132 2650 aliis
147 2621 350 2661 postpositis,
367 2631 482 2652 curare
499 2628 534 2653 et
548 2632 715 2662 peragere.
798 2623 856 2652 das
873 2623 1001 2653 habuit.

101 2666 144 2697 94
167 2663 349 2704 Lavinios]
363 2665 416 2694 Sic
441 2665 505 2695 duo
522 2676 540 2695 e
557 2665 676 2696 nostris
701 2675 755 2695 co—
841 2666 882 2700 96
906 2666 1109 2705 Priusquam
1128 2685 1153 2693 ..
1166 2665 1306 2702 consules
1321 2663 1488 2704 rogarent]

53 2705 186 2738 dinibus
203 2717 213 2744 ;
259 2717 345 2738 unus
381 2708 532 2739 Lavinos.
594 2709 753 2738 Ceterum
798 2709 993 2746 Priusquam
1019 2713 1173 2747 rogarent
1198 2707 1358 2746 populum
1390 2716 1489 2736 novos

58 2752 136 2780 ante
147 2749 318 2788 Sigoniurn
330 2750 411 2781 editi
424 2752 624 2782 exhibebant
638 2752 754 2782 Lunu-
798 2752 963 2788 consules,
1000 2753 1080 2788 sive,
1119 2751 1308 2790 priusquam
1352 2750 1490 2786 comitia

58 2793 155 2821 vinos.
215 2791 276 2822 Ille
304 2794 552 2825 emendandum
585 2804 656 2826 esse
691 2795 752 2826 hoe
797 2795 888 2825 novis
917 2795 1109 2825 consulibus
1140 2793 1289 2822 creandis
1318 2792 1489 2829 haberent,

60 2843 182 2865 nomen
199 2835 385 2871 admonuit.
797 2837 925 2876 supple,
945 2838 965 2867 ii
982 2839 1036 2877 qui
1055 2843 1126 2868 tum
1142 2835 1292 2869 consules
1309 2842 1415 2871 eraut.

119 2890 279 2924 vo1..1.
844 2893 872 2923 fl
898 2879 923 2919 h

1499 506 1504 512 .
1525 484 1558 513 L.
1574 485 1679 522 Furio,
1688 488 1725 515 C.
