1925 3239
331 149 408 187 438
875 140 1022 178 '1'1'1‘1
1060 139 1230 177 L1V11

121 262 163 291 υ,
183 260 218 289 c.
234 260 309 288 412.
337 245 429 295 huc,
450 255 593 298 sequar
609 240 844 298 fortunam.
906 236 1070 281 Quibus
1090 238 1169 280 haec
1189 236 1389 280 salutaria
1419 238 1622 292 videntur,
1642 240 1773 297 agite·

127 307 164 336 A·
183 303 219 333 C·
236 304 310 332 340·
338 301 449 351 dum,
469 301 513 342 in
532 299 718 341 dextram
730 303 890 352 partem
903 294 1072 350 pedibus
1092 295 1272 336 transite.

400 355 633 399 XXXVI.
664 354 826 395 Omnes
847 351 1118 402 transierunt,
1137 351 1445 406 vadentemque
1468 366 1539 407 per
1561 353 1773 398 intermis-

343 430 389 456 sa
421 412 625 455 custodiis
658 411 752 452 loca
776 408 958 450 Decium
981 409 1114 452 secuti
1137 411 1245 449 sunt.
1307 408 1404 452 Jam
1437 419 1656 452 evaserant
1686 424 1775 451 me-

343 472 415 512 dia
434 479 586 519 castra,
608 481 738 522 quum
762 464 1092 520 superscandens
1124 465 1302 520 vigilum
1322 474 1468 506 *strata
1499 479 1649 507 somno
1677 480 1770 511 cor-

344 541 451 583 pora
473 526 591 568 miles
611 524 774 565 offenso
797 531 918 562 scuto
941 521 1126 576 praebuit
1148 522 1348 562 sonitum.
1370 537 1455 576 quo
1477 522 1686 566 excitatus
1709 522 1772 564 vi-

347 583 405 639 gil
438 597 569 638 quum
604 580 846 636 proximum
880 578 1097 627 movisset,
1118 579 1329 632 erectique
1359 579 1463 619 alios
1494 580 1775 628 concitarent,

346 634 482 695 ignari
506 640 620 680 cives
642 652 694 677 an
717 635 860 676 hostes
881 643 1036 685 essent,
1057 633 1300 690 praesidiurn
1329 644 1581 690 erumperet,
1599 650 1652 676 an
1672 649 1776 678 con-

346 696 410 737 sul
431 705 568 738 castra
588 693 791 748 cepisset:
818 690 992 740 Decius,
1009 693 1045 715 ⁶⁴
1058 705 1188 745 quum
1212 706 1295 732 non
1320 690 1524 742 fallerent,
1545 692 1775 737 clamorem

347 751 639 805 tollerejussis
664 748 884 798 militibus,
905 745 1097 802 torpidos
1118 761 1267 789 somno
1290 749 1458 803 insuper
1488 762 1643 803 pavore
1672 763 1776 793 exa-

346 810 506 858 nimat3
537 821 622 862 quo
645 805 884 862 praepediti,
907 818 984 845 nec
1006 818 1124 844 arma
1153 804 1320 860 inpigre
1345 819 1510 860 capere,
1532 820 1609 850 nec
1639 806 1775 848 obsis-

347 875 448 915 tere,
472 879 549 906 nec
573 863 735 917 insequi
758 869 968 916 poteraut.
1030 859 1147 901 Inter
1169 861 1493 916 trepidationem
1525 861 1776 906 tumultum-

347 936 430 976 que
471 920 741 968 Samnitium,
778 917 1024 973 praesidium
1070 916 1326 967 Romanum,
1358 918 1494 959 obviis
1527 918 1776 960 custodibus

307 995 312 999 -
350 979 487 1028 caesis,
514 977 567 1019 ad
605 986 743 1018 castra
777 973 959 1015 consulis
989 973 1193 1027 pervadit.
1252 973 1530 1030 Aliquantum
1559 982 1775 1030 supererat

135 1058 250 1088 pec-,us
267 1057 304 1085 ad
348 1035 503 1084 noctiS‚
518 1035 696 1089 jamque
714 1033 756 1072 in
781 1041 874 1071 tuto
895 1030 1147 1073 videbantur
1166 1044 1284 1082 esse3
1305 1045 1436 1085 quum
1461 1030 1634 1082 Decius,
1654 1030 1776 1072 Mac-

133 1102 303 1130 exercitum
350 1092 382 1133 te·
402 1092 567 1141 virtute,
591 1089 744 1144 inquit,
761 1086 904 1129 milites
923 1086 1115 1136 Romani,
1136 1093 1223 1128 este.
1253 1094 1424 1132 vestrum
1443 1087 1518 1128 iter
1537 1102 1585 1130 ac
1602 1087 1776 1131 reditum

134 1144 296 1192 ³⁰⁶9¹¹¹¹¹¹³⁵
348 1148 483 1190 omnia
503 1146 635 1188 secula
665 1144 855 1186 laudibus
873 1141 1026 1200 serent.
1087 1142 1167 1184 Sed
1194 1142 1250 1185 ad
1279 1143 1777 1199 conspiciendamttantam

135 1188 224 1216 ‘emt'
348 1206 538 1246 virtutem
559 1204 643 1244 luce
664 1216 710 1243 uc
733 1201 797 1243 die
818 1215 912 1256 opus
932 1207 1001 1241 est.
1024 1214 1091 1242 uec
1113 1214 1183 1240 vos
1203 1199 1317 1255 digni
1336 1201 1442 1251 estis,
1463 1215 1557 1256 quos
1577 1215 1665 1243 cum
1684 1207 1776 1244 tane-

347 1269 389 1302 ta
406 1261 542 1317 gloria
564 1261 607 1300 in
636 1265 768 1300 castra
797 1256 953 1299 reduces
983 1256 1187 1298 silentium
1221 1271 1268 1297 ac
1299 1271 1378 1298 nox
1405 1264 1528 1313 tegat.
1559 1257 1623 1298 liic
1651 1257 1777 1299 lucem

347 1318 473 1373 quieti
494 1316 763 1373 opperiamur.
814 1314 955 1355 Dictis
973 1314 1326 1369 obtemperatum.
1348 1323 1476 1370 atque
1498 1314 1569 1356 ubi
1594 1314 1776 1370 primum

346 1374 518 1424 inluxit,
551 1373 768 1429 praemisso
804 1371 962 1411 nuncio
1001 1369 1054 1410 ad
1089 1370 1305 1411 consulem
1342 1371 1385 1412 in
1422 1380 1574 1421 castra,
1612 1370 1777 1425 ingenti

347 1431 504 1487 gaudio
525 1432 556 1455 ⁶⁵
569 1430 865 1471 concitantur:
897 1436 954 1477 et,
983 1427 1016 1450 ⁶⁶
1031 1435 1185 1468 tessera
1215 1427 1326 1476 data,
1347 1426 1580 1469 incolumes
1609 1428 1777 1478 reverti,

347 1489 419 1542 qui
442 1503 517 1528 sua
536 1500 718 1542 corpora
738 1500 815 1541 pro
832 1483 971 1527 salute
989 1485 1178 1524 omnium
1205 1483 1315 1528 haud
1336 1483 1468 1525 dubio
1491 1483 1677 1540 periculo
1697 1484 1776 1528 ob-

342 1545 562 1599 jecissent,
584 1558 662 1598 pro
684 1557 727 1583 se
748 1541 928 1597 quisque
948 1540 1120 1581 obviam
1141 1539 1263 1581 effusi
1287 1540 1475 1592 laudant,
1497 1541 1776 1596 gratulantur,

348 1601 537 1656 singulos
561 1601 862 1652 universosque
893 1605 1125 1638 servatores
1159 1611 1256 1638 suos
1287 1606 1470 1641 vocant:
1503 1598 1600 1639 Diis
1634 1597 1778 1643 laudes

346 1669 572 1713 gratesque
594 1665 742 1712 agunt,
766 1654 947 1696 Decium
971 1653 1015 1695 in
1035 1654 1195 1696 coelum
1219 1652 1374 1697 ferunt.
1427 1653 1514 1699 Hic
1538 1653 1662 1696 Decii
1684 1667 1777 1696 cas-

347 1715 499 1754 trensis
523 1713 761 1769 triumphus
784 1711 881 1761 fuit,
905 1710 1138 1752 incedentis
1160 1724 1234 1765 per
1252 1711 1392 1752 media
1410 1723 1548 1752 castra
1578 1725 1677 1756 cum
1710 1725 1777 1752 ar·-

346 1781 463 1812 mato
497 1770 711 1826 praesidio,
744 1768 951 1824 conjectis
984 1767 1026 1808 in
1059 1781 1155 1808 eum
1186 1767 1376 1809 omnium
1408 1768 1556 1818 oculis,
1585 1776 1629 1824 et
1658 1768 1777 1814 omni

349 1828 508 1869 honore
530 1827 746 1868 tribunum
776 1824 941 1866 consuli
973 1823 1257 1878 aequantibus.
1321 1823 1405 1866 Ubi
1441 1825 1493 1866 ad
1527 1824 1776 1880 praetorium

347 1894 522 1926 ventum
544 1894 621 1934 est,
643 1882 788 1924 consul
811 1881 988 1923 classico
1010 1880 1061 1922 ad
1082 1880 1334 1925 concionem
1367 1890 1601 1922 convocat:
1634 1895 1775 1922 orsus-

346 1955 430 1996 que
448 1940 617 1982 meritas
637 1939 763 1981 Decii
783 1938 942 1987 laudes,
957 1936 1185 1979 interfante
1204 1938 1297 1993 ipso
1320 1936 1472 1989 Decio,
1491 1937 1658 1979 distulit
1672 1952 1776 1978 con-

346 1998 536 2039 cionem:
559 1996 631 2052 qui
653 2004 802 2037 auctor
823 1994 968 2036 omnia
990 1993 1289 2049 posthabendi,
1307 1994 1406 2036 dum
1429 1994 1599 2036 occasio
1620 1994 1664 2036 in
1687 2008 1776 2049 mas

344 2055 470 2096 nibus
493 2063 617 2103 esset,
639 2052 825 2109 perpulit
845 2050 1077 2101 consulem,
1097 2060 1143 2092 ut
1163 2050 1321 2101 hostes,
1342 2060 1386 2092 et
1406 2061 1615 2093 nocturno
1643 2065 1777 2107 pavo-

344 2124 388 2152 re
410 2111 639 2160 adtonitos,
661 2119 704 2150 et
725 2108 839 2150 circa
858 2107 1009 2150 collem
1039 2108 1070 2134 ⁶⁷
1085 2106 1333 2150 castellatim
1363 2107 1605 2163 dissipatos,
1626 2108 1777 2164 adgre-

345 2167 528 2208 deretur.
558 2166 728 2208 credere
759 2165 887 2206 etiam
921 2164 1099 2219 aliquos,
1129 2164 1181 2205 ad
1215 2178 1258 2205 se
1290 2165 1549 2220 sequendum
1583 2165 1774 2216 emissos,

132 2237 310 2264 vincuntur
347 2239 420 2279 per
441 2223 594 2265 saltum
617 2222 777 2279 vagari.
836 2221 862 2263 J
869 2235 976 2262 ussae
1013 2220 1200 2277 legiones
1221 2235 1337 2262 arma
1367 2236 1541 2277 capere:
1573 2235 1775 2277 egressae-

133 2280 296 2308 ⁵²¹¹²²¹¹³¹⁰⁵·
345 2295 428 2335 que
450 2281 612 2330 castris,
634 2293 764 2334 quum
789 2291 862 2334 per
891 2277 1181 2333 exploratores
1203 2278 1344 2318 notior
1368 2278 1459 2333 jam
1491 2277 1619 2319 saltus
1649 2291 1772 2330 esset,

345 2338 411 2378 via
433 2337 670 2392 patentiore
692 2336 743 2376 ad
765 2335 929 2375 hostem
965 2334 1192 2375 ducuntur.
1223 2348 1349 2390 quem
1380 2336 1594 2377 incautum
1629 2335 1774 2390 inpro-

347 2394 435 2434 viso
453 2394 629 2443 adortae,
648 2406 778 2447 quum
803 2391 929 2447 palati
948 2391 1102 2446 passim
1123 2391 1377 2432 Samnitium
1397 2392 1564 2443 milites,
1583 2391 1772 2448 plerique

346 2452 538 2499 inermes,
560 2464 638 2490 nec
660 2449 776 2490 coire
798 2449 838 2489 in
870 2461 1018 2497 unum,
1041 2461 1118 2488 nec
1147 2462 1264 2489 arma
1292 2462 1457 2504 capere,
1478 2462 1556 2489 nec
1586 2448 1773 2503 recipere

344 2508 453 2547 intra
477 2507 627 2547 vallum
661 2520 704 2546 se
740 2513 925 2561 possent,
946 2515 1171 2559 paventem
1207 2505 1388 2560 primum
1412 2505 1454 2545 in
1486 2513 1625 2545 castra
1653 2519 1772 2546 com-

346 2563 528 2617 pellunt:
561 2562 713 2604 deinde
745 2570 883 2602 castra
920 2561 1024 2615 ipsa,
1060 2562 1239 2602 turbatis
1277 2561 1546 2612 stationibus,
1578 2561 1769 2616 capiunt.

345 2619 558 2661 perfertur
580 2620 693 2660 circa
713 2618 864 2659 collem
896 2617 1080 2659 clamor:
1114 2617 1322 2674 fugatque
1353 2632 1407 2659 ex
1441 2618 1526 2659 suis
1558 2632 1770 2674 quemque

384 2729 574 2769 611¹*Q1111m
594 2728 840 2767 nonsallrreut]
866 2728 1033 2767 Quoniam
1123 2729 1163 2759 66
1189 2729 1321 2760 Tessem
1333 2728 1429 2768 datu]
1453 2729 1586 2758 Nuncio
1601 2739 1660 2770 per
1675 2739 1767 2762 exer-

340 2782 404 2801 non
443 2772 630 2802 fefellerant
668 2772 809 2810 hostem,
840 2772 897 2801 sed
928 2771 1033 2802 auditi
1079 2773 1182 2802 citum
1202 2772 1321 2810 didito,
1334 2777 1468 2802 tesserae.
1481 2782 1553 2812 ope.

338 2818 481 2846 fuerant.
1121 2817 1160 2849 67
1190 2814 1401 2856 castellatim]
1441 2816 1586 2857 Spar-sim
1613 2825 1672 2857 per
1700 2815 1769 2856 glo-

382 2862 421 2890 55
451 2860 674 2898 (bne-uantur]
693 2858 817 2888 Milites
835 2862 1029 2889 castrorum.
1077 2858 1144 2889 bos.
