1991 3250
0 1763 3 1772 «
1 1735 5 1738 .
0 1691 6 1710 -x
0 1580 9 1684 -a-ne
0 1470 8 1573 νινε-ι..
0 1457 6 1463 =
0 1254 8 1449 >ma-mur

378 121 457 158 080
934 118 1068 158 ΤῙΤΙ
1113 119 1297 158 LIVII

168 230 211 262 U
228 230 264 261 C.
281 231 356 262 341.
384 217 629 260 Postumius
656 218 869 274 asperiora
889 219 1036 260 omnia
1055 218 1158 260 fecit
1179 219 1341 260 acerbis
1362 218 1686 274 quaestionibus‚
1707 233 1803 261 cru-.-

170 274 208 304 A.
226 273 264 305 C.
280 276 356 304 4¹¹·
381 275 547 316 delibus
569 275 803 331 suppliciis.
827 284 1038 331 postremo
1058 291 1189 330 quum
1215 275 1385 317 modum
1415 275 1489 317 irae
1511 275 1670 316 nullum
1692 275 1805 318 face—

383 341 461 382 ret,
481 331 534 373 ad
558 332 905 372 vociteiationem
927 346 1088 383 eorum,
1106 347 1211 387 quos
1238 335 1265 356 ¹⁴
1281 332 1419 373 necari
1441 332 1519 372 sub
1538 342 1653 376 crate
1668 333 1807 386 jusse-

383 397 462 438 rat,
485 402 691 429 concursu
717 388 877 439 facto,
869 403 960 442 ipse
980 389 1032 429 ad
1056 388 1369 444 interpellantes
1393 402 1565 443 poenarn
1588 402 1733 429 vecors
1755 389 1808 428 de

384 445 584 485 tribunali
607 445 806 486 decurrit.
868 445 934 485 Ibi
966 458 1094 500 quum
1119 447 1417 486 submoventes
1450 459 1604 499 passum
1641 444 1810 485 lictores

383 501 737 555 centurionesque
775 513 978 541 vexarent
1011 502 1195 564 turbam,
1227 516 1277 542 eo
1306 502 1546 557 indignatio
1577 501 1733 564 erupit,
1766 509 1812 540 ut

171 557 578 598 Abexercitutribunus
611 558 793 598 militum
828 558 883 597 ab
921 559 1111 599 exercitu
1150 573 1226 599 suo
1265 534 1474 612 lapidibus
1507 558 1811 612 cooperiretur.

174 610 328 680 Ῑῖμόὼῦὃ
386 614 513 660 Quod
539 624 624 654 tam
646 622 768 654 atrox
792 613 957 654 facinus
981 624 1205 669 postquam
1236 623 1300 654 est
1331 614 1515 655 Romam
1548 613 1812 665 nunciatum,

173 658 358 726 ἷοζῖὲᾟυς
386 670 565 711 tribunis
590 670 772 710 militum
797 670 848 710 de
872 680 1007 710 morte
1027 670 1202 725 collegae
1234 684 1308 725 per
1329 682 1519 711 senatum
1551 670 1810 731 quaestiones

384 727 723 776 decernentibus,
745 727 904 767 tribuni
930 726 1061 781 plebis
1085 727 1416 768 intetcedebant.
1436 727 1507 767 sed
1529 741 1578 767 ea
1593 736 1813 767 contentio

384 797 439 823 ex
461 783 692 824 certamine
723 782 805 822 alio
841 782 1077 837 pendebm
1108 783 1220 837 quod
1255 797 1356 824 cura
1387 785 1615 825 incesserat
1650 782 1813 834 PatreS,

387 843 417 864 ¹⁵
433 853 483 880 ne
517 849 631 879 metu
664 839 950 893 quaestionum
985 839 1102 894 plebs
1136 840 1304 893 iraque
1335 841 1524 881 tribunos
1560 839 1738 881 militum
1760 853 1815 880 ex

385 896 509 947 plebe
531 893 714 937 crearet:
747 895 1062 950 tendebantque
1085 910 1249 936 summa
1278 910 1373 951 ope,
1396 907 1443 936 ut
1474 897 1668 941 consules
1700 910 1819 940 crea-

387 962 546 993 r.entur
608 952 752 999 Quum
790 952 1199 994 senatusconsultum
1239 953 1329 993 fieri
1359 953 1523 999 tribuni
1558 952 1692 1016 plebis
1728 966 1816 993 non

387 1017 645 1073 paterentur,
667 1009 794 1049 iidem
818 1009 1124 1050 intercederent
1145 1009 1438 1050 consularibus
1458 1009 1659 1059 comitiis,
1677 1023 1741 1057 res
1763 999 1817 1050 ad

386 1067 677 1121 interregnum
701 1065 841 1105 1ediit.
864 1066 1044 1106 victoria
1065 1066 1218 1107 deinde
1239 1079 1366 1121 penes
1393 1065 1538 1106 Patres
1562 1064 1656 1106 fuit.

172 1134 215 1165 U.
234 1133 271 1164 C.
288 1135 361 1165 342
446 1122 520 1163 LI.
553 1123 609 1169 Q.
635 1122 767 1163 Fabio
800 1121 1015 1163 Vibulano
1048 1122 1258 1178 interrege
1290 1122 1466 1163 comitia
1495 1114 1693 1171 habente,
1714 1135 1818 1165 con-

174 1178 215 1207 A.
235 1178 360 1207 04¹⁰·
389 1179 497 1220 sules
519 1179 649 1220 creati
673 1177 870 1220 suntA.‘¹
904 1179 1126 1219 Cornelius
1162 1178 1336 1229 Cossus,
1361 1178 1409 1219 L.
1434 1177 1584 1221 Furius
1620 1177 1821 1224 Medulli-

173 1221 354 1292 ᾖξ”ἶωὲἶξ
389 1250 483 1276 nus,
545 1234 628 1276 His
649 1235 895 1277 consulibus
917 1236 1126 1291 principio
1156 1236 1255 1276 anni
1290 1234 1703 1281 senatusconsultum
1734 1234 1823 1279 fac·

176 1284 322 1336 rio'coss.
390 1302 480 1333 tum
502 1301 580 1343 est,
605 1302 650 1333 ut
682 1292 734 1333 de
755 1293 992 1347 quaestione
1027 1292 1315 1333 Postumianae
1337 1292 1466 1332 caedis
1498 1292 1657 1338 tribuni
1683 1291 1819 1346 primo

390 1363 561 1413 quoqu-e
598 1360 788 1403 tempore
820 1349 871 1389 ad
906 1349 1072 1403 plebem
1108 1349 1288 1400 ferrent3
1324 1341 1550 1403 plebesque
1583 1349 1823 1403 praeficeret

391 1406 636 1462 quaestioni,
655 1419 781 1460 quem
805 1405 942 1446 vellet.
975 1404 1057 1450 ¹⁶A
1080 1405 1202 1469 plebe
1223 1419 1429 1446 consensu
1463 1405 1607 1459 populi
1637 1404 1824 1447 consuli-

214 1507 220 1513 ,
391 1464 470 1504 bus
501 1463 724 1518 negotium
757 1465 994 1503 mandatur.
1025 1477 1113 1517 qui,
1135 1476 1300 1502 summa
1328 1452 1619 1502 moderatione
1647 1476 1698 1502 ac
1719 1460 1824 1507 lenig-

177 1524 365 1572 Quaestique
392 1529 479 1562 tate
501 1534 574 1575 per
598 1533 838 1588 paucorum
847 1518 1119 1583 supplicium,
1141 1533 1246 1573 quos
1273 1518 1474 1560 sibimet
1466 1533 1579 1581 ipsos
1609 1518 1823 1565 conscisse

180 1568 331 1639 Poatumn
393 1588 575 1618 mortem
612 1576 711 1616 satis
744 1575 952 1616 creditum
985 1584 1063 1626 est,
1086 1585 1297 1617 transacta
1330 1589 1386 1624 re,
1423 1589 1649 1630 nequivere
1680 1583 1822 1628 tamen

179 1619 221 1639 σε
243 1619 269 1640 e.
393 1647 613 1687 consequi,
629 1642 681 1672 ut
714 1646 798 1672 non
833 1631 1054 1695 aegerrime
1091 1632 1129 1672 id
1167 1632 1285 1694 plebs
1319 1631 1459 1672 ferret.
1506 1632 1647 1686 jacere
1666 1630 1823 1677 tamdiu

393 1690 536 1731 irritas
557 1689 792 1738 sanctiones,
814 1702 901 1743 quae
920 1688 968 1728 de
989 1703 1071 1730 sues
1092 1687 1547 1750 comnzodisjen·entnr:
1579 1702 1702 1742 quum
1723 1687 1824 1728 inte·

393 1748 473 1788 rim
489 1746 536 1786 de
555 1745 749 1802 sanouine
768 1752 803 1785 et
825 1745 1018 1800 supplicio
1039 1759 1109 1785 suo
1131 1745 1258 1786 latam
1280 1743 1403 1799 legem
1421 1758 1478 1784 σοι
1479 1742 1625 1800 sestam
1639 1757 1824 1794 exercen,

394 1810 432 1844 et
452 1810 609 1844 tantam
630 1803 711 1843 vim
742 1802 900 1843 habene
960 1801 1243 1876 Aptissimum
1276 1810 1442 1864 tempus
1473 1811 1576 1851 erat,
1598 1792 1823 1843 vindicatis

395 1859 692 1909 seditionibus,
715 1858 1069 1899 delenimentutn‘
1092 1858 1244 1898 animis
1267 1857 1416 1898 Bolani
1449 1857 1538 1912 agri
1572 1857 1826 1911 divisionem

395 1916 554 1971 objici:
586 1930 671 1970 quo
694 1915 810 1956 facto
833 1915 1083 1955 minuissent
1103 1914 1353 1956 desiderium
1377 1915 1554 1968 agrariae
1587 1913 1707 1970 legis,
1728 1928 1825 1969 quae

394 1987 590 2037 possesso
613 1986 686 2028 per
712 1972 910 2027 injuriam
933 1986 969 2011 a
960 1986 1036 2027 rro
1070 1971 1241 2034 publico
1275 1970 1421 2012 Patres
1442 1969 1639 2026 pellebat.
1685 1969 1833 2011 Tunc‘

395 2030 522 2072 haec
514 2044 606 2084 ipsa
628 2029 859 2084 indignitas
881 2029 1067 2092 angebat
1088 2043 1264 2076 animos,
1284 2041 1366 2068 non
1390 2028 1432 2068 in
1456 2026 1682 2067 retinendis
1699 2027 1828 2070 modo

396 2086 580 2142 publicis
601 2086 728 2140 agris,
751 2099 857 2139 quos
883 2085 919 2124 vi
945 2095 1120 2134 teneret,
1143 2085 1402 2140 pentinacem
1424 2083 1692 2124 nobilitatem
1712 2097 1826 2127 esse·
1817 2116 1829 2139 ,

398 2143 471 2185 sed
502 2156 554 2183 ne
585 2156 764 2182 vacuum
797 2141 967 2196 quidem
990 2155 1156 2196 agrum,
1177 2154 1311 2196 nuper
1340 2154 1393 2180 ex
1415 2140 1608 2181 hostibus
1639 2150 1828 2196 captum,

399 2200 514 2256 plebi
551 2199 904 2249 dividere31nox
948 2199 1108 2254 paucis,
1147 2208 1192 2238 ut
1231 2208 1385 2248 cetera,
1426 2196 1614 2251 fututum
1656 2197 1827 2253 praedae.

401 2356 413 2377 5
443 2320 456 2334 θ
478 2310 615 2385 iraquedl.
632 2313 714 2342 irata
730 2312 826 2341 Gron.
996 2309 1011 2330 ὃ
1032 2310 1080 2340 M.
1095 2311 1189 2341 Gron.
1205 2311 1295 2339 Crev.
1473 2310 1732 2355 ‘delinimentum
1745 2309 1832 2340 Eaed.

435 2357 514 2388 Tum
527 2357 579 2386 Ea:
603 2376 610 2384 .

452 2449 487 2477 14
515 2446 636 2476 Necari
657 2445 714 2474 sub
737 2444 841 2484 erote]
875 2444 948 2474 Hoc
970 2443 1095 2483 suppli-
1141 2448 1308 2482 utcunque
1332 2443 1471 2483 exponi:
1502 2442 1674 2483 plebiscito
1694 2442 1830 2474 tributis

405 2491 445 2519 cii
474 2499 578 2530 genus
602 2488 722 2519 clarius
745 2488 940 2518 describitur
964 2488 985 2516 l.
1016 2488 1041 2518 1.
1068 2498 1095 2517 c.
1140 2487 1282 2516 comitiis
1300 2488 1378 2523 lato,
1396 2486 1482 2525 quod
1503 2487 1679 2517 subsecuta
1702 2492 1751 2516 est
1777 2487 1826 2516 lex

406 2536 456 2563 51.
1140 2531 1334 2559 centuriatis
1350 2530 1491 2560 comitiis
1503 2529 1543 2559 ab
1559 2529 1710 2564 universo
1725 2539 1829 2568 popu-

456 2578 489 2606 ¹5
516 2575 568 2605 Ne
586 2579 672 2604 metu
696 2575 902 2614 questionum
921 2575 1009 2612 plebs
1032 2575 1096 2603 ira-
1141 2573 1171 2602 lo
1201 2574 1424 2613 coinprubata.
1467 2573 1510 2602 At
1537 2573 1640 2611 tnagis
1670 2572 1830 2611 placeret,

404 2618 479 2659 qm]
509 2619 588 2648 Haec
603 2618 702 2647 lectio
727 2626 806 2647 sane
830 2618 961 2655 eleg-:uis
980 2617 1100 2648 nititur
1142 2616 1251 2646 deleta
1279 2626 1356 2645 voce
1377 2617 1500 2655 populi,
1525 2615 1653 2653 legere:
1692 2616 1725 2646 Α
1742 2616 1830 2655 plebe

406 2661 631 2700 compluribus
655 2661 746 2691 MSS.
771 2660 1001 2695 Gronovianis‚
1019 2670 1098 2698 qna-
1141 2669 1301 2695 consensu,
1318 2660 1338 2688 i.
1363 2669 1393 2688 e.
1417 2658 1699 2688 consentientibus
1714 2659 1829 2688 suffra-

406 2713 484 2739 tuor
508 2705 638 2740 nostris,
662 2710 694 2732 et
720 2704 874 2734 omnibus
896 2704 1096 2733 editionibus
1142 2704 1216 2740 giis,
1241 2703 1403 2741 negotium
1432 2702 1610 2731 mandatur
1639 2702 1827 2732 consulibus.

407 2755 486 2778 ante
512 2747 735 2785 Sigonianam.
782 2747 861 2776 lla-c
877 2747 966 2776 dedit
983 2747 1094 2778 irata.-
1140 2746 1208 2775 Vox
1239 2753 1386 2774 comem-oc
1418 2743 1532 2774 eodem
1559 2743 1656 2775 modo
1679 2745 1828 2774 absolute

407 2791 496 2830 quod
511 2790 670 2829 amplexio
687 2794 765 2818 sunt
781 2796 911 2819 ceteram
1141 2789 1275 2828 ponitur
1290 2797 1390 2827 supra
1406 2786 1426 2815 1.
1446 2786 1505 2818 ΙΙΙ.
1523 2798 1550 2818 c.
1571 2790 1623 2819 3¹13.
1673 2788 1829 2819 &mensu

457 2835 492 2865 16
515 2834 546 2864 A
560 2833 652 2874 plebe
674 2842 821 2862 comen-m
833 2834 960 2872 populi]
987 2833 1096 2863 Posset
1140 2833 1276 2863 int-isam
1293 2831 1475 2874 imperium.
