1925 3239
621 87 745 127 LIB.
773 86 844 126 IX.
879 87 1011 125 CAP.
1037 87 1125 126 XV.
1470 94 1544 129 513

115 187 249 240 miles,
271 189 432 231 minime
453 189 646 245 cuiquam
664 188 841 230 militum
861 187 1037 228 consules
1058 187 1147 227 odio
1169 186 1212 228 in
1233 187 1358 229 hostes
1375 190 1542 242 cessisse,

114 252 188 284 uut
209 260 415 288 cessuros:
445 247 542 302 quin
563 246 693 297 duces,
716 245 822 286 sicut
845 243 953 301 belli,
975 245 1034 284 itu
1060 245 1308 285 insatiabilis
1338 247 1540 300 supplicii,

96 299 434 358 jfflurosfidsse,
456 304 498 343 ni
520 310 716 358 respectus
738 301 923 357 equitum
951 308 1233 351 sexcentorum,
1255 303 1325 356 qui
1359 302 1542 345 aneriae

113 358 264 399 obsides
284 366 521 410 tenerentur,
537 358 791 414 praepedisset
809 359 985 398 animos.-
1016 372 1064 397 ηε
1083 357 1290 412 desperata
1313 360 1429 399 venia
1450 360 1540 401 lms-

111 420 168 455 tes
189 430 304 457 ccecos
324 417 366 456 in
386 416 587 471 supplicia.
606 430 742 456 eorum
763 422 912 470 ageret,
925 412 1092 469 perdere
1108 415 1239 469 prius,
1259 429 1376 469 quarn
1394 418 1540 470 perire,

111 478 306 525 optantes·
384 473 574 514 Laudare
622 487 672 513 ea
720 472 890 521 milites,
940 471 1159 526 laetarique
1208 472 1379 512 obviam
1431 474 1538 515 itum

109 527 182 568 irae
206 543 292 569 suae
314 543 418 578 esse,
440 544 489 570 ac
513 530 650 580 fateri,
673 529 816 569 omnia
839 527 1038 584 patienda
1060 529 1216 583 potius,
1238 543 1365 582 quam
1390 531 1539 584 procle-

112 595 227 625 retur
248 585 357 626 salus
383 596 445 626 tot
468 587 708 642 principum
732 585 942 625 Romanae
958 585 1214 639 juventutis.

167 641 266 682 XV.
314 642 500 683 Dimissa
529 644 751 692 concione,
782 641 1006 683 consilium
1039 641 1249 691 habitum,
1281 643 1538 684 omnibusne

111 698 246 752 copiis
274 699 491 740 Luceriam
519 708 768 755 premerent,
787 713 838 738 an
862 698 993 739 altero
1011 698 1201 738 exercitu
1221 708 1264 739 et
1283 699 1390 739 duce
1409 699 1538 754 Apuli

111 755 239 805 circa,
262 770 365 811 gens
395 757 538 797 dubiae
570 757 620 797 ad
654 756 695 796 id
722 755 966 805 voluntatis,
989 764 1266 795 tentarentur.
1329 755 1538 797 Publilius

110 811 274 863 consul,
295 813 346 853 ad
371 813 673 868 peragrandam
698 812 915 868 profectus
938 811 1156 866 Apuliam,
1178 813 1341 866 aliquot
1362 813 1540 867 expedi-

109 867 225 908 tione
247 884 331 909 una
352 873 532 924 populos
555 879 628 911 aut
658 870 696 909 vi
730 869 915 924 subegit,
938 877 1011 909 aut
1042 869 1361 909 conditionibus
1396 870 1436 909 in
1471 885 1538 910 so-

110 924 306 965 cietatem
343 927 522 981 accepit.
584 926 757 982 Papirio
789 940 973 980 quoque,
1010 926 1081 979 qui
1116 926 1310 966 obsessor
1346 926 1536 967 Luceriae

109 982 333 1032 restiterat,
370 983 482 1023 brevi
517 983 569 1023 ad
603 997 720 1038 spem
748 992 924 1023 eventus
959 982 1188 1037 respondit.
1224 997 1336 1032 nam,
1371 983 1536 1024 insessis

111 1039 309 1079 omnibus
335 1040 425 1089 viis,
448 1054 521 1104 per
541 1055 645 1094 quas
667 1048 929 1080 commeatus
951 1053 1004 1079 ex
1036 1040 1210 1079 Samnio
1244 1039 1539 1081 subveheban-

108 1101 190 1145 tur,
213 1094 324 1136 fame
346 1096 497 1137 domiti
515 1097 748 1147 «Samnites,
771 1097 840 1150 qui
869 1096 1058 1137 Luceriae
1095 1096 1134 1136 in
1172 1096 1371 1151 praesidio
1404 1108 1538 1147 erant,

108 1150 270 1207 legatos
294 1152 444 1193 misere
474 1154 525 1193 ad
556 1153 773 1194 consulem
808 1152 1066 1203 Romanum,
1089 1163 1149 1202 ut,
1174 1154 1352 1208 receptis
1384 1154 1538 1207 equiti-

110 1207 202 1258 bus,
224 1210 295 1264 qui
319 1224 465 1251 caussa
489 1209 584 1251 belli
617 1218 768 1259 essent,
790 1211 1012 1249 absisteret
1043 1210 1279 1249 obsidione.
1342 1208 1422 1250 His
1458 1210 1538 1250 Pa-

109 1266 240 1319 pirius
265 1267 323 1306 ita
352 1267 594 1321 respondit:
628 1266 831 1307 Debuisse
852 1281 916 1306 eos
932 1266 1142 1316 Pontium,
1163 1266 1364 1306 Hei-ennii
1378 1266 1537 1320 filium,

107 1335 186 1376 quo
199 1330 365 1363 auctore
389 1322 594 1365 Romanos
614 1322 849 1379 subjugum
865 1323 1076 1372 misissent,
1097 1322 1310 1373 consulere,
1333 1323 1434 1378 quid
1453 1324 1537 1365 vic-

108 1378 162 1418 tis
176 1380 413 1433 patiendum
433 1387 617 1421 censeret.
648 1387 831 1430 ceterum,
854 1379 1044 1434 quonium
1065 1380 1117 1419 ab
1147 1379 1322 1420 hostibus
1355 1381 1400 1420 in
1418 1395 1456 1420 se
1485 1396 1537 1421 ce·-

109 1448 189 1489 qua
210 1437 349 1486 statui,
369 1451 490 1492 quum
508 1437 550 1476 iu
572 1451 609 1477 se
628 1436 705 1491 ipsi
712 1436 845 1492 ferre,
864 1435 1096 1486 muluerint‚
1111 1436 1301 1477 nunciare
1316 1437 1537 1478 Luceriam

99 1492 246 1545 jussit,
267 1508 399 1545 arma,
422 1493 833 1549 sczrcinasſjuinenta,
854 1492 1157 1534 multitudinem
1178 1507 1329 1533 omnem
1349 1493 1536 1534 inbellem

103 1549 214 1588 intra
236 1551 380 1591 moenia
401 1550 700 1605 relinquerent:
729 1550 899 1590 militem
920 1564 957 1590 se
977 1564 1066 1589 cum
1087 1549 1259 1604 singulis
1289 1551 1534 1591 vestimentis

102 1605 339 1662 subjugum
359 1608 589 1656 missurum,
609 1607 864 1647 ulciscentem
886 1606 1072 1657 inlatum,
1093 1621 1172 1646 non
1193 1621 1338 1647 novam
1359 1606 1535 1663 inseren-

101 1668 178 1702 tem
191 1663 468 1718 ignominiam.
500 1663 621 1704 Nihil
643 1673 896 1704 recusatum.
918 1672 1080 1718 septem
1098 1662 1231 1703 millia
1251 1663 1434 1704 militum
1457 1665 1534 1705 sub

95 1717 252 1775 jugum
273 1721 413 1771 missa,
427 1721 656 1775 praedaque
673 1721 821 1775 ingens
841 1720 1030 1761 Luceriae
1046 1729 1184 1775 capta,
1199 1721 1379 1774 receptis
1398 1722 1538 1761 omni-

102 1776 179 1816 bus
202 1776 335 1832 signis
356 1778 582 1832 armisque,
605 1791 701 1831 quae
723 1777 773 1817 ad
799 1776 1010 1817 Caudium
1032 1776 1320 1827 ⁴⁸a1niserant3
1343 1787 1398 1827 et,
1421 1778 1535 1832 quod

100 1833 245 1873 omnia
261 1835 487 1889 superabat
502 1833 670 1889 gaudia,
692 1834 907 1888 equitibus
931 1834 1203 1889 recuperatis,
1225 1847 1330 1888 quos
1355 1836 1537 1889 pignora

96 1890 214 1944 pacis
237 1891 537 1931 custodiendos
562 1890 782 1931 Luceriam
809 1890 1020 1931 Samnites
1043 1890 1259 1931 dederant.
1293 1889 1419 1931 Haud
1455 1891 1535 1931 fer-

100 1960 169 1986 me
190 1946 272 1986 alia
287 1948 523 1989 mutatione
537 1948 678 1988 subita
694 1961 830 1987 rerum
851 1947 1002 1988 clarior
1019 1947 1198 1987 victoria
1213 1946 1357 2001 populi
1376 1947 1534 1987 Roma-

97 2002 141 2042 ni
158 2013 246 2044 est:
269 2004 476 2059 siquidem
490 2005 617 2045 etiam
631 2004 765 2058 (quod
781 2004 1033 2058 quibusdam
1050 2004 1090 2044 in
1108 2003 1328 2044 annalibus
1343 2004 1532 2053 invenio)

98 2058 293 2110 Pontius,
318 2061 524 2102 Herennii
556 2057 680 2111 filius,
703 2060 958 2100 Samnitium
991 2061 1232 2115 imperator,
1263 2070 1311 2099 ut
1341 2061 1535 2115 expiaret

95 2116 316 2157 consulum
333 2118 630 2173 ignominiam,
647 2117 887 2172 subjugum
903 2131 998 2157 cum
1014 2118 1162 2157 ceteris
1175 2126 1239 2156 est
1254 2117 1417 2157 missus.
1451 2116 1534 2157 Ce-

96 2181 232 2213 terum
249 2174 291 2215 id
315 2176 453 2215 minus
470 2174 854 2225 miror,0bscurum
877 2188 967 2213 esse
988 2173 1039 2213 de
1061 2173 1245 2213 hostium
1267 2173 1374 2213 duce
1386 2174 1531 2214 dedito

98 2229 312 2284 missoque
326 2231 596 2286 subjugum:
621 2231 663 2271 id
677 2231 812 2285 magis
827 2229 1019 2271 mirabile
1034 2240 1112 2280 est,
1126 2230 1303 2284 ambigi,
1321 2230 1532 2271 Luciusne

1558 205 1599 236 U.
1618 205 1655 236 C.
1673 208 1748 237 434.

1555 248 1592 279 A.
1611 249 1647 279 C.
1664 253 1740 281 318.

1551 937 1684 968 Luceria

1551 986 1652 1020 capta.

1549 1570 1612 1600 Sub
1624 1573 1734 1611 jugum

1548 1616 1633 1644 missi
1649 1618 1735 1646 Sam-

1548 1658 1638 1689 nites.

103 2285 326 2328 Cornelius
345 2287 536 2328 dictator
557 2301 654 2328 cum
688 2287 735 2327 L.
759 2287 932 2342 Papirio
955 2286 1153 2336 Cursore,
1176 2287 1380 2339 magistro
1411 2289 1529 2341 equi·
1556 2320 1560 2324 .

99 2350 207 2392 tum,
229 2357 297 2383 eas
319 2357 384 2384 res
406 2344 457 2384 ad
479 2344 705 2394 Caudium,
729 2352 854 2398 atque
876 2343 973 2383 inde
998 2342 1217 2383 Luceriam
1250 2343 1441 2397 gesserit,
1468 2344 1528 2385 ul·

99 2407 249 2454 torque
273 2401 419 2440 unicus
444 2400 652 2441 Romanae
671 2401 936 2456 ignominiae,
957 2403 989 2426 ⁴9
1005 2400 1116 2439 baud
1139 2400 1266 2439 sciam
1301 2415 1351 2439 an
1377 2399 1528 2453 justis-

76 2456 208 2496 simo
243 2456 463 2513 triumpho
493 2458 543 2497 ad
576 2472 668 2498 eam
701 2466 869 2497 aetatem
903 2457 1132 2496 secundum
1168 2456 1338 2495 Furium
1364 2456 1526 2497 Camil-

98 2511 202 2563 lum,
248 2513 588 2569 triumphaverit,
612 2529 663 2554 an
686 2513 905 2554 consulum
934 2512 1177 2566 Papiriique
1199 2512 1456 2566 praecipuum
1482 2514 1524 2555 id

96 2569 224 2610 decus
247 2571 316 2611 sit.
367 2570 566 2625 Sequitur
588 2570 701 2611 hunc
722 2584 903 2609 errorem
927 2569 1031 2609 alius
1054 2583 1182 2618 error,
1206 2568 1418 2610 Cursorne
1444 2569 1523 2610 Pa-

93 2625 225 2680 pirius
246 2627 454 2681 proximis
476 2627 660 2667 comitiis
683 2641 780 2667 cum
811 2630 840 2650 ⁵⁰
855 2627 911 2672 Q.
933 2624 1061 2665 Aulio
1094 2625 1324 2666 Cerretano
1357 2627 1522 2678 iterum,

135 2730 176 2759 48
199 2728 400 2767 Amiserant]
425 2729 569 2769 Quidam
591 2728 719 2768 scripti,
737 2729 786 2757 in·
831 2733 900 2757 not.
916 2728 963 2757 12.
979 2725 1018 2756 ad
1035 2726 1076 2755 11.
1094 2727 1166 2755 (ἀεὶ
1183 2730 1252 2756 not.
1269 2726 1320 2756 66.
1339 2725 1378 2756 ad
1398 2725 1455 2755 111.
1470 2727 1513 2756 60

89 2774 143 2800 ter
159 2781 239 2809 quos
257 2771 321 2801 duo
336 2784 353 2801 e
368 2773 502 2809 nostris,
518 2774 635 2802 amissa
651 2775 756 2802 erant.
874 2770 943 2801 50*
952 2769 994 2810 Q.
1010 2770 1104 2799 Aulio
1125 2769 1292 2799 Cerretano
1310 2769 1441 2807 iterum]
1458 2771 1480 2798 A
1488 2779 1523 2798 u<

131 2816 174 2847 49
187 2813 206 2832 ²*
218 2814 323 2845 Haud
336 2817 434 2846 sciam
450 2814 508 2854 au]
528 2815 688 2846 Fortasse.
712 2813 786 2844 vid.
830 2812 912 2843 lium
930 2814 963 2843 in
987 2811 1184 2852 quibusdam
1208 2812 1379 2844 annalibus
1406 2822 1522 2842 con-,cu-

154 2869 262 2897 vo1..
297 2871 328 2897 1.
867 2869 892 2895 L
922 2855 936 2896 l
