1991 3250
405 140 482 176 858
957 133 1112 180 'T1T1
1152 132 1322 180 L1v‘11
1366 159 1370 163 ⁴

281 239 378 274 ·369-
407 237 550 288 vebat,
570 237 757 280 excitata
786 238 1014 294 praesentia
1042 239 1178 291 ducis,
1210 239 1281 280 sed
1312 238 1428 294 quod
1458 238 1710 282 Volscorum
1742 240 1835 282 ani-

362 305 371 314 ·
406 293 487 334 mis
516 293 626 336 nihil
654 294 885 336 terribilius
914 304 1017 346 erat,
1038 310 1166 352 quam
1197 295 1332 352 ipsius
1357 295 1528 336 Camilli
1554 296 1660 337 forte
1689 297 1836 338 oblata

406 350 584 406 species.
645 350 726 403 Ita,
767 366 1038 408 quocumque
1080 368 1123 393 se
1163 352 1390 402 intulisset,
1432 353 1652 394 victoriam
1690 367 1833 394 secum

407 406 522 448 haud
551 408 726 448 dubiam
758 408 967 450 trahebat.
998 410 1184 450 maxime
1216 409 1257 449 id
1289 410 1461 449 evidens
1492 409 1589 459 fuit,
1615 423 1762 464 quum,
1789 411 1833 451 in

407 464 563 506 laevum
585 479 734 515 cornu,
756 479 888 520 prope
902 465 996 521 jam
1019 465 1200 521 pulsum,
1223 465 1398 521 adrepto
1420 474 1592 522 repente
1610 479 1729 531 equo.
1736 479 1836 509 cum

408 529 532 562 scuto
563 521 762 577 pedestri,
782 523 1002 573 abvectus,
1031 532 1262 586 conspectu
1294 537 1370 563 suo
1402 523 1601 578 proelium
1634 523 1834 573 restituit,

408 586 627 618 ostentans
671 579 913 619 vincentem
952 588 1135 620 ceteram
1178 593 1328 620 acrem.
1386 579 1485 621 Jam
1528 579 1729 620 inclinata
1771 593 1835 620 res

408 644 513 684 erat,
535 634 605 675 sed
629 636 754 675 turba
774 635 962 676 hostium
984 645 1027 675 et
1057 635 1160 690 fuga
1190 636 1498 690 inpediebatur,
1520 646 1562 676 et
1593 636 1722 691 longa
1751 650 1836 677 cae-

407 690 461 731 de
483 690 750 731 conficienda
770 690 997 732 multitudo
1020 701 1139 732 tanta
1168 690 1278 732 fesso
1309 691 1433 732 militi
1464 701 1577 734 er:at
1609 707 1741 747 quum
1771 706 1836 732 re-

406 756 536 810 pente
558 747 802 803 ingentibus
824 747 1016 802 procellis
1039 743 1156 788 fusus
1180 748 1327 789 imber
1334 759 1492 790 certam
1524 750 1660 804 magis
1695 749 1834 790 victo-

407 817 529 853 riam,
550 818 677 859 quam
700 803 917 868 proelium,
937 804 1121 845 diremit.
1181 805 1316 860 Signo
1336 805 1488 846 deinde
1510 807 1697 861 receptui
1720 806 1835 856 dato,

406 873 494 903 nox
537 860 744 910 insecuta,
781 860 935 915 quietis
979 860 1201 912 Romanis,
1242 861 1422 916 perfecit
1462 863 1630 903 bellum.
1691 862 1833 903 Latini

400 930 592 972 namque
622 926 665 958 et
698 917 891 968 Hernici,
923 917 1079 958 relictis
1113 917 1294 968 Volscis,
1326 918 1475 958 domos
1507 919 1688 973 profecti
1720 927 1832 970 sunt,

404 970 528 1013 malis
550 974 736 1014 consiliis
760 988 880 1029 pares
912 974 1056 1029 adepti
1085 984 1274 1015 eventus.
1334 974 1494 1025 Volsci,
1517 975 1587 1016 ubi
1621 990 1664 1016 se
1695 976 1834 1016 deser-

407 1038 474 1071 tos
496 1031 550 1070 ab
572 1031 631 1071 eis
655 1031 809 1080 videre,
832 1045 1012 1094 quo-rum
1036 1031 1191 1072 fiducia
1219 1030 1534 1082 rebellav,erant
1557 1031 1709 1072 relictis
1740 1047 1832 1072 cas-

405 1080 497 1136 t‘ris,
527 1088 744 1128 moenibus
776 1087 928 1128 Satrici
960 1101 1002 1127 se
1038 1087 1274 1128 includunt.
1312 1102 1417 1142 quos
1455 1089 1592 1144 primo
1629 1088 1832 1129 Camillus

408 1143 518 1184 vallo
543 1144 820 1194 circumdare,
841 1153 884 1183 et
915 1158 998 1200 251g
985 1158 1071 1184 rere
1101 1154 1227 1198 atque
1259 1145 1459 1207 operibus
1491 1146 1740 1201 obpugnare
1769 1153 1833 1186 est

407 1200 592 1241 adoxfftus
653 1202 761 1247 Quae
799 1210 1025 1265 postquam
1066 1201 1178 1241 nulla
1216 1201 1438 1255 eruptione
1462 1201 1653 1265 inpediti
1691 1202 1833 1254 videt3

405 1257 546 1298 minus
576 1272 666 1299 esse
696 1258 826 1298 animi
859 1268 971 1298 ratus
1005 1258 1044 1298 in
1077 1258 1213 1308 hoste,
1233 1272 1359 1312 quam
1393 1268 1438 1298 ut
1462 1258 1503 1299 in
1525 1272 1575 1298 eo
1600 1268 1683 1299 tam
1706 1258 1833 1299 lentae

305 1342 307 1344 -
405 1314 496 1369 spei
518 1315 739 1356 victoriam
761 1323 1041 1369 exspectaiffet
1062 1314 1309 1355 cohortatus
1332 1315 1501 1366 milites,
1523 1329 1590 1366 ne,
1613 1325 1831 1370 tamquam

193 1388 345 1416 Satricum
406 1371 534 1412 Veios
544 1372 869 1435 obpugnantes,
890 1372 929 1411 in
953 1385 1080 1427 opere
1101 1371 1336 1435 longinquo
1357 1386 1446 1412 sese
1477 1380 1673 1422 tererent,
1696 1372 1832 1412 victo-

192 1431 325 1471 eapitur.
405 1427 509 1469 riam
542 1428 582 1468 in
617 1429 811 1468 manibus
841 1442 956 1479 esse3
1002 1428 1165 1483 ingenti
1174 1404 1382 1469 omilitum
1413 1428 1631 1470 alacritate
1669 1428 1832 1469 moenia

404 1485 592 1540 undique
621 1486 857 1540 adgoessus,
887 1484 1010 1526 scalis
1039 1484 1247 1540 oppidum
1276 1485 1439 1541 cepit.
1465 1484 1610 1526 Volsci
1649 1484 1831 1540 abJectis

403 1542 530 1582 armis
553 1556 642 1582 sese
663 1518 930 1582 dbedidffiwm

463 1597 549 1639 IX.
581 1598 780 1640 Ceterum
812 1598 977 1639 animus
998 1598 1119 1639 ducis
1139 1598 1198 1639 rei
1221 1598 1387 1663 majori,
1409 1596 1558 1650 Antio,
1577 1598 1829 1640 inminebat.

403 1655 445 1695 id
488 1665 618 1711 caput
659 1655 928 1706 Volscorum,
957 1669 1050 1695 eam
1081 1654 1210 1696 fuisse
1240 1656 1449 1711 originem
1489 1655 1674 1711 proximi
1718 1655 1830 1702 belli.

404 1711 486 1752 Sed
508 1712 609 1767 quia
631 1712 710 1752 nisi
734 1726 930 1767 magno
917 1712 1136 1766 adparatu,
1158 1712 1380 1752 tormentis
1410 1711 1718 1776 machinisque,
1743 1722 1828 1752 tam

403 1768 544 1810 valida
565 1769 662 1809 urbs
684 1783 778 1823 eapl
800 1783 884 1809 non
909 1778 1098 1824 poterat3
1130 1768 1277 1809 relicto
1302 1767 1354 1809 ad
1384 1768 1619 1810 exercitum
1651 1768 1828 1824 collega,

403 1823 591 1866 Romam
611 1835 675 1866 est
697 1824 928 1881 profectus,
950 1835 998 1865 ut
1027 1835 1221 1866 senatum
1253 1825 1304 1866 ad
1335 1825 1616 1867 excidendum
1650 1811 1829 1874 Antium

189 1884 391 1915 nettumcum
405 1881 661 1923 hortaretur.
721 1881 839 1922 Inter
875 1895 1112 1923 sermonem
1154 1881 1244 1937 ejus
1283 1882 1444 1933 (credo,
1483 1896 1570 1923 rem
1607 1881 1829 1922 Antiatem

190 1927 393 2000 {dizffiiob
404 1939 714 1980 diuturniorem
744 1953 927 1989 manere,
963 1938 1057 1980 Diis
1087 1939 1205 1979 cordi
1237 1937 1385 1988 fuisse)
1415 1939 1544 1994 legati
1575 1939 1628 1979 ab
1661 1938 1830 1993 Nepete

190 2014 373 2045 sidentibus
404 2011 453 2037 ac
489 1996 647 2046 Sutrio,
679 1995 886 2037 auxilium
923 1995 1120 2036 adversus
1159 1994 1360 2036 Euuscos
1398 2006 1602 2051 petentes,
1638 1996 1828 2046 veniunt,

406 2053 578 2094 brevem
620 2053 888 2094 occasionem
930 2066 1020 2094 esse
1061 2052 1221 2092 ferendi
1260 2051 1406 2092 auxilii
1448 2062 1742 2093 memorantes.
1776 2065 1830 2092 eo

402 2110 489 2150 vim
514 2109 683 2150 Camilli
707 2110 761 2150 ab
792 2108 925 2149 Antio
958 2108 1129 2150 fortuna
1156 2109 1323 2149 avertit.
1385 2109 1583 2164 Namque
1614 2123 1743 2164 quum
1777 2122 1828 2149 ea

400 2165 496 2208 loca
525 2166 725 2221 obposita
758 2165 954 2215 Etruriae,
975 2174 1017 2207 et
1049 2165 1162 2206 velut
1192 2165 1373 2206 claustra
1397 2166 1492 2206 inde
1521 2177 1742 2221 portaeque
1762 2179 1828 2206 es·

402 2231 518 2274 sent3
550 2233 592 2263 et
613 2223 691 2263 illis
722 2223 961 2282 occupandi
992 2237 1055 2273 ea,
1077 2236 1207 2277 quum
1238 2222 1339 2276 quid
1373 2223 1470 2263 novi
1502 2223 1762 2272 molirentur,
1784 2230 1828 2262 et

404 2278 612 2320 Romanis
633 2278 906 2334 recuperandi
939 2279 1169 2333 tuendique
1199 2293 1299 2319 cura
1329 2289 1430 2319 cra.t
1492 2278 1630 2335 Igitur
1661 2279 1824 2320 senatui

403 2351 500 2376 eum
526 2335 749 2377 Camillo
740 2338 809 2391 agi
845 2335 1018 2390 placuit,
1041 2345 1101 2385 ut,
1125 2336 1281 2375 omisso
1315 2335 1462 2386 Antio,
1484 2335 1639 2377 bellum
1675 2335 1822 2376 Etrus-

402 2407 500 2434 cum
523 2393 765 2448 susciperet.
787 2397 819 2422 ³⁹
835 2392 1045 2448 Legiones
1069 2393 1256 2444 uibanae,
1280 2393 1434 2447 quibus
1452 2369 1685 2439 Quinctius
1716 2406 1824 2447 prae-

443 2509 485 2540 39
509 2507 663 2544 Legiones
683 2507 829 2543 urbanoe,
847 2506 958 2547 quibus
982 2506 1088 2546 Quim
1121 2505 1255 2545 suet-en.
1292 2506 1421 2536 Tamen
1439 2505 1538 2546 paulo
1553 2505 1637 2535 infra
1652 2505 1824 2545 Quintius,

401 2549 672 2589 tiresprqfieerat]
690 2549 845 2589 Quintius
870 2556 1007 2588 priver-'it
1032 2561 1085 2579 ex·
1132 2559 1199 2579 non
1223 2550 1392 2586 Servilius,
1409 2550 1552 2580 mittitur
1575 2549 1706 2579 adeum
1730 2550 1824 2579 eiter-

400 2593 517 2622 ercitui
555 2603 592 2623 er
640 2594 793 2623 causariis
837 2593 1083 2631 senioribusque
1130 2593 1246 2629 citum,
1286 2603 1382 2632 quem
1422 2592 1579 2622 Camillus
1624 2593 1657 2622 in
1699 2590 1825 2624 Volscis

402 2636 596 2675 conscripto.
640 2634 713 2665 vm.
747 2645 844 2674 supra
875 2646 901 2665 ο.
934 2637 963 2665 G.
998 2636 1080 2666 Eum
1128 2635 1345 2674 relinquebat.
1390 2635 1503 2674 Itaque
1542 2639 1574 2664 et
1613 2634 1708 2664 :iliam
1748 2644 1822 2674 pel·-

399 2678 561 2708 traditum
590 2688 659 2707 esse
689 2679 840 2716 Camillo,
867 2689 968 2717 quum
1000 2680 1083 2709 alter
1127 2680 1348 2709 mutationem
1377 2679 1582 2708 exercituum
1606 2677 1726 2707 fat-tam
1751 2688 1822 2708 esse

399 2729 563 2752 exercitus
594 2733 611 2751 e
637 2723 823 2760 junioribus
855 2722 1032 2761 validisque
1064 2732 1082 2753 a
1126 2732 1258 2753 necesse
1296 2727 1359 2755 est.
1389 2722 1435 2751 ita
1471 2727 1508 2751 ut
1546 2721 1699 2751 Servilius
1738 2731 1823 2760 prae-

398 2765 437 2805 0.
454 2765 590 2795 Servilio
605 2767 745 2805 scriptus
763 2771 881 2804 prccsto
904 2773 1002 2803 (sset,
1021 2775 1085 2795 non
1131 2765 1230 2795 suerit
1245 2765 1404 2795 exercitui
1419 2764 1614 2804 Quintiano,
1629 2764 1684 2803 qni
1701 2763 1742 2796 ad
1766 2773 1822 2798 ur-

399 2808 811 2846 vstvtrisimile.1t.1qu‹
838 2808 868 2837 hi
862 2818 954 2837 ''scr“
942 2788 1085 2838 scribe-n
1130 2809 1203 2837 bem
1230 2811 1377 2837 retentus
1400 2809 1454 2837 sit.
1498 2808 1550 2836 Sic
1579 2807 1700 2838 nodum
1730 2807 1818 2838 huuc

399 2852 477 2881 lum
495 2852 636 2888 videtur,
651 2853 807 2891 qulbus
785 2852 820 2881 O.
834 2853 990 2883 δ’·ἐι-ιὶἱιιιο·
1000 2861 1085 2891 proe-
1129 2851 1226 2882 solvit
1242 2851 1273 2884 J
1293 2851 1341 2881 Fr.
1357 2850 1550 2882 Gronovius,
