1925 3239
588 123 650 163 LI
665 124 710 164 B.
736 124 845 162 VIII.
889 125 919 161 C
933 126 967 162 A
981 124 1023 163 P.
1050 123 1140 162 XX.
1480 129 1554 169 473

129 221 410 276 obsideretur,
425 226 528 267 alter
545 225 694 268 consul
715 225 985 266 comitiorum
1009 239 1158 265 caussa
1181 223 1363 265 Romam
1389 239 1558 268 revoca-

130 288 215 320 tus.
275 281 477 323 Carceres
507 297 558 323 eo
581 297 692 323 anno
715 284 755 322 iu
778 282 892 322 circo
925 283 1105 335 primum
1130 282 1291 321 statuti.
1355 282 1559 325 Nondum

131 336 378 389 perfunctos
420 353 521 380 cura
565 339 824 380 Privernatis
869 338 964 379 belli
1009 338 1212 377 tumultus
1254 337 1407 378 Gallici
1447 339 1561 380 fama

130 401 253 434 atrox
277 395 446 446 invasit,
470 395 579 436 haud
604 396 735 436 ferme
757 409 957 449 umquam
981 393 1175 448 neglecta
1199 394 1410 435 Patribus.
1471 395 1559 436 Ex-

132 450 293 504 templo
317 451 446 506 igitur
467 453 658 492 consules
683 452 797 501 novi,
820 451 866 491 L.
899 451 1097 492 AEmilius
1130 450 1419 491 Mamercinus
1441 452 1557 501 etrC.
1573 450 1613 482 U.
1631 451 1667 481 C.
1684 453 1757 484 42⁶·

133 504 341 557 Plautius,
362 522 413 548 eo
446 508 540 562 ipso
573 509 654 558 die,
680 507 882 548 Kalendis
915 507 1221 557 Quinctilibus,
1244 511 1274 532 *2⁶
1291 522 1374 562 quo
1400 509 1556 564 magis-
1570 494 1606 567 ff
1618 495 1749 567 {1³¹}ss

132 567 319 603 tratum¹'
356 564 553 615 inierunt,
574 578 822 620 comparare
855 565 967 605 inter
998 578 1041 603 se
1074 563 1311 618 provinciffi·
1347 565 1484 618 jussi3
1516 576 1770 611 et11.c.1³1au.

133 617 440 670 Mamercinus,
461 623 528 662 cui
549 621 764 662 Gallicum
789 620 940 662 bellum
963 631 1175 671 evenerat,
1194 620 1377 661 scribere
1396 624 1559 663 exerci-
1569 625 1614 653 1³0
1629 624 1715 654 COSS·

133 684 223 715 tum
255 676 345 716 sine
382 677 464 717 ulla
497 678 732 718 vacationis
757 678 890 718 venia.
921 679 1024 732 quin
1047 677 1249 731 opificum
1272 691 1442 733 quoque
1469 679 1560 720 vul-

129 745 209 785 gus
231 741 274 772 et
306 732 519 781 sellularii,
542 735 718 774 minime
749 734 913 775 militiae
948 735 1147 774 idoneum
1171 748 1320 790 genus,
1342 735 1473 775 exciti
1495 736 1558 776 di-

125 798 311 831 cuutur:
355 790 569 845 Veiosque
599 791 748 846 ingens
778 791 990 832 exercitus
1011 801 1269 840 contractuS,
1291 800 1339 831 ut
1361 792 1460 832 inde
1481 793 1559 832 ob-

126 844 242 885 viam
280 845 414 887 Gallis
451 847 595 888 iretur.
639 847 806 902 longius
839 848 1016 897 discedi,
1039 861 1090 888 ne
1123 846 1206 887 alio
1237 847 1387 888 itinere
1424 849 1558 890 hostis

129 900 295 942 falleret
313 903 363 944 ad
387 903 533 944 urbem
556 904 770 954 incedens,
789 919 872 944 uon
894 904 1068 959 placuit.
1102 903 1266 944 Paucos
1288 904 1439 945 deinde
1463 914 1559 960 post

128 956 234 1009 dies,
256 960 357 1000 satis
377 959 599 1015 explorata
621 963 823 1016 temporis
843 961 934 1015 ejus
956 961 1113 1016 quiete,
1134 966 1163 988 ‘2⁷
1183 976 1207 999 a
1230 960 1366 1001 Gallis
1389 962 1556 1002 Priver-
1567 969 1747 1003 Privernum

129 1027 231 1055 num
265 1017 404 1056 omnis
442 1031 647 1058 conversa
679 1019 756 1057 vis.
818 1017 990 1072 Duplex
1024 1018 1122 1058 inde
1160 1017 1274 1057 fama
1302 1027 1390 1059 est:
1423 1017 1492 1058 alii
1516 1015 1703 1059 vieaptum.

126 1079 299 1125 captam
324 1073 487 1123 urbem,
510 1074 839 1128 Vitruviumque
862 1076 1004 1115 vivum
1025 1074 1066 1115 in
1092 1081 1346 1128 potestatem
1368 1075 1557 1117 venisse:

126 1126 217 1178 alii,
239 1129 484 1184 priusquam
509 1131 655 1171 ultima
674 1131 944 1171 adhiberetur
964 1133 1040 1180 vis,
1061 1137 1092 1156 ‘2⁸
1111 1131 1224 1186 ipsos
1246 1145 1288 1170 se
1311 1131 1353 1172 in
1377 1131 1558 1173 deditio-

128 1197 226 1225 nem
258 1186 445 1226 consulis
467 1191 499 1214 ‘²⁹
513 1187 745 1228 caduceum
781 1188 1053 1242 praeferentes
1091 1187 1341 1242 permisisse,
1365 1198 1557 1229 auctores

128 1249 241 1291 sunt,
264 1242 593 1298 Vitruviumque
614 1245 667 1284 ab
690 1243 775 1284 suis
797 1244 1013 1284 traditum.
1074 1245 1269 1292 Senatus,
1286 1245 1337 1285 de
1361 1243 1557 1285 Vitruvio

131 1295 538 1355 Privernatibusque
583 1300 817 1351 consultus,
866 1300 1083 1341 consulem
1134 1299 1364 1352 Plautium,
1406 1302 1560 1342 dirutis

129 1352 323 1396 Priverni
346 1357 491 1408 muris,
512 1357 794 1412 praesidioque
812 1357 951 1398 valido
983 1358 1186 1412 inposito,
1205 1357 1256 1397 ad
1293 1358 1558 1412 triumphum

127 1413 322 1463 arcessit3
356 1413 596 1454 Vitruvium
620 1415 662 1454 in
679 1428 886 1455 carcerem
905 1414 1113 1454 adservari
1130 1414 1275 1468 jussit,
1295 1415 1433 1468 quoad
1456 1429 1559 1455 con·

128 1467 192 1507 sul
210 1468 412 1520 redisset3
445 1480 535 1510 tuin
559 1471 825 1510 verberatum
848 1471 1004 1511 necari.
1037 1471 1148 1511 aedes
1170 1470 1275 1524 eju5‚
1298 1486 1393 1525 quae
1416 1480 1558 1512 essent

128 1523 171 1564 iu
212 1524 393 1574 Palatio,
431 1526 672 1577 diruendas,
712 1528 824 1568 bona
864 1530 896 1550 ³⁰
911 1527 1084 1568 Semoni
1128 1528 1266 1568 Sanco
1304 1536 1557 1568 censuerunt

127 1582 444 1624 consecranda:
494 1583 693 1638 quodque
734 1585 829 1624 aeris
867 1597 919 1624 ex
958 1585 1017 1624 eis
1054 1584 1272 1624 redactum
1310 1595 1389 1634 est,
1420 1587 1474 1625 ex
1507 1599 1557 1625 eo

129 1638 237 1677 aenei
269 1640 390 1679 orbes
429 1638 547 1689 facti,
568 1640 698 1694 positi
731 1640 773 1680 in
814 1640 977 1681 Sacello
1011 1640 1138 1681 Sanci
1170 1643 1385 1681 ³¹ve1·sus⁰
1423 1641 1559 1682 aedem

126 1693 312 1740 Quirini.
373 1695 442 1736 De
472 1707 618 1736 senatu
648 1696 892 1736 Privernate
928 1698 985 1737 ita
1006 1697 1237 1747 decretum,
1260 1707 1321 1747 ut,
1343 1698 1414 1752 qui
1439 1712 1558 1738 sena-

127 1759 195 1790 tor
218 1749 409 1792 Priverni
433 1761 531 1807 post
552 1752 836 1802 defecti9nem
869 1754 922 1794 ab
951 1753 1155 1794 Romanis
1185 1755 1420 1803 mansisset,
1444 1765 1558 1794 trans

125 1805 314 1848 Tiberim
348 1808 443 1863 lege
473 1809 634 1860 eadem,
657 1825 740 1864 qua
770 1810 988 1860 Veliterni,
1011 1811 1238 1851 habitaret.
1300 1810 1381 1851 His
1405 1812 1464 1851 ita
1485 1812 1557 1852 de-

123 1865 265 1917 cretiS,
287 1879 419 1920 usque
441 1866 493 1906 ad
516 1866 777 1921 triumphum
804 1866 961 1907 Plautii
984 1867 1199 1907 silentium
1221 1867 1273 1907 de
1298 1867 1559 1909 Privernati·

444 1959 461 1981 Ρ
482 1957 685 1994 magistratus
699 1952 796 1985 Gron.

168 2020 211 2050 ‘26
229 2019 303 2060 ‚Quo
314 2021 548 2059 magistratmn
561 2020 719 2060 inierunt]
738 2020 819 2050 Vul-

124 2071 166 2103 go
193 2063 273 2092 editi
298 2065 523 2101 magistratus.
568 2063 630 2092 Sed
654 2069 687 2093 et
704 2073 819 2104 perpe-

124 2111 203 2136 tuus
227 2105 310 2135 Livii
332 2116 403 2135 mos
426 2106 459 2136 id
484 2106 631 2146 postulat
653 2107 740 2145 quod
763 2117 819 2136 ex-

124 2149 304 2188 pressimus
319 2160 329 2185 ;
352 2154 389 2184 et,
403 2150 451 2179 ita
474 2149 599 2179 habent
616 2149 818 2189 Campanus,

126 2193 294 2231 Sigonius,
311 2197 377 2222 tres
400 2192 492 2222 MSS.
510 2193 662 2231 Hearnii,
679 2200 822 2232 quatuor

125 2235 241 2265 nostri.

170 2277 280 2311 97*A
298 2277 416 2315 Gallis]
442 2277 524 2318 Quae
549 2279 639 2317 prius
659 2278 692 2307 In
710 2277 819 2308 Gallos

126 2326 243 2361 parata
257 2325 340 2363 erat2
357 2321 515 2352 adversus·
534 2321 726 2351 Privernum
750 2332 820 2351 om-

126 2373 178 2394 ms
194 2373 352 2393 conversa
367 2373 424 2394 vis.

169 2409 209 2438 28
239 2407 321 2446 Ipsos
329 2417 362 2437 se
376 2408 410 2436 in
420 2407 606 2439 deditionem
622 2408 756 2437 consulis
768 2428 776 2444 ,-
788 2428 796 2436 .
811 2429 819 2437 .

123 2451 320 2491 permisisse]
356 2450 459 2480 Recte
496 2450 632 2492 videtur·
663 2451 820 2489 Dnjatius

125 2493 316 2531 emendare,
331 2494 461 2523 consuli.
504 2492 575 2522 Vox
593 2493 649 2523 illa
666 2503 731 2522 non
747 2498 819 2523 tota

122 2546 184 2576 pro
208 2546 297 2566 more
314 2536 411 2566 solito
436 2536 558 2574 scripta
573 2540 653 2574 erat,
670 2535 727 2565 sed
743 2542 818 2566 tan-

123 2585 198 2610 tum
214 2589 272 2609 cos.
286 2583 323 2609 ut
339 2579 464 2609 habent
480 2582 620 2617 quatuor
633 2589 650 2608 e
667 2580 796 2609 nostris.

168 2622 238 2656 29*
251 2622 449 2661 Cadmeum]
476 2621 611 2661 VIrgam
629 2622 717 2662 pacis
734 2622 819 2652 indi-

125 2675 212 2701 cem,
228 2675 327 2704 quam
352 2666 374 2695 ii
396 2665 453 2704 qni
469 2674 584 2704 pacem
608 2665 746 2705 petituri
764 2675 816 2693 ve-

124 2708 274 2745 niebant,
298 2713 428 2747 gestare
454 2717 521 2748 prae
549 2709 701 2738 manibus
728 2707 816 2738 soliti

125 2758 231 2782 erant.
260 2750 335 2782 vid.
357 2751 454 2792 plura
475 2752 510 2781 in
534 2755 603 2781 not.
630 2751 671 2781 ad
694 2750 816 2781 xxvl.

126 2797 165 2833 ,17
171 2815 178 2823 .

166 2839 209 2868 30
233 2836 360 2869 Semoni
374 2836 494 2876 Sanco]
518 2836 769 2868 Observavimus
782 2837 816 2867 in

924 1962 938 1975 ⁰
960 1956 1102 1985 adversus
1117 1957 1175 1985 Cre
1179 1965 1207 1985 v.

864 2024 932 2050 not.
941 2019 1093 2054 74.ad11.
1102 2023 1153 2051 31.
1165 2020 1311 2050 Sancum
1320 2020 1473 2050 eumdem
1487 2030 1557 2051 esse

863 2074 900 2092 ac
917 2064 1019 2100 dium,
1031 2064 1098 2093 sive
1114 2065 1210 2093 (lemn
1228 2064 1369 2093 Fidium.
1415 2063 1506 2094 Idem
1524 2068 1558 2094 et

864 2106 1023 2137 Hercules
1047 2113 1128 2143 erat,
1146 2107 1288 2136 testibus
1306 2107 1400 2137 Festo
1421 2107 1454 2136 in
1480 2118 1556 2137 voce

864 2149 1003 2189 Propter
1017 2152 1116 2187 viam,
1129 2155 1161 2179 et
1175 2150 1268 2179 Varr.
1281 2149 1301 2179 l.
1318 2150 1374 2180 IV.
1387 2150 1426 2179 tle
1441 2150 1558 2190 lingua

864 2193 996 2230 Latina,
1013 2193 1070 2223 sed
1087 2192 1245 2222 Hercules
1261 2193 1414 2230 Sabinus,
1433 2198 1469 2223 ut
1491 2194 1557 2224 col·

864 2236 979 2274 ligitur
1008 2247 1048 2266 ex
1076 2236 1168 2273 Varr.
1198 2235 1269 2267 loco
1299 2242 1495 2274 memorato,
1522 2243 1557 2268 et

864 2278 964 2309 Dion.
982 2279 1002 2310 l.
1019 2279 1063 2310 II.
1079 2280 1133 2318 qui
1151 2280 1292 2309 Sancum
1307 2280 1435 2309 Sabinae
1452 2281 1557 2319 regio-

865 2323 914 2361 nis
931 2324 1065 2361 genium
1096 2322 1196 2352 fuisse
1223 2322 1382 2362 perhibet.
1425 2323 1555 2363 Nempe

862 2374 960 2394 suum
993 2375 1131 2404 qnaeque
1160 2365 1228 2395 fere
1262 2374 1342 2403 gens
1374 2366 1554 2396 Herculem

862 2407 991 2446 habuit.
1005 2408 1008 2411 '
1026 2409 1192 2442 Semonem
1209 2409 1469 2447 interpretantur
1485 2409 1555 2438 vul-

864 2460 905 2490 go
931 2451 1084 2489 Her-nem,
1103 2452 1194 2490 quasi
1209 2454 1444 2481 semihominem
1460 2465 1469 2481 .-
1494 2454 1555 2482 mi-

862 2504 975 2524 norem
994 2495 1067 2530 diis,
1083 2496 1239 2534 majorem
1257 2495 1457 2526 hominibus.
1479 2495 1553 2526 Vid.

861 2536 1136 2567 It=1atth.ls1a1·tin.
1164 2538 1317 2567 Lexieon.
1351 2538 1453 2576 Prope
1469 2539 1552 2576 ejus,

862 2580 1051 2619 quicunque
1079 2581 1213 2610 tandem
1245 2580 1271 2610 is
1296 2582 1352 2618 sit,
1378 2581 1551 2620 sacellum,

862 2623 947 2652 aedes
961 2623 1091 2662 Quirini
1107 2623 1182 2653 fuit.

903 2669 940 2696 31
972 2667 1133 2696 Adversus
1161 2666 1259 2702 cedem
1291 2667 1442 2707 Quirini]
1483 2667 1552 2697 An·

860 2708 966 2745 dreas,
1007 2709 1209 2748 Campanus,
1251 2709 1377 2748 aliquot
1414 2710 1550 2740 Hearnii

860 2751 953 2782 MSS.
972 2756 1005 2781 et
1029 2753 1132 2782 nostri
1155 2761 1269 2782 ornnes
1287 2753 1320 2781 in
1339 2753 1423 2782 liant·
1439 2753 1552 2782 lectio-

861 2804 935 2826 nem
954 2796 1177 2826 consentiunt.
1199 2795 1307 2835 Vulgo
1320 2805 1428 2826 versus
1443 2797 1551 2827 (edem.
