1969 3239
640 102 761 142 LIB.
787 101 833 141 V.
870 103 1005 140 CAP.
1033 103 1101 141 vl.
1519 109 1601 148 297

169 202 325 251 eastris,
345 201 473 243 abesse
500 201 552 243 ab
581 202 696 244 domo
724 216 802 243 non
826 200 1015 258 possint?
1044 208 1105 253 nt,
1127 209 1332 258 tamquam
1353 203 1496 246 navale
1518 205 1598 247 bel·
1612 219 1653 251 U.
1672 220 1806 253 0352..

169 258 269 310 lum,
290 260 586 314 tempestatibus
616 259 826 314 captandis
855 266 893 299 et
921 259 1165 300 observando
1195 266 1368 314 tempore
1397 262 1509 312 anni,
1531 277 1600 318 ge-
1614 265 1652 295 A.
1670 264 1798 298 (3.400-

170 323 280 365 rant,
303 331 380 356 non
401 324 533 367 ass-tus,
555 331 631 356 non
637 316 806 371 frigora
823 315 916 370 pati
930 315 1119 370 possint?
1141 315 1391 358 Erubescant
1406 319 1602 375 prosectO,

171 372 206 412 si
227 373 314 427 quis
334 373 387 413 eis
407 372 485 412 haec
509 373 700 428 objiciat3
730 372 1061 427 contendantque,
1082 379 1120 412 et
1150 373 1296 413 animis
1316 380 1352 413 et
1373 375 1604 429 corporibus

174 429 255 469 suis
275 430 430 470 virileni
453 429 697 484 patientiam
721 429 865 478 inesse,
887 435 924 469 et
947 443 987 469 se
1008 430 1135 483 juxta
1165 428 1291 470 hieme
1320 437 1440 485 atque
1471 438 1605 472 testate

178 485 281 525 bellu
299 500 434 540 gerere
446 500 558 540 posse
571 502 583 525 .·
614 499 683 525 nec
705 499 743 524 se
759 486 1030 539 patrocinium
1051 485 1230 526 mollitiae
1248 487 1474 542 inertiaeque
1493 502 1609 529 man-

178 542 290 583 dasse
318 542 504 591 tribunis,
527 549 564 582 et
592 542 820 594 meminisse,
846 544 874 565 ¹⁶
905 542 1006 582 lianc
1038 542 1168 596 ipsum
1191 549 1426 596 potestatem
1458 559 1535 585 non
1566 546 1608 586 in

175 599 322 644 ainzbru
347 613 414 639 nec
444 599 488 639 in
516 599 626 638 tectis
655 599 825 653 nicijores
853 612 942 639 suos
971 613 1131 640 creasse.
1191 599 1292 640 Hcec
1324 600 1472 642 virtute
1499 601 1609 642 mili-

175 662 261 696 tum
291 662 527 704 vestrorum,
558 655 636 695 liaec
680 654 865 695 Romano
895 656 1052 696 nomine
1085 661 1175 696 sunt
1203 656 1343 711 digna,
1373 671 1451 698 non
1495 656 1609 699 Veios

179 718 353 760 tantum,
375 725 442 752 nec
464 711 534 751 hoc
558 709 700 752 bellum
722 712 884 763 intueri,
905 712 1012 768 quod
1040 712 1164 752 instat
1178 729 1190 761 ,-
1219 713 1286 753 sed
1300 712 1466 768 samam
1489 722 1527 755 et
1556 714 1613 755 ad

179 768 266 809 alia
290 766 392 808 bella
411 774 448 807 et
469 768 522 808 ud
546 775 689 809 ceteros
706 768 872 824 populos
890 769 932 809 in
954 775 1163 824 posterum
1193 783 1377 824 quaerere.
1438 771 1509 812 An
1531 785 1613 812 me-

180 825 315 867 diocre
333 823 543 865 discrimen
563 825 761 879 opinionis
788 832 1013 866 secuturum
1043 839 1090 866 er
1109 825 1182 865 liae
1204 826 1447 880 reputatis?
1478 835 1614 869 utrum

181 880 523 934 tandemfinitimi
538 881 755 936 populum¹
787 881 1017 923 Romanum
1045 896 1132 922 eum
1163 895 1237 922 esse
1258 890 1418 937 putent,
1440 885 1552 940 cujus
1580 885 1615 926 si

182 952 264 993 qua
285 938 385 977 urbs
397 937 577 992 primum
594 938 709 978 illum
734 938 955 979 brevissimi
975 939 1159 994 temporis
1177 940 1409 980 sustinuerit
1425 941 1616 995 inpetum,

188 993 298 1035 nihil
316 993 458 1034 deinde
479 994 645 1036 timeat?
675 1010 726 1036 an
749 995 811 1035 ln'c
832 995 882 1036 sit
903 1002 1033 1036 terror
1054 995 1222 1036 nominis
1244 997 1383 1046 nostri,
1405 1004 1450 1038 ut
1470 998 1616 1038 exerci-

187 1057 273 1091 tum
297 1049 526 1091 Romanum
549 1066 629 1092 non
658 1051 819 1092 toedium
850 1051 1075 1107 longinquae
1103 1052 1427 1108 obpugnationis,
1449 1069 1528 1094 non
1556 1055 1616 1096 vis

188 1107 327 1148 hiemis
346 1107 398 1147 ab
420 1108 518 1148 urbe
539 1108 791 1149 circumsessa.
812 1112 926 1149 semel
946 1122 1129 1150 amovere
1152 1110 1298 1164 possit,
1319 1123 1386 1150 nec
1402 1109 1532 1164 finem
1552 1111 1616 1151 ul-

186 1162 270 1205 lum
302 1163 429 1204 alium
461 1164 570 1215 belli,
596 1180 716 1220 quum
750 1165 973 1216 victoriam,
1004 1166 1186 1215 noverit,·
1215 1180 1284 1206 nee
1316 1166 1451 1221 inpetu
1477 1168 1617 1222 potius

191 1220 314 1270 bella,
334 1235 454 1276 qnam
471 1222 782 1275 perseverantia,
801 1229 917 1278 gerat
933 1222 954 1262 {l
985 1237 1072 1278 quae
1093 1222 1135 1262 in
1157 1223 1264 1263 omni
1294 1223 1450 1278 quidem
1476 1239 1618 1280 genere

189 1277 359 1327 militice,
390 1279 562 1320 maxime
590 1285 720 1319 tamen
753 1281 792 1319 in
823 1279 1048 1320 obsidendis
1077 1278 1256 1329 urbibus,
1286 1281 1505 1321 necessaria
1535 1289 1617 1331 est,·

188 1348 362 1389 quarum
375 1333 603 1390 plerasque,
625 1336 912 1376 mimitionibus
933 1351 978 1377 ac
1007 1336 1190 1377 ‘reaturali
1219 1336 1299 1377 situ
1328 1336 1618 1394 inexpugnabi-

191 1392 260 1442 les,
281 1389 402 1446 ²fame
429 1391 574 1446 sitique
602 1400 751 1446 tempus
782 1393 909 1446 ipsum
943 1393 1070 1433 vincit
1099 1400 1220 1448 atque
1253 1395 1478 1449 expugnat:
1518 1395 1621 1437 sicut

197 1446 314 1487 Veios
333 1448 577 1503 expugnabit
591 1463 605 1496 ,·
635 1448 712 1489 nist
737 1449 890 1489 auxilio
911 1449 1088 1490 hostibus
1110 1449 1262 1490 tribuni
1286 1449 1415 1504 plebis
1436 1449 1620 1508 fuerint,

191 1510 231 1544 et
269 1502 408 1544 Romae
442 1505 665 1546 invenerint
696 1505 890 1559 praesidia
931 1504 1123 1557 Veientes,
1156 1520 1241 1561 quae
1277 1507 1548 1562 nequidquam
1578 1509 1622 1549 in

193 1559 367 1600 Etruria
390 1568 584 1615 quaerunt.
635 1564 705 1602 An
726 1569 782 1602 est
799 1562 1034 1616 quidquam,
1057 1563 1164 1617 quod
1191 1562 1422 1605 Veientibus
1442 1571 1623 1619 optatum

195 1630 314 1671 aeque
333 1617 558 1672 contingere
571 1619 711 1672 possit,
733 1633 855 1673 quam
877 1626 920 1659 ut
941 1619 1203 1660 seditionibus
1218 1621 1396 1674 primum
1418 1621 1513 1662 urbs
1536 1621 1624 1663 Ro-

195 1687 331 1723 mana,
352 1673 492 1714 deinde
515 1674 622 1714 velut
643 1689 690 1715 ex
719 1676 955 1731 contagione
983 1682 1113 1716 castra
1143 1676 1408 1731 inpleantur?
1439 1678 1514 1730 At,
1536 1679 1625 1719 lier-

193 1728 295 1780 rule,
314 1730 422 1784 apud
442 1730 567 1770 hostes
593 1738 707 1771 tanta
729 1732 924 1773 modestia
944 1739 1012 1782 est,
1034 1740 1078 1773 ut
1099 1737 1128 1761 ¹⁷
1143 1747 1222 1774 non
1251 1733 1467 1775 obsidionis
1494 1735 1625 1787 taedio,

196 1800 275 1829 non
296 1785 466 1842 denique
486 1788 613 1842 regni,
634 1788 858 1843 quidquam
878 1788 987 1843 apud
1005 1803 1067 1829 eos
1086 1798 1275 1831 novatum
1294 1790 1346 1830 sit
1364 1807 1378 1840 ,-
1408 1805 1485 1832 non
1505 1806 1627 1848 nega-

200 1849 244 1883 ta
265 1843 423 1884 auxilia
444 1843 495 1884 ab
517 1843 706 1885 Etruscis
733 1846 990 1886 irritaverint
1020 1846 1186 1886 animos.
1215 1847 1409 1888 morietur
1436 1848 1541 1889 enim
1561 1864 1626 1892 ex-

200 1899 361 1954 templo,
383 1901 621 1955 quicumque
641 1902 717 1942 erit
736 1901 938 1943 seditionis
958 1909 1112 1943 auctor.
1133 1917 1202 1945 nec
1223 1904 1411 1958 cuiquam
1431 1904 1560 1947 dicere
1574 1921 1625 1947 ea

200 1954 352 2006 licebit,
373 1971 467 2012 quae
497 1957 607 2012 apud
634 1972 705 1998 vos
735 1959 881 2013 inpune
908 1959 1114 2000 dicuntur.
1174 1965 1203 1986 ¹⁸
1219 1959 1484 2002 Fustuarium
1505 1977 1628 2004 mere-

200 2019 284 2062 tur,
305 2013 374 2067 qui
393 2014 506 2068 signa
529 2014 736 2070 relinquit,
757 2023 830 2056 aut
843 2016 1043 2070 praesidio
1073 2015 1239 2058 decedit.
1297 2017 1494 2059 Auctor-es
1512 2020 1628 2075 signa

199 2069 466 2128 relinquendi,
485 2077 523 2111 et
543 2070 746 2113 desere-ndi
775 2079 920 2123 castra,
942 2087 1021 2113 non
1054 2072 1126 2113 uni
1158 2080 1229 2114 aut
1258 2073 1377 2114 alteri
1405 2075 1544 2129 militi,
1564 2076 1631 2118 sed

627 2159 647 2167 e

737 2171 745 2193 ¹
763 2175 874 2214 populi
887 2175 983 2205 Gron.
998 2176 1088 2206 Crev.

253 2260 292 2291 16
317 2259 416 2290 Hanc
433 2261 537 2300 ipsam
555 2263 757 2303 potestatem]
787 2264 897 2293 Potc-s-

206 2309 312 2334 tatem
328 2303 553 2342 tribunitiam,
571 2311 716 2336 creatam
740 2308 774 2336 in
798 2307 898 2337 Sacro

207 2350 332 2377 monte.

258 2393 290 2424 l7
317 2388 403 2420 lVon'
416 2390 579 2419 obsidionis
601 2390 703 2427 toedio,
726 2401 787 2421 non
810 2392 898 2421 deni-

209 2443 270 2474 que
284 2434 391 2474 regni]
421 2433 532 2462 Latini
556 2434 730 2472 scriptores
747 2435 847 2464 etiam
865 2435 898 2465 in

988 2267 1024 2294 18
1063 2263 1293 2304 Fustuarium]
1341 2264 1496 2296 Militaris
1534 2275 1631 2305 poena

941 2312 1005 2344 est,
1028 2316 1102 2345 quae
1131 2308 1178 2337 sic
1203 2317 1223 2337 a
1252 2308 1362 2347 Polyb.
1387 2309 1584 2338 describitur
1609 2308 1631 2339 l.

941 2349 998 2380 VI.
1045 2351 1188 2390 Accepto
1203 2351 1291 2380 fuste
1310 2352 1462 2381 tribunus
1485 2352 1538 2381 vix
1553 2351 1632 2382 levi-

942 2398 996 2422 ter
1027 2394 1166 2433 attingit
1197 2393 1414 2424 damnatum:
1449 2405 1513 2433 qno
1543 2394 1631 2434 facto

944 2445 1058 2465 omnes
1082 2436 1227 2473 ejusdem
1251 2437 1390 2476 legionis
1415 2438 1550 2476 militeS,
1567 2449 1633 2477 qua

211 2486 253 2506 ea
281 2476 533 2506 enumeratione
570 2485 643 2514 quae
673 2477 738 2507 duo
767 2484 900 2507 tantum

213 2518 334 2549 habeat
359 2520 519 2556 membra,
543 2519 722 2559 praefignnt
747 2530 833 2560 saepe
857 2520 902 2550 al-

212 2563 278 2593 teri
306 2562 504 2602 particulam
534 2563 678 2602 denique.
723 2563 776 2592 Sic
808 2564 902 2593 initio

213 2605 327 2645 statim
344 2605 480 2635 celebris
495 2604 583 2635 illius
607 2605 754 2644 epistolae
772 2606 902 2636 Cicero-

215 2648 266 2678 nis
289 2648 330 2677 ad
351 2647 390 2688 Q.
406 2648 564 2679 fratrem:
591 2651 685 2679 multi
709 2649 902 2689 nuntii,sa-

189 2688 195 2691 ”
215 2700 271 2721 ma
296 2692 431 2731 denique
456 2713 527 2722 ....
554 2693 646 2731 ipsa:
679 2692 711 2722 id
735 2700 797 2729 est,
815 2693 903 2723 fama

215 2734 317 2764 etiam
334 2735 415 2774 ipsa.
461 2735 589 2765 Pariter
603 2735 637 2764 in
654 2735 716 2765 hoc
734 2735 815 2765 Livii
833 2735 903 2765 1000

216 2786 277 2807 non
307 2778 439 2818 denique
475 2780 569 2817 regni
599 2779 674 2818 erit,
706 2789 771 2810 non
802 2779 903 2819 ipsius

218 2829 348 2859 quoque
366 2821 469 2860 regni.

944 2479 1100 2516 fustibus,
1117 2489 1181 2518 qna
1203 2481 1288 2510 saxis
1311 2481 1393 2510 inibi
1415 2481 1504 2510 intra
1525 2488 1634 2512 castra

945 2528 1145 2558 sonteu]‚ut
1171 2522 1365 2562 plurimum,
1390 2531 1522 2554 necant.
1568 2525 1633 2555 Sed

946 2570 980 2594 et
994 2565 1020 2594 si
1047 2566 1103 2603 qui
1129 2567 1303 2603 evaserint,
1321 2576 1386 2596 non
1413 2570 1524 2597 tamen
1551 2567 1633 2598 salvi

943 2612 1116 2647 prome-rea
1138 2616 1236 2637 sunt:
1262 2619 1363 2647 quum
1393 2620 1499 2650 neque
1525 2611 1559 2640 in
1577 2621 1634 2650 pa-

944 2651 1041 2680 triam
1073 2652 1109 2680 iis
1138 2651 1241 2681 redire
1270 2652 1380 2689 liceat,
1408 2663 1514 2692 neque
1545 2655 1634 2692 quis-

946 2703 1044 2732 quam
1064 2695 1321 2726 necessariorum
1349 2706 1403 2726 eos
1430 2698 1521 2726 ausit.
1541 2704 1631 2727 tecto

948 2737 1103 2775 recipere.
1148 2737 1370 2777 Quamobrem
1395 2741 1450 2778 qui
1473 2740 1575 2769 semel
1599 2741 1632 2769 in

949 2779 1034 2809 hanc
1049 2780 1273 2811 calamitatem
1293 2782 1494 2821 inciderunt,
1512 2783 1634 2823 planis-

948 2823 1030 2852 sime
1046 2831 1197 2864 pereunt.
