1969 3239
118 1485 123 1492 ·
145 1478 263 1518 spem
286 1465 329 1505 iu
351 1466 494 1517 armis,
515 1466 597 1508 alia
619 1467 805 1522 undique
825 1467 1025 1516 abscissa,
1043 1481 1171 1520 quum
1197 1472 1445 1514 tentassent,
1464 1478 1572 1518 prae-

630 117 750 157 LIB.
776 117 843 155 lv,
880 116 1005 156 CAP.
1031 114 1084 153 X.
1208 111 1212 113 ’
1492 117 1561 152 5241

145 215 314 258 Priores
348 217 506 270 Volsci,
535 219 644 260 duce
675 218 818 274 AEquo
849 215 1008 258 Cloelio
1024 213 1047 266 ¹,
1078 213 1262 256 Ardeam
1294 229 1444 255 venere
1459 223 1496 266 m,
1527 224 1568 256 et
1582 218 1624 248 U·
1642 217 1678 248 C
1697 219 1770 248 31⁶2.

144 274 363 316 moenibus
386 275 572 317 hostium
599 275 748 316 vallum
780 274 991 328 objecere.
1052 272 1178 318 Quod
1205 271 1275 312 ubi
1302 271 1483 312 Romam
1507 260 1761 312 estA·L·4⁴⁰·

145 331 409 382 nunciatum,
443 332 658 387 extemplo
699 331 764 371 M.
799 330 1020 387 Geganius
1056 328 1220 379 consul,
1250 342 1347 369 cum
1380 329 1570 369 exercitu

146 387 378 442 profectus,
401 390 480 430 tria
510 389 638 430 millia
661 402 859 444 passuum
881 388 936 428 ab
967 387 1089 427 hoste
1111 385 1250 426 locum
1273 385 1420 435 castris
1441 386 1571 439 cepit,

144 445 441 500 praecipitique
463 446 554 501 jam
581 446 647 486 die
677 459 822 485 curare
853 458 1031 499 corpora
1061 442 1216 483 milites
1241 442 1380 496 jubet.
1422 452 1572 495 quarta

145 499 300 542 deinde
322 502 467 558 vigilia
498 503 618 557 signa
642 502 827 557 profert:
859 511 1139 556 coeptumque
1161 514 1266 554 opus
1290 499 1395 539 adeo
1417 498 1570 552 adpro-

145 569 337 610 peratum
360 569 438 608 est‚
461 570 522 608 ut,
545 558 631 598 sole
653 568 762 607 orto,
789 557 928 599 Volsci
954 557 1139 598 firmiore
1162 571 1205 596 se
1228 556 1493 596 munimento
1515 556 1771 596 ab2xR0n1anis

147 612 352 654 Romanis
373 615 727 665 circumvallatos,
746 630 872 668 quam
896 630 920 654 a
940 628 983 654 se
1004 614 1167 662 urbem,
1189 613 1393 653 viderent.
1425 623 1467 652 et
1488 612 1571 652 alia
1583 608 1773 637 obsidentur.

143 679 262 724 parte
292 671 439 712 consul
471 686 592 712 muro
614 671 767 712 Ardeae
799 673 830 694 ⁶⁰
852 671 1072 712 brachium
1105 671 1372 725 injunxerat3
1403 684 1487 724 qua
1516 683 1572 710 ex

141 727 301 781 oppido
323 728 384 768 sui
408 743 648 769 commeare
667 738 852 783 possent.

201 783 264 825 X.
298 784 476 825 Volscus
508 786 752 840 imperator,
777 786 846 840 qui
873 785 923 826 ad
946 798 1038 825 eam
1064 782 1192 833 diem,
1215 798 1298 823 non
1332 791 1572 824 commeatu

147 850 398 895 praeparato,
421 842 492 882 sed
518 840 571 883 ex
605 843 879 898 populatione
901 854 1101 896 agrorum
1134 852 1254 895 rapto
1279 841 1320 880 iu
1343 840 1457 880 diem
1487 839 1575 879 fru-

146 908 291 938 mento
312 898 485 939 aluisset
511 899 702 948 militem,
724 909 952 955 postquam
983 910 1127 952 septus
1151 897 1260 937 vallo
1282 897 1456 952 repente
1479 896 1573 937 ino-

145 967 241 1008 pem
273 955 465 996 omnium
489 969 626 996 rerum
652 957 779 1006 videt,
802 957 853 997 ad
886 954 1159 1009 conloquium
1183 953 1358 994 consule
1379 962 1574 1004 evocato,

141 1009 179 1050 si
205 1010 399 1052 solz-endas
418 1012 634 1053 obsidionis
654 1028 788 1054 caussa
820 1012 970 1053 venerit
995 1010 1218 1061 Romanus,
1240 1010 1509 1050 abducturam
1539 1024 1577 1051 se

143 1065 236 1107 inde
271 1066 442 1120 Volscos,
465 1069 537 1110 ait.
596 1069 811 1110 Adversus
842 1083 891 1109 ea
912 1067 1076 1118 consul,
1098 1068 1212 1108 victis
1237 1067 1478 1108 conditiones
1508 1081 1575 1106 oc-

142 1122 345 1177 cipiendas
365 1139 453 1177 esse,
476 1141 554 1166 non
569 1125 783 1182 ferendas,
807 1126 1052 1181 respondit3
1086 1139 1223 1180 neque,
1247 1131 1291 1164 ut
1322 1123 1501 1164 venerint
1522 1122 1578 1164 ad

143 1180 430 1237 obpugnanclos
459 1184 579 1223 socios
600 1182 747 1238 populi
777 1182 958 1224 Romani
986 1196 1053 1223 suo
1085 1182 1272 1231 arbitrio,
1303 1181 1362 1220 ita
1397 1180 1577 1221 abituros

147 1235 310 1278 Volscos
339 1252 428 1280 esse.
487 1238 601 1280 Dedi
632 1240 923 1295 imperatorem,
955 1254 1069 1279 arma
1101 1239 1212 1292 poni,
1238 1238 1377 1292 jubet,
1395 1236 1576 1293 fatentes

145 1293 268 1334 victos
288 1309 327 1336 36
346 1310 435 1347 6336,
455 1303 493 1337 et
510 1302 525 1316 ¹¹
554 1297 720 1351 imperio
735 1311 894 1351 parere.
925 1296 1058 1346 aliter,
1075 1303 1161 1336 tam
1182 1293 1435 1343 (thematibus,
1454 1308 1576 1348 quam

145 1352 408 1402 manentibus,
436 1367 475 1394 se
504 1352 650 1394 hostem
684 1352 897 1410 iiffensum,
928 1353 1137 1393 victoriam
1171 1352 1301 1406 potius
1330 1365 1376 1391 ex
1410 1349 1573 1401 Volscis,

143 1421 266 1462 quam
280 1423 423 1462 pacem
452 1409 634 1465 iqfidam,
664 1408 839 1451 Romam
870 1409 1107 1450 relaturum.
1149 1409 1179 1432 ⁶¹
1199 1408 1340 1449 Volsci
1371 1407 1569 1462 exiguam
1586 1410 1791 1482 ioifitd'gesdgi,

1673 1462 1686 1481 C
1707 1474 1717 1489 2

147 1530 210 1562 ter
230 1532 372 1562 cetera
390 1523 566 1563 adversa
587 1523 683 1565 loco
703 1538 872 1578 quoque
895 1524 1041 1577 iniquo
1063 1523 1115 1563 ad
1135 1536 1321 1578 pugnam
1341 1500 1775 1576 CO11g1·essi,“¹t¹1iZ¹t³1¹i¹r,¹n¹t

145 1577 358 1633 iniquiore
389 1579 440 1620 ad
472 1579 634 1635 fugam,
668 1595 798 1634 quum
829 1582 882 1621 ab
914 1580 1030 1620 omni
1064 1590 1181 1635 parte
1212 1579 1492 1628 caederentur,
1521 1579 1574 1619 ad

142 1648 289 1688 preces
311 1650 336 1675 a
356 1638 589 1677 certamine
621 1638 742 1687 versi,
765 1638 909 1678 dedito
942 1637 1194 1692 imperatore
1232 1635 1480 1688 traditisque
1511 1649 1576 1674 ar-

143 1691 239 1741 mis,
262 1692 341 1731 sub
365 1692 524 1747 jugum
547 1694 679 1743 missi,
700 1709 795 1734 cum
822 1693 999 1749 singulis
1033 1692 1294 1734 vestimentis
1323 1692 1574 1747 ignominiae

143 1747 360 1803 cladisque
400 1749 511 1804 pleni
547 1750 835 1791 dimittuntur.
877 1762 934 1800 et,
967 1765 1098 1804 quum
1136 1749 1248 1790 haud
1286 1748 1435 1803 procul
1472 1749 1575 1790 urbe

142 1802 328 1845 Tusculo
367 1806 672 1858 consedissent,
709 1807 1218 1848 vetereTusculanorum
1258 1807 1357 1846 odio
1392 1806 1573 1845 inermes

143 1861 334 1916 obpressi
365 1862 571 1904 dederunt
595 1866 856 1921 poenaszvix
889 1865 1055 1904 nunciis
1077 1864 1206 1904 caedis
1232 1862 1403 1903 relictis.
1435 1865 1466 1886 ⁶2
1483 1862 1573 1903 Ro-
1585 1864 1694 1892 Ardeae
1709 1873 1757 1912 ,ΓΗ

143 1932 293 1960 manus
308 1931 322 1946 ⁰
348 1919 501 1960 Ardeae
524 1923 712 1962 turbatas
745 1922 952 1962 seditione
975 1936 1052 1971 res,
1071 1920 1337 1975 principibus
1367 1919 1458 1973 ejus
1482 1934 1572 1959 mo-
1585 1911 1768 1946 ⁰⁰¹¹³P⁰⁵¹OE

143 1984 212 2014 tus
230 1976 364 2016 securi
387 1978 609 2031 percussis,
626 1979 834 2033 bonisque
850 1992 994 2019 eorum
1019 1978 1060 2018 in
1084 1977 1299 2033 publicum
1321 1975 1572 2017 Ardeatium

142 2031 343 2082 redactis,
364 2037 630 2088 composuit:
664 2036 935 2090 demtamque
960 2034 1158 2089 injuriam
1177 2033 1332 2087 judicii
1357 2042 1476 2073 tanto
1500 2033 1572 2073 be-

142 2087 299 2128 neficio
316 2089 462 2144 populi
479 2091 662 2132 Romani
682 2093 886 2132 Ardeates
900 2092 1154 2142 credebant3
1173 2090 1335 2131 senatui
1355 2104 1571 2144 superesse

142 2143 302 2199 aliquid
333 2146 385 2186 ad
409 2146 633 2189 delendum
666 2149 850 2205 publicae
876 2149 1063 2190 avaritiae
1097 2157 1422 2188 monumentum
1455 2147 1572 2188 vide-

142 2200 281 2242 batur.
341 2201 503 2244 Consul
534 2205 797 2261 triumphans
832 2207 873 2246 in
905 2207 1053 2246 urbem
1085 2205 1234 2255 redit1³‚
1267 2203 1426 2244 Cloelio
1460 2204 1570 2244 duce

140 2256 396 2301 Volscorum
427 2269 526 2301 ante
555 2276 722 2304 currum
755 2263 902 2313 ducto,
926 2262 1196 2317 praelatisque
1227 2261 1388 2316 spoliis,
1413 2261 1568 2314 quibus

136 2313 400 2356 dearmatum
423 2318 656 2359 exercitum
681 2320 868 2360 hostium
890 2320 1140 2374 subjugum
1166 2319 1348 2359 miserat.
1405 2317 1570 2370 tEqua-

139 2369 213 2421 vit,
236 2373 350 2427 quod
381 2372 493 2414 haud
526 2373 650 2416 facile
671 2386 748 2426 est,
772 2377 1001 2422 Quinctius
1033 2376 1180 2417 consul
1205 2384 1376 2430 togatus
1416 2374 1569 2414 armati

136 2427 317 2483 gloriam
350 2429 527 2484 collegae
547 2442 559 2472 ε·
588 2435 617 2458 ⁶²³
636 2433 736 2487 quia
752 2441 767 2460 ‘³
796 2433 1039 2474 concordia:
1062 2432 1265 2488 pacisque
1289 2431 1569 2471 domesticam
1594 2482 1598 2486 .

181 2528 191 2551 ¹
207 2532 321 2562 Cluilio
334 2533 431 2563 Gron.
445 2535 538 2563 cmv.
653 2540 676 2554 ¹¹²
692 2540 835 2565 venerunt
849 2537 945 2565 Gron.
961 2540 1101 2565 venerant
1121 2536 1209 2564 erev.
1328 2539 1343 2553 ¹³
1358 2538 1386 2562 et
1400 2533 1459 2562 del.
1476 2532 1568 2562 Crev.

138 2578 154 2594 ⁰
166 2574 236 2604 add.
253 2575 367 2605 Consul
380 2577 478 2607 Gron.
550 2583 566 2605 Ρ
579 2577 670 2607 rediit
688 2578 800 2609 Cluilio
819 2579 852 2606 V
848 2579 995 2609 olum-um
1010 2579 1083 2608 duce
1098 2579 1194 2607 Gron.
1213 2577 1303 2607 Crev.
1381 2583 1396 2602 q
1410 2578 1465 2616 qni
1478 2577 1568 2605 Crev.

184 2665 227 2696 60
248 2666 450 2706 Brachium]
476 2667 610 2698 Vallum
638 2668 832 2708 pertingens
875 2669 970 2707 dique
985 2669 1134 2704 abscissa,
1151 2677 1251 2707 quum
1267 2670 1450 2696 tentassent.

139 2717 163 2738 a
196 2710 312 2740 castris
342 2711 500 2741 Romanis
529 2711 571 2741 ad
599 2712 727 2743 urbem.
760 2711 832 2742 vid.
921 2714 960 2741 ὅθ,
986 2712 1152 2741 Romanus
1174 2710 1301 2749 Ardeae]
1331 2710 1393 2739 Hic
1416 2709 1493 2739 editi
1511 2707 1567 2737 ad-

140 2748 232 2791 Lips.
247 2751 270 2782 l.
287 2752 332 2783 11.
350 2754 523 2785 Polion-cet.
538 2754 615 2785 dial.
632 2756 663 2785 2.
878 2755 1000 2783 debant
1017 2764 1127 2784 vocem
1144 2756 1269 2783 eona-nl.-
1292 2753 1348 2783 scd
1377 2763 1448 2782 eam
1474 2753 1568 2791 igno-

186 2795 221 2825 61
251 2794 368 2837 Volsci]
407 2797 511 2829 Pblsci
546 2799 702 2836 exiguam
738 2807 826 2837 spem
879 2804 953 2828 rant
971 2808 1084 2828 omues
1100 2797 1224 2836 scripti.
1253 2810 1256 2813 ·

142 2846 242 2876 quam
257 2837 424 2871 habebant
439 2842 678 2877 inarmis-‚aliu
696 2852 751 2881 spe
778 2852 836 2872 uu-
923 2842 963 2872 63
988 2843 1055 2882 ,Qui
1083 2840 1264 2880 concordo]
1296 2840 1370 2870 Duo
1401 2849 1419 2868 e
1449 2838 1566 2867 numi}

205 2893 310 2921 vol„
334 2895 366 2922 h.
895 2897 923 2925 R
