1991 3250
287 216 303 241 4

266 259 304 284 50

138 1065 321 1103 (onjuratio

136 1109 173 1136 de
185 1108 310 1146 regibus

136 1153 324 1181 revocandis.

347 107 400 145 36
883 103 1018 142 T·1T1
1058 103 1229 140 LIVII

408 204 496 247 III.

555 206 698 253 Quum
738 203 849 246 haud
882 204 1074 259 cuiquam
1117 204 1160 245 in
1198 203 1330 246 dubio
1366 211 1490 258 esset,
1519 206 1674 249 bellum
1713 209 1768 250 ab

309 260 589 319 ⁷·Tarquiniis
625 263 848 311 inminere,
881 261 924 302 id
956 261 1127 316 quidem
1161 275 1236 316 spe
1271 262 1465 303 omnium
1505 264 1634 304 serius
1671 265 1766 306 fuit.

349 330 552 369 ceterum,
575 319 616 360 id
647 319 763 374 quod
790 332 880 359 non
910 317 1130 368 timebant,
1154 332 1226 372 per
1247 318 1392 360 dolum
1414 333 1464 359 ac
1485 320 1768 374 proditionem

350 391 481 432 prope
521 376 689 417 libertas
730 375 883 416 amissa
917 383 995 415 est.
1060 373 1186 414 Erant
1226 375 1269 415 in
1312 375 1508 416 Romana
1542 376 1769 432 juventute

348 435 637 475 adolescentes
658 432 835 488 aliquot,
853 444 933 471 nec
954 431 982 471 ii
1005 431 1120 471 tenui
1142 431 1239 472 loeo
1261 433 1354 482 orti,
1371 447 1551 488 quorum
1573 432 1616 473 in
1637 447 1768 490 regno

348 491 480 532 libido
521 490 698 531 solutior
738 488 889 538 fuerat,
927 487 1110 542 aequales
1148 487 1395 544 sodalesque
1435 489 1770 532 adolescentium

349 547 690 602 Tarquiniorum,
723 545 886 585 adsueti
922 558 1038 584 more
1071 544 1187 599 regio
1220 545 1384 586 vivere„
1435 546 1540 586 Eam
1575 556 1682 598 tum,
1712 561 1771 588 ae-

349 615 478 659 quato
495 604 592 660 jure
610 602 816 652 omnium,
834 601 1052 643 licentiam
1071 610 1321 655 quaerentes,
1338 602 1573 644 libertatem
1593 603 1772 644 aliorum

349 662 390 701 in
413 675 530 701 suam
556 660 728 700 vertisse
750 659 992 699 servitutem
1016 659 1124 698 inter
1145 673 1188 698 se
1205 661 1585 715 conquerebantur.
1620 658 1772 716 Regem

349 717 547 758 hominem
577 730 665 765 esse,
696 731 721 756 α
760 730 837 770 quo
867 715 1048 768 inpetres,
1079 714 1147 754 ubi
1171 715 1259 769 ι]“ιι3,
1291 716 1361 757 ubi
1388 717 1541 771 injuria
1571 731 1668 770 opus
1695 716 1772 757 sit:

351 776 380 799 ¹⁷
396 788 471 814 esse
485 773 630 828 gratiae
651 771 794 823 locum,
815 786 890 812 esse
912 771 1120 826 benesicio5
1152 778 1187 810 ec
1208 772 1329 812 irasci
1349 780 1385 814 et
1414 774 1612 830 ignoscere
1634 787 1746 828 posse
1761 789 1773 813 .-

348 830 456 871 ‘inter
473 830 644 870 amicum
665 836 785 885 atque
804 828 1009 869 inimicum
1030 827 1240 869 discrimen
1260 840 1378 870 nosse.
1441 829 1567 885 Leges
1587 845 1667 870 rem
1687 845 1776 870 sur-

352 887 461 937 dum,
474 885 758 927 inexorabilem
773 900 859 936 esse,
872 884 1132 926 salubriorem
1148 884 1424 942 melioremque
1435 886 1558 940 inopi,
1571 901 1692 942 quam
1703 901 1775 941 po-

347 944 447 985 tenti
458 961 470 983 .-
493 943 597 983 nihil
613 942 830 984 laa'mnenti
845 957 911 983 nec
929 941 1052 982 veniae
1068 940 1225 991 habere,
1239 941 1273 982 si
1293 941 1451 984 mo'clum
1467 944 1678 983 excesseris.
1703 957 1776 998 pe-

346 1000 560 1042 riculosnm
581 1014 668 1050 esse,
685 999 725 1041 z‘n
749 1006 805 1040 tot
826 999 1009 1040 humanis
1023 998 1222 1039 erroribus
1244 1001 1272 1022 ¹⁸
1285 999 1368 1040 solo
1387 999 1611 1040 innocentia
1629 1000 1775 1040 rivere.

350 1057 432 1108 Ita,
450 1058 541 1112 jam
567 1071 642 1097 sua
664 1066 817 1113 sponte
839 1056 965 1111 aegris
996 1055 1163 1107 animis,
1185 1055 1313 1112 legati
1345 1057 1399 1097 ab
1428 1056 1598 1111 regibus
1630 1070 1776 1111 super-

351 1115 542 1164 veniunt,
581 1115 671 1154 sine
710 1114 929 1154 mentione
966 1112 1126 1154 reditus
1168 1114 1278 1153 bona
1317 1122 1482 1154 tantum
1521 1123 1774 1168 repetentes.

348 1186 494 1213 eorum
531 1172 658 1211 verba
691 1180 914 1226 postquam
947 1169 989 1210 in
1018 1180 1165 1209 senatu
1199 1171 1344 1210 audita
1374 1180 1486 1220 sunt,
1510 1183 1582 1225 per
1612 1170 1776 1224 aliquot

348 1230 438 1270 dies
461 1243 511 1269 ea
530 1227 787 1268 consultatio
811 1226 971 1268 tenuit:
996 1240 1048 1267 ne
1070 1241 1154 1266 non
1181 1226 1353 1278 reddita,
1373 1226 1466 1267 belli
1486 1241 1656 1277 caussa3
1682 1226 1775 1266 red-

349 1286 451 1336 dita,
477 1284 572 1326 belli
595 1285 767 1324 materia
789 1294 831 1324 et
861 1283 1152 1338 adjumentum
1185 1295 1339 1324 essent.
1401 1283 1576 1324 Interim
1601 1287 1630 1309 ¹⁹
1644 1283 1773 1339 legati

348 1343 417 1383 alii
448 1342 529 1383 alia
563 1342 715 1392 moliri,
746 1351 892 1396 aperte
928 1341 1039 1380 bona
1074 1350 1328 1395 repetentes,
1358 1339 1467 1381 clam
1500 1339 1773 1394 recuperandi

352 1399 471 1455 regni
511 1398 690 1438 consilia
722 1408 896 1438 struere.
927 1399 958 1420 ‘²⁰
973 1406 1029 1448 et,
1053 1405 1266 1451 tamquam
1288 1397 1338 1438 ad
1367 1397 1408 1438 id
1431 1397 1544 1452 quod
1567 1397 1634 1452 agi
1659 1397 1775 1437 vide-

350 1457 489 1505 batur,
507 1456 743 1495 ambientes
760 1454 969 1494 nobilium
988 1453 1322 1494 adolescentium
1339 1454 1501 1494 animos
1519 1461 1775 1509 pertentant.

349 1529 372 1554 a
391 1514 544 1568 quibus
568 1511 732 1567 placide
753 1511 890 1552 oratio
912 1520 1090 1566 accepta
1110 1520 1188 1561 est,
1211 1511 1274 1551 his
1296 1511 1436 1551 literas
1458 1511 1510 1551 ab
1533 1510 1775 1566 Tarquiniis

351 1572 559 1621 reddunt3
599 1578 642 1609 et
671 1568 724 1609 de
757 1567 1016 1623 accipiendis
1050 1567 1158 1608 clam
1196 1577 1322 1608 nocte
1353 1567 1395 1608 in
1427 1568 1574 1608 urbem
1605 1568 1777 1624 regibus

350 1626 668 1682 colloquuntur.

409 1683 486 1725 IV.
550 1683 729 1722 Vitelliis
766 1684 794 1705 *2¹
812 1680 1097 1736 Aquilliisque
1139 1679 1335 1722 fratribus
1376 1681 1514 1736 primo
1550 1680 1777 1723 commissa

352 1756 415 1781 res
439 1751 516 1781 cst.
548 1739 814 1780 Vitelliorum
838 1753 956 1779 soror
977 1737 1141 1779 consuli
1166 1749 1297 1793 nupta
1322 1737 1456 1777 Bruto
1474 1747 1560 1778 erat
1577 1738 1777 1793 :jamque

350 1814 403 1839 ex
427 1812 477 1838 eo
510 1796 777 1836 matrimonio
800 1795 1088 1836 adolescentes
1110 1806 1227 1836 erant
1256 1795 1393 1844 liberi,
1415 1793 1536 1834 Titus
1558 1793 1776 1835 Tiberius-

350 1869 445 1910 que.
487 1868 559 1895 eos
580 1868 749 1908 quoque
779 1853 821 1893 in
846 1853 1090 1893 societatem
1116 1851 1283 1892 consilii
1314 1851 1510 1891 avunculi
1533 1851 1776 1892 adsumunt.

348 1922 554 1967 praeterea
589 1920 631 1951 et
666 1909 830 1951 nobiles
861 1909 1023 1964 aliquot
1057 1908 1346 1950 adolescentes
1382 1909 1542 1949 conscii
1579 1908 1777 1957 adsmnti,

349 1982 532 2023 quorum
554 1976 764 2008 vetustate
788 1966 990 2007 memoria
1010 1965 1133 2006 abiit.
1197 1965 1372 2006 Interim
1404 1979 1532 2019 quum
1559 1965 1601 2005 in
1630 1974 1776 2005 senatu

349 2026 521 2066 vicisset
552 2024 774 2074 sententia,
808 2038 902 2077 quae
939 2023 1141 2064 censebat
1171 2023 1383 2063 reddenda
1423 2024 1559 2071 bona3
1601 2035 1778 2076 eamque

350 2083 485 2142 ipsam
507 2096 694 2123 caussam
721 2094 850 2122 morae
874 2080 917 2121 in
942 2080 1046 2121 urbe
1070 2080 1272 2121 haberent
1295 2079 1438 2134 legati,
1460 2079 1570 2133 quod
1595 2079 1778 2134 spatium

396 2195 432 2226 17
462 2190 544 2222 Esse
562 2192 684 2230 gratia
706 2192 822 2228 locum,
841 2199 906 2220 esse
928 2189 1039 2229 benefi-

347 2235 409 2275 cio]
444 2236 570 2274 Regem
595 2234 702 2274 gratia
726 2234 814 2264 flecti
840 2243 878 2263 ae
902 2233 1040 2271 moveri,

350 2279 511 2309 beneficio
526 2278 695 2308 conciliari
711 2287 817 2317 posse.

398 2321 548 2353 18*Sola
570 2322 751 2352 innoc-entia
771 2319 893 2359 vivere]
933 2319 1040 2350 Solius

350 2366 551 2396 innocentiae
578 2364 731 2407 praesidio
757 2364 864 2394 vivere
890 2373 927 2394 ac
951 2367 1042 2393 tutos

347 2419 431 2439 csse.

395 2456 432 2487 19
466 2452 589 2491 Legata·
617 2451 678 2481 alic·
706 2451 774 2482 alin
803 2448 924 2488 moliri]
962 2448 1041 2478 Haec

346 2496 512 2535 scriptura
545 2495 662 2524 vitiosa-2
699 2501 762 2524 est.
824 2494 971 2530 Etenim,
1003 2497 1042 2522 ut

345 2546 436 2568 recte
460 2543 601 2568 annotat
631 2537 802 2574 Dnjatius,
827 2546 892 2566 non
921 2535 1040 2566 diversi

347 2581 449 2620 legati
465 2582 550 2611 bona
565 2583 772 2620 repetebant,
789 2586 823 2610 et
841 2580 927 2609 clam
945 2580 1041 2617 juve-

348 2635 430 2655 num
462 2625 589 2654 animos
622 2624 817 2654 tentabant:
853 2623 911 2653 sed
940 2622 1040 2652 iidem

347 2668 435 2708 apud
462 2672 615 2697 senatum
644 2667 682 2696 ‹le
714 2667 874 2697 bonorum
905 2667 1040 2696 restitu-

346 2712 450 2747 tione,
470 2710 558 2750 apud
575 2711 715 2749 juvenes
741 2711 866 2740 nobiles
890 2709 929 2739 de
955 2710 1041 2738 acci-

346 2754 474 2794 piendis
506 2754 540 2783 in
572 2754 686 2783 urbem
718 2754 848 2791 regibus
886 2752 1040 2791 agebant.

348 2797 436 2827 Hinc
461 2795 581 2827 maluit
603 2796 672 2831 illc,
696 2796 782 2835 quod
807 2795 941 2835 quidam
966 2795 1041 2825 libri

344 2840 487 2872 hubent:
520 2842 620 2879 legati
635 2849 709 2870 enm
733 2841 806 2870 aliis
828 2841 895 2870 alia
921 2840 1037 2868 moliri.

1084 2189 1187 2220 Nobis
1220 2189 1323 2227 magis
1356 2188 1502 2228 placeret
1534 2187 1680 2218 recidere
1711 2188 1778 2218 sive

1084 2234 1154 2268 alii,
1171 2233 1237 2262 sive
1260 2242 1333 2262 cum
1356 2233 1448 2262 aliis:
1479 2231 1566 2261 unde
1589 2234 1780 2270 exsurgeret

1086 2276 1156 2306 haec
1187 2275 1276 2305 clara
1304 2276 1442 2305 omnino
1471 2280 1505 2304 et
1535 2275 1635 2314 plana
1662 2273 1777 2310 lectio,

1086 2320 1186 2357 legati
1216 2321 1285 2349 aliu.
1313 2320 1429 2356 moliri,
1454 2328 1553 2356 quam
1581 2326 1653 2356 quae
1678 2326 1778 2356 supra

1088 2369 1271 2392 memorata
1288 2369 1366 2392 sunt
1378 2363 1418 2392 de
1433 2361 1600 2401 regiorum
1615 2360 1776 2391 bonorum

1087 2406 1312 2436 restitutione.

1129 2449 1268 2485 ‘30¹‘Et,
1296 2454 1452 2488 tanquam
1479 2448 1523 2478 ad
1547 2445 1595 2485 id]
1635 2445 1691 2483 Et,
1719 2454 1778 2486 per

1085 2493 1229 2532 speciem
1248 2493 1318 2532 ejus
1336 2491 1460 2531 negotii
1477 2490 1562 2530 quod
1579 2499 1695 2519 curare
1708 2499 1777 2519 cre-

1085 2536 1262 2572 debantur,
1279 2537 1526 2565 circumeuntes
1543 2533 1668 2562 domos.

1129 2581 1165 2609 ⁴2!
1200 2577 1364 2619 Aquilciis]
1398 2579 1513 2607 Sorore
1542 2575 1696 2606 Collatini
1721 2585 1779 2615 ge-

1086 2623 1178 2660 nitis,
1195 2633 1234 2652 ex
1253 2622 1350 2652 Dion.
1369 2627 1403 2650 et
1424 2620 1512 2650 Plut.
1529 2619 1681 2649 Vitellios
1697 2629 1779 2657 qno-

1086 2676 1149 2704 que
1175 2665 1370 2695 Plutarchus
1394 2663 1459 2693 alia
1485 2673 1594 2693 sorore
1618 2662 1777 2692 Collatini

1085 2713 1179 2738 natos
1203 2707 1316 2738 tradit.
1363 2707 1501 2737 Eosdem
1527 2706 1643 2736 fratres
1666 2706 1777 2735 uxoris

1085 2752 1219 2782 alterius
1247 2751 1390 2781 consulis
1420 2750 1513 2780 Bruti
1538 2750 1637 2780 fnisse
1661 2757 1778 2779 omnes

1086 2794 1310 2826 consentiunt.
