1925 3239
648 80 769 120 ΜΒ.
795 79 900 118 vni.
928 65 1062 118 cAP.
1090 80 1141 116 11.
1509 87 1588 122 449

151 183 184 225 li
206 183 385 227 Romani
406 185 589 227 secundis
619 185 700 226 suis
728 183 860 234 rebus,
880 197 959 223 non
988 182 1179 232 adversis,
1200 189 1247 222 ut
1280 181 1497 237 Campani,
1516 198 1582 225 ve·
1596 199 1639 230 υ,
1656 197 1691 228 C.
1708 201 1781 228 414.

153 241 327 284 nissent:
356 250 392 284 et
412 243 599 284 adversas
620 241 820 283 Sidicinos
839 246 1032 280 sumerent
1055 254 1184 289 arma,
1210 254 1297 280 snos
1317 254 1464 294 semper
1494 240 1581 281 lios·
1593 243 1633 274 Α·
1649 242 1686 273 C·
1701 243 1775 273 333.

149 304 218 347 tes,
234 300 378 354 populi
401 298 579 341 Romani
600 311 815 353 numquam
846 296 1007 337 amicos.
1028 296 1099 351 qai
1121 310 1203 345 nec,
1224 302 1268 337 ut
1301 294 1516 349 Samnites,
1540 298 1583 339 in

142 369 246 409 pace
265 356 503 405 amicitiam,
523 370 607 405 nec,
629 361 672 395 nt
705 353 921 408 Campani,
943 352 1144 392 (inmitium
1175 353 1218 393 in
1250 352 1350 393 bello
1374 354 1582 408 petissent,

150 426 218 452 nec
237 412 376 468 infide
388 412 532 468 populi
554 411 750 460 Romani,
771 413 783 432 ⁵
799 425 866 450 nec
886 409 950 449 inb
971 409 1121 450 ditione
1143 415 1282 449 essent.

208 467 270 509 II.
302 470 448 516 Quum
481 470 533 509 de
563 468 785 524 postulatis
819 467 1074 508 Samnitium
1105 464 1392 507 TisAEmilius
1426 476 1583 521 praetor

149 536 340 567 senatum
364 525 656 575 consuluisset,
679 524 1023 578 reddendumque
1044 523 1108 562 his
1132 522 1274 563 foedus
1309 522 1454 564 Patres
1485 539 1584 565 cen-—

151 584 346 632 suis-sent,
370 593 526 637 praetor
549 582 809 622 Samnitibus
836 580 1080 635 respondit:
1114 577 1196 619 Nec
1228 593 1306 634 quo
1328 580 1464 619 minas
1486 595 1583 634 per-

142 645 266 692 petua
289 654 377 680 cunc
398 642 452 679 eis
473 639 656 679 amicitia
690 644 799 688 esset,
817 646 890 692 per
914 636 1113 691 papulam
1149 635 1381 677 Romanam
1409 638 1582 678 stetisse:

146 709 216 735 nec
247 695 482 745 contradici,
511 696 625 751 quin,
656 694 847 750 qnoniam
878 694 979 748 ipsos
1011 692 1102 733 belli
1131 692 1249 747 culpa
1280 707 1354 732 saa
1382 695 1582 736 contracti

147 752 310 792 treclinm
330 753 488 807 ceperit,
509 752 688 793 amicitia
710 751 758 791 de
776 751 932 806 integro
956 749 1240 790 reconcilietur.
1302 749 1421 804 Quod
1436 749 1493 790 ad
1514 749 1583 791 Si-

147 808 298 849 dicinos
319 810 536 859 adtineatz
557 808 662 850 nihil
678 808 881 858 intercedi,
899 822 975 862 quo
996 807 1125 847 minus
1143 805 1321 847 Samniti
1333 806 1487 860 populo
1501 822 1584 862 pa-

144 865 202 905 cis
232 865 403 921 bellique
433 866 602 907 liberam
634 865 850 906 arbitrium
879 865 946 905 sit.
1006 863 1187 905 Foedere
1218 863 1320 913 icto,
1340 877 1474 917 quum
1505 864 1582 905 do-

144 936 264 964 mum
285 923 569 972 revertissent,
591 921 808 976 extemplo
829 921 927 962 inde
948 920 1159 961 exercitus
1182 919 1402 960 Romanus
1423 920 1582 962 deduc-

147 991 231 1029 tus,
251 993 392 1020 annuo
413 980 625 1034 stipendio
655 989 698 1019 et
730 980 855 1019 trium
892 978 1101 1018 mensium
1131 976 1344 1017 frumento
1377 987 1580 1032 accepto,

145 1037 260 1090 quod
283 1037 504 1092 pepigerat
524 1036 687 1086 consul,
709 1046 756 1076 ut
787 1046 954 1090 tempus
984 1034 1164 1074 induciis
1194 1033 1328 1085 daret,
1351 1035 1490 1088 quoad
1523 1034 1582 1074 le-

146 1093 235 1148 gati
270 1094 489 1134 redissent.
549 1094 775 1142 Samnites,
796 1092 932 1147 copiis
964 1091 1130 1141 iisdem,
1151 1090 1304 1144 quibus
1336 1091 1398 1130 usi
1433 1090 1581 1132 adver-

148 1164 216 1189 sus
260 1149 504 1191 Romanum
547 1151 701 1191 beilum
733 1150 915 1198 fuerant,
946 1160 1095 1188 contra
1134 1147 1348 1187 Sidicinos
1382 1146 1582 1202 profecti,

148 1205 259 1247 hand
291 1207 334 1247 in
365 1207 496 1248 dubia
525 1221 599 1262 spe
628 1216 749 1247 erant
778 1214 940 1246 mature
971 1205 1086 1245 urbis
1117 1203 1305 1244 hostium
1346 1204 1581 1258 potiundae.

147 1261 255 1304 Tum
276 1265 334 1304 ab
356 1264 556 1305 Sidicinis
578 1263 738 1305 deditio
761 1264 876 1319 prius
898 1262 949 1304 ad
973 1261 1192 1302 Romanos
1210 1269 1361 1316 coepta
1383 1260 1472 1300 fieri
1495 1271 1579 1301 est:

147 1319 260 1371 dein,
278 1331 503 1375 postquam
529 1320 673 1362 Patres
695 1330 742 1361 ut
763 1334 896 1360 seram
917 1333 1009 1359 eam
1042 1317 1274 1372 ultimaque
1304 1318 1476 1358 tandem
1505 1331 1581 1358 ne-

148 1378 345 1418 cessitate
380 1380 634 1433 expressam'
656 1377 1034 1432 adspernabantur,
1073 1375 1124 1415 ad
1159 1374 1334 1415 Latinos
1371 1374 1463 1428 jam
1506 1389 1582 1415 sua

147 1445 299 1487 sponte
321 1434 364 1475 in
387 1449 504 1475 arma
524 1445 663 1475 motos
685 1435 799 1474 facta
820 1442 898 1474 est.
920 1446 973 1474 ne
1005 1431 1215 1486 Campani
1249 1430 1420 1485 quidem
1454 1430 1580 1483 (adeo

134 1490 315 1544 ,injuriae
348 1491 618 1541 Samnitium,
647 1505 775 1545 quam
807 1489 1002 1530 beneficii
1038 1488 1346 1538 Romanorum,
1377 1488 1583 1528 memoria

147 1548 396 1600 praesentior
414 1550 522 1597 erat)
543 1548 609 1588 his
631 1563 676 1588 se
695 1548 822 1588 armis
844 1546 1101 1588 abstinuere.
1161 1544 1228 1585 Ex
1250 1543 1316 1584 his
1348 1552 1413 1585 tot
1443 1559 1580 1600 popu-

144 1603 196 1643 lis
221 1619 327 1646 unus
349 1605 499 1661 ingens
519 1604 746 1654 exercitus,
767 1605 875 1644 duce
907 1603 1060 1644 Latino
1092 1601 1195 1642 fines
1229 1600 1483 1642 Samnitium
1512 1602 1577 1642 in·
1591 1606 1694 1636 Latini
1709 1615 1777 1655 vas-¹

146 1673 328 1714 gressus,
359 1663 452 1717 pius
483 1661 849 1717 populationibuS,
871 1674 997 1715 quam
1033 1658 1210 1714 proeliis,
1239 1658 1424 1698 cladium
1459 1650 1793 1722 fecit.{?⁰t3{}¹¹¹¹¹·

132 1727 202 1768 et,
237 1732 494 1774 quamquam
526 1718 760 1774 superiores
792 1717 1096 1758 certaminibus
1128 1715 1270 1756 Latini
1299 1723 1436 1765 erant,
1465 1714 1579 1756 haud
1607 1702 1787 1732 1uma0ros.

142 1773 287 1825 inviti,
309 1789 361 1815 ne
383 1777 538 1831 saepius
568 1775 858 1817 dimicandum
887 1773 1013 1830 foret,
1035 1786 1138 1828 agro
1169 1772 1356 1812 hostium
1386 1785 1581 1812 excesse-

145 1844 203 1871 re.
263 1831 314 1873 Id
336 1834 519 1887 spatium
543 1832 806 1873 Samnitibus
826 1831 973 1872 datum
997 1838 1059 1870 est
1082 1829 1264 1870 Romam
1287 1827 1451 1884 legatos
1481 1829 1581 1869 mit-

145 1888 276 1929 tendi.
293 1891 369 1945 qui
391 1904 522 1945 quum
545 1888 756 1930 adissentd
784 1896 996 1937 senatum,
1017 1886 1238 1940 conquesti
1259 1885 1406 1925 eadem
1429 1898 1473 1925 se
1494 1884 1579 1926 foe·

136 1944 312 1987 deratos
332 1947 438 2001 pati,
452 1961 554 2002 Aquae
577 1946 719 1987 hostes
741 1955 881 1986 essent
903 1942 1028 2000 passi,
1046 1943 1245 1998 precibus
1264 1941 1421 1982 infimis
1446 1941 1580 1995 petie-

144 2014 205 2052 re,
225 2009 272 2043 ut
299 2002 397 2043 satis
426 2002 611 2044 ducerent
642 2001 824 2044 Romam·
852 2001 1081 2050 victoriam,
1110 2013 1233 2054 quam
1263 1998 1513 2039 Samnitibus
1532 2012 1579 2039 ex
1590 2009 1625 2038 ld
1639 2018 1774 2047 querun-

144 2055 354 2113 Campano
387 2059 645 2114 Sidicinoque
673 2058 782 2100 hoste
810 2057 1066 2112 eripuissent:
1097 2071 1144 2097 ne
1172 2055 1280 2096 vinci
1306 2055 1430 2096 etiam
1458 2069 1497 2095 se
1526 2055 1577 2095 ab
1590 2057 1642 2080 ¹¹¹¹
1658 2053 1776 2081 Samni·

144 2113 413 2170 ignavissimis
440 2116 604 2171 populis
642 2116 826 2156 sinerent.
886 2114 1059 2156 Latinos
1096 2111 1412 2167 Campanosque,
1442 2111 1477 2152 si
1506 2096 1758 2168 subffggfflgs·

144 2171 296 2213 ditione
317 2172 463 2227 populi
495 2173 674 2215 Romani
704 2178 838 2222 essent,
861 2186 938 2226 pro
969 2170 1135 2226 imperio
1176 2176 1359 2209 arcerent
1401 2167 1579 2208 Samniti

144 2241 246 2283 agro
251 2244 271 2281 3
299 2229 363 2270 sin
399 2229 610 2285 imperium
646 2229 882 2278 abnuerent,
913 2227 1037 2268 armis
1073 2227 1304 2267 coercerent.
1362 2224 1579 2265 Adversus

143 2284 240 2326 haec
262 2286 686 2341 responsum'anceps
707 2286 869 2335 datum,
891 2285 991 2340 quia
1012 2283 1135 2324 fateri
1160 2282 1350 2338 pigebat,
1371 2282 1413 2321 in
1437 2290 1578 2336 potes-
1590 2290 1782 2327 Responsum

143 2350 230 2382 tate
259 2357 335 2383 sua
366 2342 541 2384 Latinos
565 2343 655 2397 jam
689 2357 774 2383 non
794 2355 898 2392 esse,
917 2341 1226 2394 timebantque,
1248 2342 1262 2364 ⁶
1277 2353 1328 2378 ne
1357 2339 1577 2392 arguendo
1595 2333 1747 2391 Romans>-
1765 2384 1775 2389 ς

115 2398 456 2442 -abalienarentz
491 2398 789 2454 Campanorum
822 2398 948 2439 aliam
980 2396 1244 2438 conditionem
1276 2409 1365 2445 esse,
1397 2395 1467 2449 qai
1500 2384 1788 2436 mammanteps,

237 2498 252 2521 ⁸
271 2501 305 2531 in
319 2501 377 2531 del.
392 2502 488 2531 Gron.
661 2504 674 2518 θ
695 2499 812 2531 adtinet
828 2499 925 2528 Gron.
941 2498 1032 2528 Crev.
1204 2495 1218 2516 ‘¹
1242 2497 1386 2527 adiissent
1402 2498 1484 2527 Eaed.

141 2585 249 2617 novio.
293 2586 376 2618 Eam
399 2591 542 2626 quatuor
564 2595 694 2625 quoque
717 2596 735 2615 e
766 2594 840 2615 nos·
884 2585 956 2622 bus,
973 2590 1005 2614 et
1023 2584 1055 2614 in
1074 2583 1166 2614 MSS.
1192 2582 1343 2620 Hearnii,
1359 2587 1393 2612 et
1416 2583 1450 2611 in
1472 2581 1579 2612 omni·

138 2629 201 2659 tris
214 2637 359 2661 servant.
404 2631 500 2661 Unde
517 2629 757 2660 admittendam
781 2628 839 2658 dn—
883 2628 943 2658 bus
960 2628 1092 2657 nostris.

139 2673 261 2703 ximus.
927 2670 1039 2701 mNe
1068 2666 1234 2708 arguendo
1262 2666 1496 2706 abalienarent]
1528 2667 1580 2698 Ne

185 2719 206 2746 5
230 2716 302 2746 Nec·
315 2717 350 2746 in
365 2715 497 2755 ditione]
523 2715 744 2756 Reposuimus
766 2724 840 2755 par·
883 2713 1053 2753 arguendo
1077 2713 1210 2743 Latinos
1234 2712 1324 2741 exuti
1347 2711 1507 2750 obsequii,
1525 2719 1579 2739 eos

139 2757 280 2788 ticulam
307 2761 354 2798 in,
370 2769 443 2799 quae
467 2760 559 2790 abest
581 2769 601 2789 a
623 2759 840 2788 Gvunovianis
884 2757 924 2787 ab
939 2766 972 2786 se
989 2766 1120 2796 prorsus
1131 2755 1416 2791 abalienarent‚et
1431 2754 1472 2785 ad
1488 2763 1580 2793 aper-

137 2801 352 2840 editionibus,
379 2803 436 2834 sed
464 2804 627 2844 reperitur
657 2806 691 2832 in
723 2802 840 2832 veteri·
883 2808 952 2831 tam
972 2799 1181 2830 rebellionem
1197 2799 1387 2830 incitarent.

187 2856 295 2886 vot..
315 2858 348 2886 1.
930 2855 957 2890 G
983 2856 1011 2897 g
