1991 3250
599 101 714 140 LIB.
743 101 774 140 Ι,
813 101 943 139 CAP.
979 100 1207 138 XXXVIII‘.
1570 104 1620 138 53

187 201 283 242 bito
303 208 334 230 ²³³
350 201 393 243 in
410 201 559 258 fugam
574 207 845 244 averterents.
877 197 1056 240 Montes
1075 198 1212 240 effuso
1234 211 1359 239 cursu
1381 197 1527 239 Sabini
1548 213 1619 256 pe.

188 258 353 309 tebant,
375 267 418 301 et
441 260 566 315 pauci
589 269 787 309 tenuere3
819 256 1010 297 maxima
1033 271 1143 312 pars,
1165 265 1213 297 ut
1234 266 1334 296 ante
1357 255 1520 296 dictum
1540 268 1618 308 est,

189 316 245 357 ab
273 316 493 370 equitibus
524 317 568 357 in
594 317 753 357 flumen
785 314 871 355 acti
903 325 1016 354 sunt.
1077 312 1349 368 Tarquinius,
1373 312 1618 354 instandum

185 373 423 427 perterritis
448 384 577 423 ratuS,
600 372 746 428 praeda
774 371 1044 426 captivisque
1076 370 1261 411 Romam
1293 369 1448 419 missrs,
1470 371 1618 425 spoliis

186 429 375 471 hostium
399 436 568 484 (votum
600 430 642 470 id
667 429 859 481 Vulcano
880 431 990 477 erat)
1012 427 1177 484 ingenti
1206 426 1379 468 cumulo
1410 428 1617 478 accensis,

187 488 330 542 pergit
364 501 490 543 porro
523 487 567 527 in
600 501 750 542 agrum
786 486 994 526 Sabinum
1028 485 1266 525 exercitum
1288 484 1514 525 inducere:
1557 494 1615 535 et,

186 557 443 599 quamquam
463 543 572 585 male
591 553 713 600 gesta
734 557 798 584 res
821 552 926 593 erat,
947 557 1027 583 nec
1049 551 1244 598 gesturos
1275 541 1425 581 melius
1449 554 1617 596 sperare

185 610 397 656 poterant,
429 610 586 651 tamen,
617 601 720 655 quia
749 600 998 641 consulendi
1039 614 1103 640 res
1135 613 1220 639 non
1252 598 1381 639 dabat
1412 599 1615 652 spatium,

188 660 274 699 iere
302 658 475 698 obviam
500 658 650 698 Sabini
682 657 961 698 tumultuario
993 657 1144 697 milite.
1169 657 1410 711 iterumque
1431 655 1491 695 ibi
1515 655 1614 707 fusi,

186 715 463 771 perditisjam
489 729 624 770 prope
647 716 787 765 rebus,
811 729 960 770 pacem
985 716 1159 771 petiere.

242 772 527 813 XXXVIII.
560 771 759 824 Collatia,
783 783 824 811 et
846 772 1055 827 quidquid
1079 775 1111 795 Β*
1124 772 1239 812 circa
1269 767 1498 810 Collatiam
1520 769 1611 825 agri
1628 784 1761 814 Collatia
1774 786 1826 815 Sa,

185 839 288 879 erat,
313 829 482 870 Sabinis
507 830 741 871 ademtum.
774 830 804 850 ⁸⁵
822 829 1002 885 Egerius
1024 829 1186 881 (fratris
1207 827 1279 868 hic
1303 826 1414 867 filius
1435 837 1527 867 erat
1550 842 1611 866 re·
1627 829 1771 858 binismi-

184 887 270 942 gis)
294 885 491 928 Collatiae
515 887 558 927 in
582 887 783 943 praesidio
806 888 992 928 relictus.
1015 886 1268 939 deditosque
1291 883 1528 924 Collatinos
1553 877 1739 925 ita'eml'ta'

183 944 365 999 accipio,
387 958 566 999 eamque
587 944 818 985 deditionis
841 943 1064 984 formulam
1090 957 1194 983 esse.
1259 940 1352 981 Rex
1375 943 1612 991 intorroga-

184 1001 271 1042 vit:
307 1000 466 1042 Estisne
497 1016 565 1042 vos
592 1000 716 1057 legati
746 1008 998 1057 oratoresque
1028 1000 1137 1040 missi
1157 1015 1182 1039 a
1202 997 1352 1053 populo
1390 997 1770 1049 Collatinofformuia

184 1065 229 1098 ut
261 1072 327 1099 vos
355 1058 629 1115 populumque
663 1058 915 1100 Collatinum
947 1059 979 1082 ‘³⁶
997 1057 1222 1098 ‹leda-etis?
1271 1057 1426 1095 Sumus.
1488 1053 1799 1097 Esfflededitionis,

179 1114 351 1170 populus
372 1114 600 1156 Collatinus
620 1116 664 1156 in
684 1131 755 1157 sua
769 1113 999 1171 potestate?
1026 1115 1121 1155 Est.
1152 1117 1183 1139 ⁸⁷
1199 1112 1411 1153 Deditisne
1431 1127 1510 1162 vos,
1537 1128 1610 1166 po-

175 1172 397 1229 pulumque
414 1172 681 1224 Collatinum,
703 1175 861 1224 urbem,
877 1187 1008 1229 agros,
1027 1186 1188 1227 uquam,
1207 1170 1408 1214 terminos,
1427 1170 1609 1219 (lelulrra,

182 1230 383 1280 utensilia,
412 1230 567 1281 divina,
589 1230 842 1287 humanaque
869 1230 1018 1279 omnia,
1040 1230 1084 1269 iu
1114 1243 1242 1268 meam
1269 1227 1490 1281 populique
1524 1226 1610 1267 Ro-

181 1287 293 1328 mani
323 1287 547 1328 dicionem?
578 1287 791 1330 Dedimus.
852 1287 914 1328 At
947 1302 1017 1342 ego
1052 1286 1212 1340 recipio.
1275 1284 1394 1324 Bello
1419 1285 1610 1324 sabinok

182 1344 389 1400 perfect0‚
405 1348 436 1368 ⁸⁸
451 1344 709 1400 Tarquinius
733 1345 1002 1400 triumphans
1023 1343 1207 1384 Romam
1227 1343 1367 1382 rediit.
1389 1343 1486 1381 inde
1504 1343 1610 1397 pris-

183 1402 245 1442 cis
272 1401 435 1442 Latinis
459 1402 615 1442 bellum
640 1403 758 1443 fecit.
783 1402 854 1443 ubi
890 1415 1099 1456 nusquam
1133 1400 1186 1440 ad
1221 1401 1429 1439 universae
1466 1400 1523 1438 rei
1547 1399 1608 1439 di·
1623 1412 1824 1441 Beuumcum

182 1458 458 1499 micationem
491 1468 665 1500 ventum
697 1469 785 1501 est:
818 1459 869 1500 ad
893 1457 1062 1514 singula
1091 1457 1252 1513 oppida
1267 1454 1609 1496 circumferendo
1625 1457 1756 1485 Latinis.

183 1529 313 1566 arma,
337 1530 464 1556 omne
487 1518 664 1556 nomen¹
688 1517 888 1557 Latinum
919 1515 1103 1557 domuit.
1164 1514 1462 1562 Corniculum,
1487 1513 1612 1553 Ficu-

180 1572 280 1613 leam
315 1582 449 1622 vetus,
484 1573 695 1623 Cameria,
730 1573 1087 1621 Crustumerium,
1121 1570 1352 1620 Ameriola,
1387 1569 1612 1620 Medullia,

183 1629 465 1678 Nomentum,
488 1629 581 1671 haec
603 1631 655 1671 de
678 1631 826 1685 priscis
852 1630 1030 1679 Latinis,
1051 1639 1124 1669 aut
1150 1629 1222 1683 qui
1255 1628 1307 1668 ad
1341 1627 1516 1668 Latinos
1539 1628 1612 1667 de-

183 1686 390 1737 fecerant,
415 1699 543 1743 capta
574 1688 748 1744 oppida.
810 1687 905 1728 Pax
936 1687 1090 1728 deinde
1123 1691 1214 1726 est*
1252 1685 1380 1726 facta.
1440 1684 1613 1738 Majore

182 1743 281 1784 inde
303 1745 446 1784 animo
470 1759 585 1800 [meis
608 1760 737 1801 opera
759 1745 975 1794 inchoata,
997 1747 1168 1798 89quam
1194 1753 1355 1797 quanta
1385 1742 1495 1782 mole
1518 1756 1611 1797 ges·-
1626 1748 1828 1785 Pacis-opera.

181 1811 292 1841 serat
315 1801 446 1842 bella:
480 1811 526 1843 ut
550 1817 635 1842 non
660 1802 846 1858 quietior
864 1802 1045 1857 populus
1067 1800 1184 1841 domi
1207 1810 1331 1848 esset,
1349 1814 1475 1854 quam
1502 1800 1612 1839 mili-

180 1858 254 1898 tiae
279 1857 441 1898 fuisset.
503 1859 617 1900 Nam
647 1871 691 1900 et
720 1874 843 1900 muro
868 1860 1050 1914 lapideo,
1074 1858 1196 1912 cujus
1219 1857 1444 1897 exordium
1472 1858 1612 1911 operis

182 1915 343 1955 Sabino
367 1915 476 1956 bello
500 1917 717 1957 turbatum
740 1916 845 1967 erat,
868 1918 1032 1966 urbem,
1055 1930 1140 1970 qua
1163 1914 1352 1955 nondum
1386 1916 1613 1963 munierat,

182 1972 354 2028 cingere
377 1982 522 2028 parat:
555 1984 597 2014 et
620 1974 768 2015 infima
789 1974 905 2014 urbis
928 1973 1022 2013 loca
1044 1974 1159 2013 circa
1178 1971 1316 2012 forum
1342 1971 1529 2025 aliasque
1551 1972 1614 2010 in-

674 2054 690 2075 ¹¹
704 2056 818 2084 Sabino
833 2056 909 2085 bello
924 2056 1018 2084 Gron.
1031 2055 1126 2084 Crev.

600 2105 614 2118 ¹*
625 2103 670 2128 est
685 2099 743 2128 del.
756 2100 840 2128 Eaed.

222 2050 230 2072 ἦ
245 2058 388 2083 verterent
404 2055 501 2084 Gron.
1287 2051 1294 2072 ¹
1309 2062 1415 2082 nomen
1430 2062 1515 2081 omne
1530 2051 1612 2081 Eoed.

184 2101 207 2116 ¹⁸²
225 2097 373 2127 Ficuluea
387 2098 470 2128 Eaed.

211 2165 250 2192 83
271 2161 442 2202 Infugam
453 2165 654 2202 averterent]
668 2165 721 2194 Sic
735 2169 877 2204 quatuor
922 2168 1023 2194 nente
1047 2162 1118 2192 Jac.
1143 2162 1321 2198 Gronovio,
1345 2162 1402 2200 qui
1426 2162 1472 2191 sic
1496 2161 1618 2191 habere

182 2205 262 2244 regii
294 2206 422 2236 codices
452 2213 487 2237 et
515 2207 730 2238 Sorboni-eus:
764 2210 810 2238 sic
842 2216 877 2238 et
921 2207 1108 2246 complures
1131 2207 1269 2245 scriptos
1293 2206 1400 2241 docet,
1424 2205 1542 2243 quibus
1568 2215 1616 2233 as-

182 2249 370 2288 complures
387 2250 598 2281 Gronoviani.
642 2252 751 2291 Vulgo
768 2254 800 2282 in
812 2251 877 2290 fu—

176 2302 259 2331 gam
274 2298 445 2324 verterent.

224 2339 266 2366 34
294 2336 386 2367 Czrca
416 2331 600 2378 Collallam]
619 2338 739 2379 Scripti
762 2348 878 2378 quam-

181 2379 340 2420 plurimi:
364 2382 449 2411 citra
471 2381 653 2411 Collatiam.

226 2426 266 2454 85
291 2423 438 2463 Egerius
457 2446 464 2454 ε
477 2446 484 2454 .
513 2425 655 2455 Collatia*
675 2426 710 2454 in
727 2425 878 2464 prccsidio

180 2467 326 2508 relictus]
353 2467 390 2499 ln
413 2478 486 2498 eam
510 2469 625 2498 urbem
653 2468 829 2507 imperium
858 2478 876 2497 a

181 2516 301 2550 patruo
325 2512 467 2551 accepit,
492 2512 592 2543 nullis
616 2521 677 2541 nec
702 2512 787 2550 juris
815 2521 876 2541 nec

181 2555 340 2594 temporis
357 2554 519 2585 limitibus
536 2555 723 2585 definitum.
769 2555 876 2593 Atque

181 2597 259 2628 inde
283 2598 344 2638 ipsi
367 2603 402 2628 et
423 2600 564 2639 posteris
583 2599 739 2630 Collatini
756 2608 878 2637 cogno-

183 2650 273 2671 men.
318 2642 419 2673 Dion.
438 2642 458 2672 1.
477 2643 538 2672 ΙΙΙ.

224 2685 266 2715 86
295 2684 357 2716 Ut.
368 2707 377 2714 .
391 2707 397 2713 .
409 2686 576 2725 dederetis]
591 2685 752 2725 Campani
762 2685 878 2722 editio,

181 2728 325 2767 dedatis:
343 2730 431 2768 quod
446 2730 579 2766 quidem
598 2731 702 2767 magis
719 2729 874 2768 placeret.

226 2774 265 2804 87
289 2771 459 2803 Deditisne
473 2783 525 2803 ‘cos
537 2775 756 2812 populumque
775 2772 876 2802 (tilla-

183 2815 302 2854 tz'num]
322 2815 476 2854 Sigonius
488 2816 719 2846 exturbaverat
733 2816 877 2856 particu-

179 2856 246 2888 lam
276 2868 345 2898 que.
394 2860 477 2890 Eam
507 2860 729 2900 reposuimus,
760 2859 873 2889 admo-

921 2252 1067 2280 sentitur
1080 2250 1241 2289 Campani
1254 2249 1368 2285 editio,
1381 2258 1457 2278 eum
1474 2255 1617 2286 quatuor

922 2295 1019 2333 regiis
1049 2293 1144 2324 codd.
1169 2300 1203 2323 et
1232 2292 1421 2322 sorbonico.
1468 2291 1618 2321 firmant

921 2347 1052 2376 quoque
1069 2346 1108 2367 ea
1123 2346 1197 2375 quae
1215 2336 1420 2375 praecedunt,
1440 2339 1475 2364 ut
1498 2344 1551 2364 vos
1560 2344 1617 2374 po·

917 2383 1099 2421 pillumque
1119 2380 1313 2410 Collatinum
1328 2380 1463 2409 dedatis.

964 2428 1004 2456 88
1030 2424 1230 2463 Tarquinius
1267 2421 1489 2462 triumphans]
1535 2420 1616 2451 Haec

920 2469 1028 2507 prima
1044 2467 1132 2507 apud
1149 2467 1279 2497 Livium
1304 2465 1467 2505 triumphi
1492 2465 1617 2494 mentio

921 2512 1076 2542 occurrit.
1123 2511 1167 2541 Et
1190 2520 1264 2539 vero
1282 2519 1347 2539 non
1371 2509 1491 2538 desunt
1516 2509 1618 2547 scrip-

921 2560 1022 2591 tores,
1039 2556 1094 2593 qui
1116 2554 1340 2592 Tarquinium
1362 2552 1462 2591 hujus
1487 2561 1618 2591 pompae

921 2604 1123 2637 repertorem
1138 2597 1238 2626 fuisse
1250 2596 1410 2626 scribant:
1425 2604 1616 2634 quanquam

920 2642 1022 2672 Dion.
1041 2646 1076 2670 et
1099 2640 1187 2670 I'lut.
1211 2639 1280 2679 ejus
1303 2640 1464 2678 originem
1490 2638 1530 2668 ad
1554 2638 1618 2667 Ro-

923 2684 1052 2714 mulum
1091 2684 1251 2714 referunt.
1304 2682 1417 2712 Brevis
1453 2681 1620 2721 triumphi

920 2727 1098 2767 descriptio
1116 2727 1257 2756 habetur
1272 2726 1370 2762 infra,
1390 2725 1450 2755 III.
1467 2727 1520 2758 29.

965 2772 1158 2812 {siff-Quam
1208 2773 1333 2810 quauta
1385 2768 1480 2808 mole]
1509 2768 1618 2807 Quam

921 2820 1049 2853 quanta
1064 2815 1107 2850 vi,
1125 2813 1253 2852 quanto
1276 2812 1463 2850 molimine,
1493 2816 1617 2848 quanto

916 2862 1079 2898 apparatu
1093 2857 1181 2887 bella
1195 2860 1350 2896 gesserat.

928 2907 999 2943 133
