1925 3239
593 98 713 136 LIB.
739 98 826 135 VII.
855 98 928 135 CA
944 99 986 135 P.
1020 99 1145 136 XLH.
1507 107 1581 140 415

149 195 297 237 militis
319 195 466 251 scripti
491 209 661 246 nomen,
681 195 763 236 nisi
785 196 878 251 ipso
913 196 1092 248 volente,
1115 197 1337 238 deleretur.
1369 199 1581 240 additum·
1600 215 1637 245 υ,
1655 213 1690 245 c,
1707 212 1781 244 413.

149 267 232 307 que
254 253 351 308 legi,
376 267 427 293 ne
449 253 558 307 quiS,
581 254 652 294 ubi
676 253 872 293 tribunus
896 253 1076 294 militum
1111 255 1271 304 fuisset,
1298 265 1442 310 postea
1474 262 1505 286 ⁹⁶²
1519 272 1585 296 or-
1599 262 1636 290 A.
1655 259 1778 293 (ν’-339.

149 309 298 350 (linum
333 309 486 350 ductor
515 319 638 350 esset.
699 309 749 350 Id
785 319 959 364 propter
996 310 1046 350 P.
1069 310 1287 351 Salonium
1326 313 1585 366 postulatum

152 376 219 407 est
241 367 295 407 ab
318 365 678 421 conjuratis;'qui
703 365 874 406 alternis
898 379 1028 422 prope
1050 369 1170 407 annis
1193 377 1235 408 et
1260 369 1452 409 tribunus
1479 370 1589 409 inili-

151 432 258 473 tum,
289 432 332 463 et
362 424 522 476 primus
554 423 746 462 centurio
777 432 881 472 erat,
912 438 1036 478 quem
1070 439 1183 464 nunc
1217 425 1416 479 primipili
1446 426 1590 479 adpel-

149 478 252 520 lant.
316 478 433 519 Huic
467 478 619 519 infensi
657 480 812 519 milites
844 488 976 530 erant,
998 482 1111 535 quod
1149 496 1314 536 semper
1347 483 1588 522 adversatus

150 536 274 576 novis
296 536 483 576 consiliis
506 536 669 586 fuisset,
689 546 731 576 et
753 541 783 564 93
798 544 874 577 neu
896 537 1108 592 particeps
1131 552 1276 578 eorum
1301 549 1424 588 esset,
1441 540 1512 593 qui
1537 541 1590 579 ab

155 592 344 633 Lautulis
368 591 591 648 fugissent.
654 592 805 647 Itaque
826 608 956 647 quum
988 594 1071 634 hoc
1106 609 1232 634 unum
1266 605 1440 649 propter
1472 595 1590 635 Salo-

151 649 268 689 nium
292 648 345 688 ab
368 657 512 689 senatu
537 664 621 689 non
652 649 961 704 inpetraretur3
996 660 1083 691 tuin
1118 651 1328 701 Salonius,
1353 653 1589 692 obtestatus

152 704 300 746 Patres
323 707 602 762 conscriptos,
626 721 677 746 ne
700 720 821 746 suum
847 706 1050 748 honorem
1087 707 1230 762 pluris,
1253 723 1379 763 quam
1413 723 1590 749 concor-

150 762 265 802 diam
296 762 496 812 civitatis,
521 764 793 813 aestimarent,
818 763 1015 818 perpulit,
1048 774 1094 804 ut
1124 764 1163 805 id
1196 779 1366 819 quoque
1398 765 1590 805 ferretur.

153 818 294 873 AEque
316 820 513 874 inpotens
537 820 796 875 postulatum
820 819 917 871 fuit,
938 826 968 849 9¹¹
984 830 1030 860 ut
1051 822 1127 861 dex
1157 822 1370 876 stipendio
1400 823 1591 875 equitum

153 876 391 927 (merebant
413 885 554 916 autem
576 881 606 904 ⁹⁵
624 877 779 932 triplex
810 891 859 916 ea
892 880 1163 932 tempestate)
1193 893 1277 919 aera
1307 879 1590 929 demerentur,

161 932 275 987 quod
298 932 507 973 adversati
528 933 813 988 conjurationi
836 933 1029 976 fuissent.

210 987 362 1030 XLII.
387 989 548 1030 Praeter
570 990 663 1031 liaec
686 991 857 1031 invenio
879 991 991 1045 apud
1014 991 1235 1045 quosdam,
1260 991 1309 1031 L.
1334 991 1591 1040 Genucium,

153 1045 372 1086 tribunum
403 1046 555 1100 plebis,
576 1047 721 1087 tulisse
753 1047 805 1087 ad
836 1048 1058 1102 populum,
1090 1062 1143 1088 ne
1174 1047 1386 1088 foenerare
1418 1048 1588 1088 liceret:

156 1102 260 1143 item
283 1102 375 1143 aliis
401 1103 632 1158 plebiscitis
654 1113 842 1155 cautum,
864 1118 918 1144 ne
941 1105 1035 1158 quis
1067 1104 1260 1145 eumdem
1293 1105 1590 1160 magistratum

156 1160 271 1201 intra
290 1159 435 1200 decem
457 1175 589 1200 annos
612 1169 803 1216 caperet3
837 1175 917 1201 neu
939 1161 1044 1202 duos
1069 1162 1339 1216 magistratus
1365 1176 1447 1201 uno
1478 1175 1590 1201 anno

157 1225 349 1272 gereret3
381 1217 528 1272 utique
549 1217 694 1258 liceret
715 1218 915 1258 consules
931 1219 1079 1258 ambos
1103 1218 1290 1273 plebeios
1324 1218 1470 1257 creari.
1494 1232 1590 1271 quae

153 1274 187 1313 si
208 1273 353 1314 omnia
374 1288 576 1315 concessa
597 1283 693 1315 sunt
718 1274 845 1329 plebi,
868 1274 1057 1329 adparet,
1080 1275 1190 1315 haud
1215 1288 1364 1328 parvas
1389 1276 1495 1315 vires
1518 1275 1590 1314 de-

154 1329 384 1371 fectionem
419 1331 631 1371 habuisse.
691 1331 800 1371 Aliis
837 1331 1061 1372 annalibus
1102 1331 1314 1386 proditum
1346 1342 1423 1381 est,
1457 1345 1592 1385 neque

145 1387 410 1427 dictatorem
434 1387 646 1428 Valerium
671 1387 848 1437 dictum,
871 1388 941 1428 sed
975 1402 1047 1442 per
1078 1387 1271 1429 consules
1302 1403 1470 1428 omnem
1504 1401 1592 1428 rem

156 1452 322 1484 actam:
355 1458 506 1498 neque,
547 1455 774 1499 antequam
813 1444 996 1485 Romam
1040 1445 1265 1494 veniretur,
1308 1445 1378 1484 sed
1424 1444 1591 1492 Romae,

155 1514 248 1541 eam
271 1499 587 1541 multitudinem
610 1501 928 1555 conjuratorum
954 1501 1003 1541 ad
1037 1515 1152 1542 arma
1183 1510 1495 1541 consternatam
1528 1515 1592 1540 es-

155 1571 223 1608 se;
256 1571 332 1597 nec
355 1558 398 1598 in
420 1556 470 1598 T.
494 1558 689 1604 Quinctii
711 1557 868 1609 villam,
891 1558 961 1598 sed
986 1558 1026 1598 in
1052 1558 1162 1598 aedes
1196 1557 1245 1598 C.
1271 1557 1442 1607 Manlii,
1464 1567 1590 1598 nocte

158 1613 352 1669 inpetum
384 1613 561 1666 factum,
592 1628 773 1669 eumque
804 1630 828 1655 a
869 1615 1104 1669 conjuratis
1145 1614 1512 1669 comprehensum,
1544 1624 1592 1654 ut

155 1670 243 1711 dux
266 1670 408 1712 fieret:
441 1671 539 1712 inde
560 1671 612 1711 ad
633 1682 829 1725 quartum
853 1670 1037 1727 lapidem
1062 1671 1275 1727 profectos
1297 1671 1392 1711 loco
1424 1672 1589 1711 munito

154 1727 412 1768 consedisse.
443 1742 521 1768 nec
551 1729 606 1768 ab
637 1729 816 1772 ducibus
858 1729 1119 1769 mentionem
1150 1728 1391 1768 concordiae
1430 1739 1590 1778 ortam3

154 1783 227 1824 sed
247 1792 435 1840 repente,
457 1799 586 1839 quum
611 1785 653 1825 in
678 1786 815 1825 aciem
847 1785 997 1826 armati
1028 1785 1240 1825 exercitus
1270 1786 1590 1839 processissent,

156 1840 451 1881 salutationem
476 1840 631 1882 factam
651 1858 660 1883 ε
683 1850 726 1881 et
749 1842 984 1897 permixtos
1006 1842 1176 1882 dextras
1192 1842 1391 1896 jungere,
1407 1857 1456 1882 ac
1474 1856 1590 1882 com-

154 1898 283 1953 plecti
307 1898 414 1938 inter
435 1912 478 1939 se
500 1898 768 1938 lacrimantes
793 1899 945 1939 milites
977 1899 1174 1954 coepisse,
1200 1909 1455 1951 coactosque
1486 1912 1590 1937 con-

158 1953 281 2004 sules,
303 1969 433 2009 quum
460 1955 650 1995 viderent
672 1969 839 1996 aversos
861 1970 886 1996 a
908 1955 1184 1996 dimicatione
1206 1955 1387 1995 militum
1412 1955 1592 2004 animos,

158 2011 350 2052 retulisse
371 2012 421 2052 ad
457 2011 601 2052 Patres
633 2012 685 2052 de
715 2012 944 2053 concordia
974 2011 1300 2052 reconcilianda.
1332 2011 1437 2052 adeo
1468 2011 1590 2060 nihil,

158 2077 440 2124 praeterquam
473 2068 725 2109 seditionem
760 2068 902 2120 fuisse,
932 2082 1112 2124 eamque
1153 2069 1452 2123 compositam,
1484 2068 1594 2107 inter

159 2125 357 2179 antiquos
381 2138 516 2166 rerum
539 2135 733 2166 auctores
754 2134 938 2167 constat.
997 2125 1053 2166 Et
1072 2125 1198 2181 hujus
1221 2124 1335 2166 fama
1357 2125 1592 2179 seditionis,

468 2234 485 2248 ¹²
506 2228 534 2259 et
549 2240 585 2259 ne
599 2230 619 2260 l.
634 2241 686 2261 nec
700 2232 796 2261 Gron.
810 2232 899 2261 Crev.
1027 2237 1041 2251 x
1065 2231 1098 2261 de
1114 2232 1173 2262 del.
1189 2232 1284 2263 Gron.

198 2333 239 2366 92
267 2330 427 2361 Ordi'num
442 2331 570 2371 ductor]
590 2331 761 2363 Centurio.
775 2331 851 2363 Vid.
892 2332 1178 2362 tumultuantibus
1208 2333 1287 2371 fuga
1316 2343 1349 2362 se
1387 2332 1593 2371 subduxisse,

160 2382 229 2405 not.
245 2376 297 2406 28.
313 2375 354 2404 ad
371 2385 399 2404 c.
416 2374 504 2405 .)3.1.
522 2376 564 2405 11.
894 2385 1014 2414 eosque
1039 2375 1189 2406 habuisse
1213 2377 1363 2406 offensos.
1382 2381 1405 2412 †
1419 2376 1536 2416 S‹·ripti
1561 2384 1596 2408 et

199 2422 240 2452 93
266 2418 337 2448 Nee
354 2416 533 2458 particeps]
558 2417 646 2457 Lege
669 2427 744 2448 cum
773 2418 854 2448 Gro-
895 2419 986 2459 prius
1002 2419 1082 2449 editi
1098 2419 1286 2449 babuerunt
1308 2424 1338 2449 et
1360 2429 1410 2449 ue.
1457 2420 1596 2459 Reliqua

157 2463 272 2492 novio:
304 2461 365 2498 Ee,
391 2471 430 2491 ne
448 2463 608 2501 particeps
632 2472 740 2491 eorum
765 2465 854 2499 essee,
898 2467 977 2491 sunt
993 2472 1011 2492 a
1028 2463 1231 2501 conjectura,

157 2506 197 2534 ab
221 2505 375 2535 Lautulis
390 2504 547 2544 fugisset.
592 2504 611 2522 ²*
625 2505 754 2543 Nempe
778 2505 855 2535 ado·
940 2505 1058 2539 9⁴*Ut
1072 2506 1110 2536 de
1122 2506 1274 2544 stipendio
1290 2507 1431 2545 equitum
1448 2531 1454 2535 .
1466 2527 1473 2536 .
1489 2528 1496 2535 .
1509 2527 1517 2536 .
1531 2516 1596 2536 oerrt

158 2548 282 2579 leverat
307 2553 341 2578 et
366 2553 559 2588 proruperat
587 2548 770 2586 conjuratio
797 2557 856 2587 per
897 2548 1116 2587 demerentur]
1145 2550 1190 2579 Ut
1219 2548 1340 2588 aliquid
1367 2549 1598 2579 detraheretur

154 2590 226 2621 illos
257 2591 312 2630 qui
351 2591 392 2621 ad
428 2590 588 2621 Lautulas
624 2591 856 2628 substiterant,
899 2591 938 2620 de
955 2591 1119 2631 stipendio
1136 2592 1223 2631 quod
1236 2592 1400 2630 equitibus
1413 2593 1563 2622 dabatur.

159 2633 303 2674 aliosque
332 2635 372 2665 ab
401 2634 536 2664 consule
568 2634 681 2664 missos
720 2644 855 2674 excepe·
943 2634 1170 2675 95³⁴*Tre'plezfl
1187 2635 1339 2674 Triplnm
1357 2635 1424 2672 ejus
1443 2636 1596 2675 quodpe-

159 2681 244 2707 rant.
292 2677 387 2708 Licet
422 2687 500 2717 ergo
528 2678 655 2717 opinari
688 2677 857 2706 Salonium
901 2677 956 2707 des
974 2678 1166 2718 accipiebat.
1212 2684 1234 2717 †
1252 2676 1325 2708 vid.
1342 2684 1410 2708 not.
1427 2680 1479 2709 «³6.
1506 2679 1544 2708 ad
1569 2688 1598 2708 c.

159 2720 268 2759 ipsum
286 2726 461 2761 exceptum
480 2731 556 2751 cum
574 2720 658 2758 aliis,
675 2720 761 2759 quod
783 2725 858 2750 tum
905 2722 952 2752 12.
971 2720 992 2752 l.
1005 2721 1045 2751 V.

160 2773 288 2802 quoquc
305 2764 388 2795 illud
405 2765 566 2804 flagitium
587 2764 801 2803 improbaret,
817 2764 858 2793 ab
