1925 3239
490 105 557 144 LI
573 105 618 145 B.
644 106 717 144 IX.
754 105 883 143 cAP.
911 103 1054 143 XLVI.
1433 105 1507 141 553

81 205 275 248 discessit
295 205 461 248 civitas.
503 205 616 248 aliud
640 206 806 262 integer
828 204 1025 260 populus,
1046 203 1189 246 fautor
1209 211 1253 245 et
1273 203 1411 245 cultor
1432 205 1511 246 bo-
1521 211 1563 242 U.
1582 211 1618 242 C.
1634 214 1710 245 449.

81 277 248 314 norum,
270 263 381 304 aliud
413 263 592 304 forensis
621 262 753 318 factio
785 263 985 314 tenebat;
1016 261 1152 302 donec
1180 262 1195 284 ⁶
1211 262 1268 308 Q.
1293 261 1449 302 Fabius
1469 270 1511 303 et
1522 255 1560 287 A·
1577 256 1615 286 C.
1631 258 1708 287 3⁰3·

84 319 135 361 P.
165 319 325 362 Decius
347 334 538 360 censores
561 319 684 361 facti:
718 327 761 359 et
782 318 952 370 Fabius,
972 318 1096 359 simul
1125 319 1367 359 concordiae
1390 333 1511 359 caus-

84 391 143 426 sa,
165 377 288 417 simul
310 391 362 416 ne
385 376 716 417 humillimorum
742 375 784 417 in
815 390 942 416 manu
966 375 1145 416 comitia
1166 384 1320 425 essent,
1341 389 1510 416 omnem

84 432 292 474 forensem
339 435 504 473 turbam
544 442 761 474 excretam
801 435 814 457 ⁷
831 433 874 473 in
915 434 1098 487 quatuor
1139 432 1274 472 tribus
1310 431 1664 486 conjeeiurorensis
1697 479 1705 485 ,

86 491 351 544 urbanasque
372 504 440 530 eas
462 490 704 544 adpellavit.
735 489 926 543 adeoque
947 503 1040 529 eam
1062 503 1150 529 rem
1175 498 1394 542 acceptam
1417 503 1511 543 gra·
1521 479 1614 551 {urba
1625 482 1724 550 22:5¹·

88 546 138 587 tis
160 547 312 587 animis
336 547 490 597 ferunt,
512 556 560 587 ut
594 546 779 587 Maximi
813 559 1068 601 cognomen,
1091 545 1204 600 quod
1237 554 1302 586 tot
1325 531 1722 603 vict01·iisct¹,¹,ffj¹‡{ta‚⁰⁶⁵

87 617 172 644 non
211 613 444 658 pepererat,
474 603 582 644 ⁸hac
617 603 814 643 ordinum
850 603 1157 658 temperatione
1199 610 1377 657 pareret.
1442 601 1514 642 Ab

85 660 234 701 eodem
267 661 508 700 institutum
531 660 699 710 dicitur,
729 664 806 700 ⁹ut
837 660 1000 715 equites
1039 658 1185 700 Idibus
1221 657 1515 706 Quinctilibus

89 716 473 758 transveherentur.

88 829 162 866 bus,
179 840 239 860 nec
256 830 428 866 universis,
441 829 496 859 sed
512 838 628 859 eorum
647 829 779 860 nobilis-

89 873 193 911 simis,
217 880 362 912 gestatos
390 873 490 903 fuisse
521 873 608 903 idem
639 874 782 913 scriptor

89 917 232 947 affirmat
245 916 378 947 ibidem.

132 960 152 990 G
174 960 217 1000 Q.
242 958 413 990 Fabiuset
437 959 480 989 P.
499 959 620 989 Decius
642 969 781 990 censores

76 1003 182 1045 sacti]
223 1003 377 1042 Sigonius
401 1008 436 1032 et
466 1003 600 1041 Pighius
624 1013 663 1032 ex
693 1003 780 1042 frag-

90 1046 212 1077 mentis
235 1046 407 1076 Fastorum
434 1046 696 1086 Capitolinorum
724 1056 778 1076 eos

89 1089 153 1120 hoc
171 1090 241 1129 ipso
263 1099 351 1119 anno
375 1099 548 1119 censuram
573 1090 708 1128 gessisse
728 1100 782 1119 vo-

93 1133 180 1163 lunt.
228 1132 273 1162 Ac
297 1143 375 1162 sane
399 1132 499 1162 alium
532 1133 609 1162 huic
636 1142 783 1162 censurae

93 1185 219 1207 annum
244 1177 410 1215 assignare
433 1186 471 1205 ex
495 1176 565 1215 ipso
590 1175 681 1206 Livio
701 1176 784 1206 diffi-

92 1218 155 1249 cile
167 1219 263 1249 foret.
288 1219 359 1249 Hoc
373 1225 485 1249 tamen
499 1222 615 1249 notatu
631 1219 785 1259 dignum,

91 1262 229 1292 biennio
259 1269 337 1292 ante
362 1272 512 1293 censores
543 1263 718 1292 memorari
749 1263 786 1292 C.

92 1306 233 1336 Junium
280 1306 480 1343 Bubulcum,
521 1305 567 1335 M.
617 1305 786 1336 Valerium

95 1349 294 1386 Maximum,
311 1358 411 1388 supra
432 1359 461 1379 c.
478 1351 530 1379 43.
555 1359 657 1387 quum
682 1360 719 1379 ex
738 1359 788 1378 so-

94 1391 154 1422 lito
171 1402 261 1422 more
289 1402 354 1422 non
383 1398 586 1429 crearentur,
604 1393 667 1422 nisi
691 1393 786 1431 quin-

96 1436 241 1475 quennio
257 1445 399 1474 quoque,
417 1445 576 1465 censores.

140 1482 158 1512 7
187 1479 225 1508 In
246 1483 385 1518 quatuor
412 1479 516 1508 tribus
539 1476 682 1519 conjecit]
723 1477 786 1508 Eas

97 1531 230 1561 nempe,
254 1522 287 1551 in
318 1531 398 1560 quas
425 1521 555 1551 Servius
585 1531 640 1551 rex
669 1521 785 1551 urbem

97 1564 308 1601 discreverat,
336 1565 488 1603 idemque
505 1565 575 1603 jam
600 1569 686 1602 tum,
700 1570 786 1594 teste

97 1608 198 1639 Dion.
214 1607 290 1638 Hal.
303 1607 323 1637 l.
338 1608 391 1638 1v.
405 1608 517 1638 referri
529 1608 788 1647 jusserat,quid-

98 1651 178 1688 qnid
200 1655 286 1680 esset
314 1650 459 1681 libertini
485 1652 626 1690 generis.
672 1652 786 1689 Itaque

98 1693 216 1724 Fabius
244 1694 326 1724 nihil
356 1694 408 1724 hic
439 1695 587 1724 instituit
617 1694 705 1731 novi,
732 1693 789 1724 sed

98 1743 242 1767 veterem
276 1747 413 1774 morem,
443 1737 484 1767 ab
514 1738 620 1777 Appio
654 1741 788 1767 censore

100 1787 248 1820 spretum
266 1790 303 1810 ac
320 1781 493 1818 violatum,
509 1781 649 1811 reduxit.
693 1780 788 1819 Quod

100 1828 213 1855 autem
228 1823 315 1855 infra
329 1823 463 1855 additur
485 1834 538 1854 eas
562 1824 666 1854 tribus
692 1825 790 1854 urba·

824 839 884 861 ntes
900 829 1080 869 appellatas
1098 839 1167 859 esse
1190 839 1209 858 a
1239 829 1349 867 Fabio,
1365 830 1412 859 ita
1427 836 1465 860 ut
1481 830 1515 860 id

825 874 983 910 nominis,
1001 882 1066 902 non
1083 883 1102 902 a
1119 873 1289 903 conditore
1311 874 1434 910 Servio,
1457 873 1516 904 sed

825 917 887 948 hoc
911 916 1044 946 demum
1074 922 1223 956 tempore
1253 917 1454 957 acceperint,
1479 916 1516 947 id

824 969 940 1001 parum
959 959 1090 989 videtur
1105 959 1292 989 verisimile.

868 1006 886 1033 8
899 1003 1002 1034 *Hac
1023 1003 1172 1032 ordinum
1195 1001 1434 1042 temperatione]
1463 1003 1517 1033 Ita

823 1046 1041 1086 temperando
1063 1055 1126 1083 res,
1149 1051 1188 1076 ut
1214 1046 1406 1076 discrimina
1430 1046 1518 1075 ordi-

828 1100 907 1120 num
925 1099 962 1118 ac
979 1089 1180 1128 dignitatum
1198 1090 1260 1119 rite
1275 1096 1496 1120 servarentur.

870 1138 889 1167 9
919 1133 963 1163 Ut
997 1133 1134 1172 Equites
1172 1133 1283 1162 Idibus
1318 1132 1517 1173 Quintilibus

829 1174 1127 1216 transveherentur]
1161 1176 1209 1206 Ex
1226 1176 1287 1205 hoc
1304 1176 1458 1205 instituto
1474 1176 1517 1205 E-

830 1221 936 1259 quites
945 1219 1085 1249 Romani
1098 1220 1274 1258 quotannis
1289 1219 1399 1249 Idibus
1411 1219 1518 1259 Quin-

828 1264 956 1298 tilibus,
973 1263 994 1292 i.
1012 1272 1040 1292 e.
1065 1262 1116 1292 die
1141 1266 1201 1292 15³¹.
1219 1263 1340 1293 mensis
1358 1263 1411 1301 qui
1429 1267 1519 1302 post-

829 1317 869 1336 ea
898 1305 1007 1336 Julius
1045 1305 1230 1346 appellatus
1261 1310 1325 1343 est,
1354 1315 1412 1345 per
1446 1313 1519 1335 tur-

830 1359 901 1379 mas
925 1349 1085 1384 distincti,
1111 1350 1184 1379 olea
1206 1349 1366 1386 coronati,
1394 1354 1428 1378 et
1453 1355 1521 1379 tra-

830 1393 930 1429 beati,
956 1393 1047 1431 equis
1073 1392 1266 1429 insidentes,
1282 1393 1322 1421 ab
1345 1391 1414 1422 aede
1430 1392 1520 1422 Mar·

829 1437 871 1466 tis
895 1439 987 1465 extra
1010 1436 1137 1473 urbem,
1162 1437 1240 1472 sive,
1266 1439 1303 1465 ut
1318 1435 1371 1464 alii
1389 1435 1519 1472 volunt,

830 1480 870 1509 ab
887 1479 954 1509 aede
974 1479 1114 1509 Honoris
1137 1479 1170 1508 in
1187 1478 1387 1518 Capitolium
1411 1478 1518 1508 solen-

831 1523 865 1552 ni
889 1532 1010 1562 pompa
1031 1522 1340 1552 transvehebantur.
1386 1521 1438 1551 Ita
1462 1521 1518 1551 de-

829 1566 943 1596 scribit
960 1565 1047 1594 hanc
1063 1566 1342 1595 transvectionem
1358 1563 1518 1602 Equitum

830 1609 965 1649 Dionys.
990 1608 1010 1638 l.
1026 1608 1082 1638 Vl.
1107 1610 1160 1648 qui
1185 1614 1220 1637 et
1242 1618 1315 1638 eam
1340 1614 1413 1647 post
1435 1617 1519 1648 pug-

831 1662 907 1681 nam
931 1651 972 1681 ad
998 1651 1165 1691 Regillum
1195 1651 1303 1681 lacum
1329 1651 1519 1681 institutam

832 1705 902 1725 esse
925 1695 1048 1725 scribit.
1086 1695 1161 1725 Vid.
1187 1704 1315 1734 quoque
1341 1694 1518 1724 Auctorem

832 1738 872 1768 de
894 1739 961 1768 Vir.
985 1738 1110 1769 Illustr.
1135 1740 1169 1769 in
1199 1738 1276 1769 fab.
1297 1736 1462 1776 Rulliano,
1485 1744 1520 1768 et

833 1781 903 1812 Val.
922 1782 1009 1811 Max.
1029 1781 1072 1814 Il.
1088 1784 1118 1813 ⁶2.
