1925 3239
545 132 548 136 “
579 131 699 170 LIB.
729 130 816 170 VII.
853 131 979 170 CAP.
1007 130 1136 170 XXV.
1507 137 1584 173 4125

138 242 206 273 tra
224 232 459 282 insecutus,
478 231 600 286 (quia
620 239 664 271 et
684 230 836 273 vulnus
857 231 1135 286 degravabat,
1157 237 1200 270 et
1221 230 1432 284 subjicere
1462 246 1585 273 exer·
1599 248 1639 279 U,
1656 248 1692 279 c,
1708 250 1782 279 405.

138 291 271 330 citum
305 292 475 343 pugnaa
507 289 664 328 fessum
700 287 872 328 tumulis
906 288 960 328 ab
993 287 1117 328 hoste
1149 288 1372 340 occupatis
1396 288 1585 339 nolebat)
1598 291 1782 326 A.C.347.

140 346 287 398 praeda
325 345 444 384 omni
484 353 719 384 castrorum
759 342 886 383 militi
926 344 1041 393 data,
1084 343 1292 384 victorem
1332 346 1586 395 exercitum,

139 401 478 454 opulentumque
515 399 693 440 Gallicis
736 398 897 453 spoliis,
942 398 1126 440 Romam
1168 398 1352 439 reduxit.
1415 399 1587 440 Moram

142 456 362 511 triumpho
383 457 535 496 vulnus
557 454 743 496 consulis
769 455 937 495 adtulit.
960 456 1194 508 eademque
1225 469 1375 494 caussa
1405 455 1589 496 dictato-

141 513 196 552 ris
228 511 484 552 desiderium
516 512 680 551 senatui
713 510 829 560 fecit,
851 520 899 551 ut
928 521 1053 561 esset,
1075 511 1148 564 qui
1181 511 1308 565 aegris
1341 511 1587 552 consulibus

142 568 320 607 comitia
341 567 530 607 haberet.
592 566 793 607 Dictator
818 567 866 607 L.
892 566 1044 607 Furius
1065 567 1271 607 Camillus
1294 567 1450 617 dictus,
1469 568 1743 621 addi-Dictator
1760 573 1794 604 1„

142 633 187 663 to
212 624 420 678 magistro
451 623 646 677 equitum
680 623 729 662 P.
761 622 965 663 Cornelio
997 623 1212 677 Scipione,
1236 623 1420 663 reddidit
1451 615 1791 687 patri-rufinam-

148 681 226 719 bus
247 679 555 732 possessiouem
581 679 802 732 pristinam
826 679 1086 719 consulatus.
1111 680 1198 732 ipse
1229 680 1285 718 ob
1318 679 1358 718 id
1393 667 1643 720 meritumml
1672 667 1717 688 ‘³⁵'

145 735 312 789 ingenti
346 734 521 774 Patrum
554 735 696 775 studio
728 745 893 775 creatus
926 735 1090 784 consul,
1113 734 1322 789 collegam
1353 734 1437 790 Ap.
1466 735 1592 775 Clau-

145 791 264 831 dium
289 790 488 831 Crassum
512 790 640 830 dixit.

200 845 359 887 XXV.
391 845 643 900 Priusquam
684 845 839 885 inirent
879 846 981 887 novi
1033 845 1226 886 consules
1273 846 1590 901 magistratum,

144 902 386 956 triumphus
408 917 432 941 a
457 901 642 956 Popillio
664 902 715 942 de
740 901 875 942 Gallis
909 912 1029 942 actus
1064 916 1220 957 magno
1253 901 1398 942 favore
1432 902 1592 957 piebis:

146 968 470 1011 mussantesque
491 958 601 997 inter
622 972 665 997 se
686 957 947 1012 rogitabant,
968 971 1071 998 num
1090 972 1213 1012 quem
1231 959 1387 1010 plebeii
1408 960 1591 998 consulis

137 1015 368 1066 poeniteret
385 1012 406 1052 .P
438 1013 575 1053 Simul
597 1014 852 1053 dictatorem
876 1014 1168 1068 increpabant,
1190 1014 1262 1067 qui
1285 1013 1392 1067 legis
1417 1014 1595 1055 Licinia:

145 1079 298 1124 spretae
339 1069 579 1109 mercedem
630 1069 915 1119 consulatum,
956 1070 1124 1123 privata
1173 1069 1425 1123 cupiditate,
1467 1084 1596 1124 quam

149 1125 322 1180 publica
345 1125 516 1179 injuria,
539 1125 781 1174 foediorem,
803 1126 1001 1180 cepisset,
1024 1135 1070 1165 ut
1092 1139 1136 1165 se
1154 1126 1244 1180 ipse
1264 1126 1482 1166 consulem
1505 1126 1595 1166 dic-

150 1190 262 1220 tator
282 1190 457 1221 crearet.
506 1179 658 1220 Annus
680 1180 825 1221 multis
848 1181 1060 1235 variisque
1082 1182 1271 1221 motibus
1294 1180 1377 1221 fuit
1398 1181 1593 1236 insigniS.
1609 1184 1648 1214 U·
1669 1183 1796 1237 C.40(3·,

147 1235 263 1277 Galli
285 1250 339 1276 ex
363 1237 539 1277 Albanis
567 1237 802 1286 montibus,
824 1237 925 1291 quia
957 1237 1110 1277 hiemis
1146 1237 1231 1277 vim
1271 1238 1356 1290 pati
1390 1237 1593 1291 nequive-
1606 1227 1791 1299 ἓὲἒῑῖῗέϋ·

149 1301 260 1342 rant,
284 1306 357 1346 per
379 1307 554 1347 campos
578 1293 875 1346 maritimaque
897 1293 990 1333 loca
1013 1294 1109 1348 vagi
1131 1293 1458 1347 populabantur.
1495 1292 1593 1334 Ma-
1607 1291 1665 1352 A⁶p.
1681 1291 1811 1343 Clau’dio

151 1362 194 1388 re
218 1347 419 1388 infestum
442 1348 647 1388 classibus
669 1349 921 1388 Graecorum'
957 1357 1060 1398 erat,
1083 1363 1241 1402 oraque
1274 1348 1409 1389 litoris
1442 1348 1593 1389 Antia·
1608 1356 1695 1386 Coss-

149 1404 219 1452 tis,
246 1404 515 1458 Laurensque
537 1412 712 1455 tractus,
735 1414 777 1442 et
799 1403 966 1444 Tiberis
989 1406 1121 1445 ostia:
1156 1414 1203 1444 ut
1225 1405 1446 1460 praedones
1470 1406 1597 1446 mari-

150 1459 260 1508 timi,
283 1473 380 1499 cum
403 1460 672 1499 terrestribus
705 1460 938 1514 congressi,
961 1460 1140 1514 ancipiti
1176 1460 1302 1500 semel
1340 1460 1492 1513 proelio
1525 1461 1598 1502 de-

151 1515 370 1565 certarint,
391 1515 596 1569 dubiique
617 1515 889 1555 discesserint
913 1516 956 1555 in
988 1527 1126 1556 castra
1158 1515 1288 1567 Galli,
1311 1516 1457 1556 Graeci
1486 1527 1599 1557 retro

149 1570 205 1611 ad
227 1584 370 1620 naves,
394 1571 530 1611 victos
553 1585 610 1619 se,
633 1585 684 1610 an
710 1572 906 1620 victores,
929 1580 1142 1626 putarent.
1203 1571 1321 1611 Inter
1343 1570 1446 1612 hos*
1473 1572 1600 1628 longe

153 1627 367 1666 maximus
389 1627 557 1666 exstitit
589 1636 736 1676 terror,
759 1627 946 1667 concilia
977 1627 1232 1682 populorum
1266 1627 1515 1668 Latinorum
1547 1629 1601 1668 ad

152 1681 298 1722 lucum
338 1682 578 1722 Ferentinae
611 1682 801 1723 habita:v
830 1697 1166 1738 responsumque
1202 1683 1314 1722 haud
1348 1684 1602 1739 ambiguum

153 1737 464 1792 imperantibus
497 1738 654 1778 milites
689 1737 897 1778 Romanis
929 1739 1092 1788 datum,
1114 1739 1366 1778 absisterent
1394 1741 1604 1793 imperare

153 1794 225 1842 iis,
247 1807 424 1847 quorum
448 1794 610 1833 auxilio
631 1800 816 1846 egerent.
875 1795 1061 1834 Latinos
1085 1808 1166 1847 pro
1195 1807 1275 1834 sua
1306 1795 1501 1835 libertate
1522 1809 1603 1848 po-

151 1850 254 1898 tius,
275 1863 404 1902 quam
417 1863 499 1901 pro
520 1849 659 1889 alieno
681 1848 869 1901 imperio,
892 1851 1056 1890 laturos
1081 1864 1217 1890 arma.
1280 1849 1398 1889 Inter
1428 1851 1514 1891 duo
1547 1851 1603 1890 si-

152 1904 241 1944 mul
274 1904 384 1944 bella
413 1914 605 1954 externa,
636 1904 880 1945 defectione
909 1907 1039 1946 etiam
1072 1907 1285 1946 sociorum
1315 1914 1487 1946 senatus
1528 1921 1604 1946 an-

156 1960 270 2009 xius,
291 1974 424 2014 quum
446 1970 640 2001 cerneret
661 1970 776 2001 metu
809 1962 1031 2012 tenendos,
1052 1976 1159 2016 quos
1191 1961 1294 2001 fides
1324 1975 1411 2000 non
1442 1962 1603 2001 tenuis-

156 2024 236 2065 set,
261 2017 492 2056 extendere
514 2030 662 2056 omues
685 2016 853 2071 imperii
876 2018 985 2057 vires
1008 2017 1202 2057 consules
1218 2017 1385 2056 delectu
1406 2016 1603 2057 habendo

150 2071 298 2124 jussit.
321 2072 436 2111 civili
460 2072 621 2126 quippe
642 2074 842 2112 standum
864 2073 1057 2114 exercitu
1091 2086 1196 2122 esse,
1217 2072 1390 2126 quando
1420 2073 1603 2114 2⁸socia-

157 2127 206 2166 lis
255 2135 397 2167 coetus
437 2127 662 2167 desereres.
722 2127 941 2182 Undique,
978 2143 1063 2168 non
1107 2129 1269 2169 urbana
1309 2137 1491 2178 tantum,
1532 2128 1601 2168 sed
1616 2134 1797 2164 Scribuntur

157 2182 287 2222 etiam
321 2184 478 2237 agresti
507 2183 757 2236 juventute,
790 2183 935 2224 decem
970 2184 1159 2239 legiones
1191 2184 1362 2238 scriptae
1403 2178 1783 2225 dicunturdffc‘ffflst·

158 2237 413 2293 quaternum
436 2238 618 2278 millium
640 2247 683 2279 et
703 2240 966 2280 ducenorum
988 2241 1196 2294 peditum,
1217 2240 1496 2294 equitumque
1522 2251 1605 2280 tre·
1615 2230 1733 2258 gmnes‘

200 2327 214 2341 ¹
232 2320 517 2360 pugna—nolebat)
536 2321 660 2350 sublata
672 2322 850 2359 parenthesi
864 2322 947 2360 lege:
967 2333 1078 2362 pugna
1091 2323 1212 2360 fessum
1228 2333 1302 2351 novo
1316 2323 1416 2352 labori
1437 2325 1566 2358 nolebat,
1590 2334 1610 2353 a

156 2364 362 2426 {er-sequendo
384 2364 467 2393 hoste
489 2365 663 2396 continuit;
695 2366 826 2394 tumulis
849 2365 886 2394 ab
908 2366 992 2394 hoste
1014 2367 1179 2404 occupati&
1198 2367 1307 2403 praeda
1330 2369 1388 2395 etc.
1403 2367 1500 2395 Gron.
1516 2367 1609 2396 Crev.

195 2407 260 2435 tm·
273 2407 359 2436 Eaed.
1390 2410 1393 2411 ’

157 2475 236 2513 legi.
286 2475 403 2505 Consul
422 2484 485 2504 non
507 2475 600 2504 ultra
614 2479 724 2505 castra
739 2477 863 2506 insecu-
906 2476 996 2506 vium
1015 2486 1073 2506 vox
1091 2480 1205 2507 coetus:
1231 2486 1304 2514 quae
1327 2477 1476 2516 profecto
1499 2477 1611 2507 minus

159 2523 224 2554 tus,
241 2518 324 2557 quod
337 2522 367 2547 et
381 2519 502 2547 vulnus
515 2517 728 2555 degravabat,
743 2522 774 2548 ec
789 2519 861 2547 sub·
906 2520 1036 2558 proprie
1052 2519 1106 2548 hic
1121 2525 1281 2558 usurpata
1296 2519 1437 2550 videtur.
1482 2519 1612 2549 Fortas-

150 2557 255 2600 jz'eere
267 2561 444 2590 exercitum
459 2561 596 2589 tumulis
610 2560 650 2589 ab
665 2561 749 2589 hoste
774 2570 863 2590 occu·
907 2570 941 2590 se
965 2561 1066 2590 deleri
1093 2566 1215 2599 posset,
1239 2566 1277 2591 ut
1303 2561 1390 2591 male
1420 2563 1544 2592 inserta
1570 2563 1611 2591 ab

156 2603 246 2640 puris
276 2603 413 2639 nolebat,
436 2602 551 2641 praeda
577 2603 664 2631 onmz'
686 2606 866 2632 castrorum
909 2603 1063 2642 imperito
1087 2604 1197 2641 aliquo
1221 2604 1448 2642 emendatore,
1464 2606 1519 2644 qui
1544 2613 1611 2634 non

161 2646 260 2674 milies
274 2645 353 2674 (lata
366 2664 375 2673 .
388 2664 394 2673 .
411 2666 418 2673 .
430 2665 437 2673 .
458 2644 567 2681 Atque
584 2644 653 2673 haec
669 2643 771 2673 lectio
787 2654 866 2674 sane
910 2645 1036 2675 videret
1060 2650 1134 2684 post
1157 2655 1279 2674 nomen
1301 2648 1436 2684 socialis,
1456 2646 1613 2686 supplen-

164 2684 358 2716 concinnior
386 2690 422 2715 et
448 2686 634 2724 elegantior
658 2686 796 2724 vulgata
821 2688 867 2716 vi·
911 2687 990 2717 dum
1007 2697 1077 2716 esse
1098 2697 1138 2716 ex
1153 2689 1262 2726 priore
1279 2689 1427 2718 membro
1443 2691 1611 2719 arev-citus.

165 2728 276 2758 detur.
319 2729 433 2759 Nostri
457 2738 573 2758 omnes
598 2728 692 2758 MSS.
725 2737 866 2758 consen·
909 2728 1018 2767 Atque
1043 2739 1115 2758 eam
1141 2730 1181 2758 ab
1204 2740 1271 2759 uuo
1295 2741 1334 2760 ex
1358 2731 1452 2762 MSS.
1474 2732 1541 2761 suis
1559 2731 1613 2760 ab-

163 2771 258 2800 tiunt
274 2781 350 2800 cum
367 2771 596 2800 Gronoviauis.
910 2780 980 2801 esse
995 2776 1140 2802 testatur
1156 2771 1336 2803 Hem-nius.

208 2814 249 2845 28
274 2812 407 2844 Socialis
428 2813 539 2854 coetus]
566 2812 715 2843 offendit
739 2811 866 2842 Grono-
