1969 3239
537 136 539 140 .
595 101 720 140 LIB.
747 101 816 138 Vl.
853 101 986 139 CAP.
1013 100 1118 139 XIV.
1506 103 1583 139 363

146 201 375 258 praedaque
396 203 550 254 omnis,
571 210 726 258 praeter
744 200 879 242 libera
899 215 1095 255 corpora,
1116 198 1243 240 militi
1274 213 1477 240 concessa
1506 209 1639 242 est.U.
1656 208 1692 239 C.
1709 211 1783 242 370.

151 259 254 300 Pars
286 261 476 300 maxima
504 262 772 316 captivorum
803 271 856 297 ex
892 257 1054 298 Latinis
1084 266 1212 311 atque
1244 255 1444 296 Hernicis
1476 252 1783 299 fuitzA·C·3³‘2·

150 329 228 356 nec
249 316 471 358 hominum
493 317 546 358 de
577 317 714 371 plebe,
737 322 785 354 ut
816 314 932 354 credi
968 322 1110 368 posset
1141 313 1335 354 mercede
1368 313 1585 363 militasse,

149 373 221 414 sed
254 374 462 428 principes
493 374 664 428 quidam
690 370 932 426 juventutis
965 370 1143 420 inventi,
1165 373 1194 394 5³
1210 369 1436 410 manifesta
1466 369 1585 420 fides,

152 429 327 484 publica
356 444 439 485 ope
471 430 645 471 Volscos
677 428 818 468 hostes
849 427 1033 481 adjutos.
1085 426 1394 468 Circeiensium
1417 440 1588 480 quoque
1957 431 1963 483 ᾖ

149 486 321 540 quidam
363 487 542 542 cogniti,
573 495 615 526 et
655 483 855 526 colonia
892 483 1091 525 Velitris:
1135 483 1405 537 Romamque
1440 497 1586 523 omnes

150 544 266 584 missi
291 543 666 599 percunctantibus
690 541 946 597 primoribus
980 540 1153 581 Patrum
1187 540 1349 589 eadem,
1370 554 1467 594 quae
1499 539 1588 579 dic-

150 603 292 650 tatori,
315 600 598 641 defectionem
623 599 686 639 sui
708 598 887 654 quisque
916 598 1078 653 populi,
1102 597 1214 638 haud
1248 596 1448 653 perplexe
1479 596 1588 636 indi-

148 670 312 698 cavere.

208 712 332 754 XIV.
365 712 564 754 Dictator
585 711 823 753 exercitum
845 711 889 751 in
910 710 1077 751 stativis
1099 711 1286 762 tenebat,
1308 709 1482 751 minime
1511 710 1590 751 du-

151 769 260 820 bius,
281 769 437 810 bellum
460 784 556 810 cum
581 770 646 809 his
670 768 838 824 populis
864 768 1012 808 Patres
1035 767 1257 822 jussuros3
1287 781 1417 821 quum
1451 767 1589 822 major

151 826 268 866 domi
290 836 440 867 exorta
461 826 594 867 moles
616 826 764 879 coiigit
793 825 923 866 adciti
957 824 1142 868 Romam
1173 839 1285 874 eum,
1307 823 1512 878 gliscente
1543 824 1587 863 in

148 883 237 923 dies
259 883 481 934 seditione,
502 898 628 937 quam
654 882 779 922 solito
802 882 938 937 magis
971 881 1239 922 metuendam
1274 890 1423 921 auctor
1458 881 1586 921 facie·
1600 877 1760 926 M³F²l³³¹¹²¹

150 939 237 980 bat.
259 954 343 981 uon
365 941 479 980 enim
505 940 598 995 jam
624 940 835 980 orationes
867 938 996 979 modo
1031 937 1127 978 M.¹¹
1161 937 1332 986 Manlii,
1354 937 1425 976 sed
1460 921 1720 989 facta‚⁵⁸d¹t¹⁰‘

146 996 370 1051 popularia
392 998 434 1037 in
457 998 658 1052 speciem,
682 996 942 1037 tumultuosa
961 994 1124 1044 eadem,
1147 1009 1231 1049 qua
1252 1003 1394 1035 mente
1423 993 1587 1044 fierent,

149 1053 397 1094 ⁵÷intuencla
417 1063 550 1094 erant.
613 1053 936 1103 Centurionem,
957 1052 1145 1093 nobilem
1169 1051 1423 1092 militaribus
1448 1051 1588 1101 factis,

149 1109 437 1163 ⁵⁵judicatum
463 1111 656 1164 pecuniae
680 1124 812 1163 quum
845 1109 942 1150 duci
976 1109 1164 1159 vidisset,
1186 1108 1327 1148 medio
1361 1108 1455 1148 foro
1490 1122 1590 1149 cum

145 1176 317 1206 caterva
347 1182 423 1207 sua
456 1167 659 1218 adcurrit,
680 1177 723 1206 et
755 1180 929 1207 manum
964 1165 1133 1220 injecit:
1169 1165 1504 1219 vociferatusque
1537 1165 1590 1205 de

148 1224 344 1278 superbia
383 1223 575 1267 Patrum,
609 1237 658 1263 ac
692 1224 939 1264 crudelitate
972 1222 1299 1271 foeneratorum,
1336 1232 1378 1261 et
1409 1221 1590 1262 miseriis

149 1279 300 1333 plebis,
324 1281 554 1320 virtutibus
577 1281 666 1333 ejus
693 1280 769 1320 viri
795 1280 1073 1333 fortunaqueg
1100 1277 1199 1319 Tum
1221 1293 1311 1319 vero
1335 1293 1417 1334 ego,
1436 1278 1590 1333 inquit,
1962 1328 1963 1331 Ἰ

145 1337 414 1392 nequidquam
451 1336 524 1377 leuc
563 1336 702 1377 dextra
740 1336 991 1391 sapimffz'mn
1024 1350 1233 1390 arcemque
1263 1335 1522 1385 servaverim,
1555 1335 1590 1375 εἰ
1955 1346 1958 1376 ἑ

146 1393 270 1432 civem
291 1393 674 1448 commilitonemque
692 1407 834 1443 meum,
856 1401 1058 1447 tamquam
1082 1391 1218 1432 Gallis
1248 1391 1465 1432 victoribus
1494 1406 1590 1445 cap-

147 1455 245 1498 tum,
266 1451 295 1472 ⁵⁶
309 1450 352 1489 in
373 1450 602 1491 servitutem
624 1465 669 1490 ac
691 1449 857 1491 vincula
882 1449 976 1489 (luci
1007 1448 1178 1489 videam.
1241 1448 1346 1489 Inde
1380 1463 1467 1488 rem
1501 1462 1592 1489 cre-

153 1505 306 1563 ditorp
324 1505 434 1547 alam
459 1507 619 1563 populo
636 1507 777 1557 solvit,
799 1509 830 1533 ⁵⁷
843 1506 1034 1561 libraque
1055 1515 1098 1546 et
1120 1520 1203 1547 aere
1221 1505 1445 1547 liberatum
1466 1505 1591 1546 emit-

677 1625 696 1641 n
717 1621 767 1652 M.
781 1619 842 1652 del.
857 1621 955 1651 Gron.
972 1621 1062 1650 Crev.

188 1725 228 1754 53
251 1721 432 1762 Blamfista
444 1721 544 1762 fides]
569 1722 667 1763 Quod
691 1722 845 1757 manifes-

141 1770 217 1795 tum
233 1771 470 1805 argumentum
487 1769 568 1797 erat.

187 1812 229 1840 54
253 1810 433 1848 Intuenda]
463 1809 552 1849 Lege
578 1819 655 1839 cum
681 1808 846 1838 Gronovio

142 1852 310 1883 intuenti:
343 1853 377 1883 id
400 1850 465 1890 est,
489 1854 516 1883 si
542 1853 614 1892 quis
642 1852 844 1890 intueretur,

141 1895 162 1913 ⁸
174 1905 240 1935 qua
254 1902 366 1926 mente
383 1897 513 1927 fierent.

186 1941 227 1969 55
250 1940 445 1970 dudit-atum
486 1939 643 1978 pecuniae]
693 1939 846 1969 Pecuniae

141 1982 291 2019 creditae‚
308 1992 368 2012 nec
391 1982 523 2020 solutae,
547 1984 680 2012 nomine
711 1983 850 2012 damna-

143 2030 230 2055 tum.
272 2025 436 2056 Judicatis
466 2031 579 2056 autem
608 2026 757 2065 pecuniae
787 2027 848 2055 tri-

144 2068 240 2107 ginta
255 2067 323 2098 dies
340 2069 516 2106 dabantur,
533 2069 765 2108 conquirendae
788 2079 845 2108 pe·

144 2112 251 2141 cuniae
266 2121 365 2142 causa
380 2122 478 2150 quam
494 2112 720 2142 dissolverent.
763 2112 845 2152 Qui-

144 2154 205 2184 bus
229 2154 360 2194 elapsis,
383 2156 446 2185 nisi
469 2156 698 2192 dissolverant,
715 2155 846 2185 addice-

144 2198 266 2227 bantur
281 2198 444 2228 creditori.
484 2199 558 2229 Vid.
575 2200 612 2228 A.
630 2199 714 2228 Gell.
731 2199 752 2228 l.
769 2198 844 2228 XX.

141 2251 172 2270 c.
195 2244 220 2271 l.
243 2240 354 2280 Quum
377 2242 480 2280 igitur
494 2241 547 2271 hic
564 2243 714 2272 centurio
730 2243 845 2272 statim

143 2283 220 2313 duci
251 2285 394 2322 dicatur,
417 2284 668 2323 intelligendum
695 2292 746 2314 cst
768 2295 846 2314 eum

144 2336 211 2357 non
236 2328 333 2357 modo
354 2327 558 2365 judicatum,
582 2328 639 2357 sed
662 2329 763 2358 etiam
790 2328 847 2358 ad-

142 2370 271 2400 dictum
288 2371 403 2401 fuisses
531 2377 535 2382 '

188 2415 228 2444 56
252 2415 294 2444 In
315 2416 502 2444 serm'cutem
532 2423 571 2444 ac
595 2415 724 2444 vincula
753 2414 841 2454 dum]

143 2457 304 2487 Addictus
332 2457 487 2487 creditori
517 2457 645 2486 debitor
675 2458 847 2496 sexaginta

142 2500 212 2530 dies
240 2501 422 2530 habebatur
445 2501 479 2530 in
505 2499 653 2530 vinculis.
699 2500 758 2537 Ac,
783 2501 846 2530 nisi

142 2543 271 2573 interea
284 2548 400 2584 pactus
416 2543 514 2580 foret,
531 2545 639 2582 capite
655 2553 767 2583 poenas
791 2545 847 2573 da-

142 2586 213 2623 bat,
231 2590 289 2616 aut
302 2590 394 2617 trans
410 2587 555 2617 Tiberini
572 2596 706 2626 peregre
723 2596 844 2616 venum

143 2630 225 2660 ibat.
270 2630 359 2669 Quin
389 2631 504 2665 etiam,
528 2631 554 2659 si
582 2630 690 2669 plures
721 2629 844 2666 forent,

143 2673 261 2711 quibus
287 2683 360 2703 reus
383 2673 533 2703 addictus
557 2679 655 2710 esset,
680 2682 802 2709 secare,
819 2673 845 2702 si

143 2715 278 2753 vellent,
306 2721 406 2755 atque
432 2718 546 2762 partiri
576 2725 693 2756 corpus
723 2716 845 2746 addicti

145 2758 206 2788 sibi
233 2758 374 2789 hominis
399 2760 616 2799 permittebat
641 2759 690 2788 lcx
720 2759 844 2789 duodo-

145 2801 210 2830 cini
236 2802 434 2832 tabularum.
479 2803 623 2832 Dissccti
647 2808 759 2832 tamen
784 2802 846 2832 hoc

145 2844 243 2875 modo
258 2844 399 2876 hominis
417 2846 545 2876 nullum
563 2845 751 2886 exemplum
777 2856 845 2876 iuc-

889 1726 1048 1754 moratur.
1095 1721 1177 1753 Haec
1192 1725 1306 1755 omnia
1320 1723 1421 1754 habet
1444 1723 1482 1754 A.
1505 1722 1592 1755 Gell.

889 1766 962 1796 loco
979 1775 1079 1806 supra
1095 1766 1207 1797 allato.

933 1813 973 1843 57
999 1810 1114 1840 Libra.
1126 1831 1134 1839 .
1149 1831 1157 1840 .
1169 1831 1176 1839 .
1189 1815 1219 1840 et
1235 1820 1298 1840 oere
1312 1811 1486 1841 liberatum
1502 1811 1594 1841 emic-

889 1852 943 1892 tit]
974 1853 1022 1882 Ex
1050 1853 1089 1882 iis
1115 1863 1189 1891 quae
1215 1863 1316 1893 supra
1345 1854 1594 1892 annotavimuS,

891 1901 985 1936 patet
1011 1905 1167 1934 magnam
1192 1897 1226 1926 in
1251 1907 1351 1926 nexos
1377 1896 1594 1927 creditoribus

890 1940 991 1969 fuisse
1017 1944 1231 1979 potestatem,
1256 1949 1316 1969 nec
1344 1939 1438 1969 herili
1463 1940 1596 1970 absimi-

890 1983 970 2013 lem.
1016 1983 1063 2013 Ut
1077 1983 1180 2021 igitur
1196 1983 1391 2013 liberaretur
1408 1983 1460 2012 ille
1477 1987 1595 2013 centu-

891 2028 939 2056 rio
956 2026 1297 2066 pecnniaejudicatus,
1311 2027 1595 2067 mancipationem

888 2069 1066 2108 quamdam
1098 2069 1168 2098 fieri
1197 2070 1382 2108 oportebat,
1405 2080 1470 2108 qua
1495 2080 1595 2101 suum

889 2114 924 2142 in
942 2112 1098 2142 debitoris
1114 2122 1231 2152 corpus
1247 2112 1432 2142 dominium
1450 2114 1595 2144 creditor

891 2156 924 2185 in
950 2155 1116 2185 Manlium
1140 2156 1346 2191 transferret,
1363 2158 1419 2195 qui
1443 2166 1521 2186 eum
1537 2156 1593 2186 de-

892 2199 968 2228 inde
1005 2200 1175 2236 emitteret,
1213 2200 1280 2230 sive
1324 2201 1591 2230 manumitteret.

890 2242 1027 2281 Optimo
1050 2245 1160 2272 autem
1185 2247 1219 2272 et
1242 2242 1432 2282 plenissimo
1442 2243 1520 2280 [jure
1536 2243 1594 2273 do-

890 2286 1032 2315 minium
1062 2286 1096 2315 in
1123 2286 1343 2325 accipientem
1373 2286 1592 2316 transfereba-

889 2334 958 2366 tur,
975 2339 1078 2368 quum
1098 2338 1157 2368 per
1179 2339 1222 2358 :rs
1246 2336 1279 2359 et
1304 2329 1419 2359 libram
1444 2329 1592 2359 venditio

890 2372 999 2409 fleret,
1016 2371 1078 2401 hoc
1102 2373 1260 2402 nimirum
1286 2373 1363 2402 ritu.
1390 2373 1531 2413 >Aderat
1554 2373 1593 2402 li-

889 2415 1034 2455 bripens,
1065 2416 1120 2453 qui
1153 2415 1268 2445 libram
1301 2416 1438 2445 tenebat
1470 2426 1590 2447 manu:

890 2459 1027 2488 aderant
1043 2459 1187 2497 quinque
1203 2464 1318 2496 testes,
1335 2460 1420 2489 cives
1438 2460 1592 2498 Romani,

890 2501 1040 2541 puberes.
1086 2502 1238 2541 Emptor,
1253 2509 1340 2532 teste
1357 2498 1441 2532 Boet.
1458 2503 1492 2532 in
1508 2503 1591 2543 Top.

892 2545 961 2575 Cic.
985 2554 1162 2575 mnmnum
1187 2555 1310 2574 aereuni
1325 2551 1456 2583 tenens,
1472 2547 1520 2576 ita
1543 2547 1592 2575 di-

889 2588 1004 2617 cebat:
1039 2588 1138 2617 Hunc
1165 2598 1225 2627 ego
1255 2588 1422 2618 hominem
1450 2599 1490 2619 ex
1513 2589 1591 2627 jure

889 2629 1070 2669 Quiritium
1089 2641 1201 2661 meum
1218 2641 1287 2661 esse
1311 2634 1374 2669 aio,
1392 2633 1483 2671 itque
1507 2633 1590 2662 mihi

890 2680 1021 2712 emptus
1049 2681 1099 2703 est
1128 2674 1188 2703 hoc
1220 2684 1284 2704 aere
1314 2685 1471 2714 aeneaque
1497 2676 1591 2705 libra.

893 2717 1018 2746 Deinde
1047 2727 1131 2746 aereo
1159 2727 1296 2758 nummo
1321 2719 1528 2758 percutiebat
1552 2718 1590 2747 li-

888 2760 992 2791 bram.
1023 2760 1163 2798 indeque
1202 2771 1245 2790 ms
1276 2762 1305 2791 ei
1337 2761 1448 2797 dabat,
1476 2771 1494 2790 a
1524 2771 1588 2799 quo

891 2804 1056 2842 mam-ipio
1073 2804 1268 2843 accipiebat,
1285 2806 1374 2843 quasi
1394 2805 1490 2843 pretii
1507 2804 1589 2833 loeo.

892 2846 971 2876 Haec
1003 2852 1115 2876 autem
1148 2848 1355 2878 consuetudo
1382 2848 1457 2877 indo
1487 2847 1588 2877 ducta
