1925 3239
356 149 437 191 470
906 145 1049 186 'HTl
1081 147 1252 186 LIVII

146 246 336 284 ‘tl-0422-
362 246 616 288 dictatorem
646 245 730 288 diei
766 245 965 302 placeret.
1028 246 1179 288 Dictus
1203 246 1271 287 M.
1306 245 1502 302 Papirius
1534 247 1725 300 Crassus,
1745 258 1790 290 et

147 294 189 368 {i
206 294 331 367 {3339
364 303 566 358 magister
586 304 777 358 equitum
804 303 852 344 P.
874 303 1063 345 Valerius
1089 303 1323 344 Publicola.
1356 319 1381 344 a
1409 304 1562 358 quibus
1588 308 1759 360 ¹0quum
1778 304 1793 326 ¹‘

148 347 353 415 ffic'tatgznm
364 359 551 400 delectus
574 359 791 410 intentius,
813 373 940 415 quam
969 360 1167 400 adversus
1197 360 1378 401 finitima
1403 360 1525 410 bella,
1548 360 1791 411 haberetur,

363 415 654 470 exploratores
690 416 806 457 missi
845 416 1100 466 adtulerunt,
1135 417 1279 471 quieta
1315 417 1459 457 omnia
1492 416 1604 471 apud
1641 417 1788 459 Gallos

364 486 471 513 esse.
529 472 746 517 Samnium
771 486 941 528 quoque
969 473 1061 528 jam
1094 473 1271 513 alterum
1305 487 1462 514 annum
1485 474 1644 514 turbari
1667 475 1788 515 novis

365 528 554 571 consiliis
595 540 839 584 suspectum
877 540 983 571 erat.
1027 543 1078 570 eo
1114 544 1167 570 ex
1207 544 1308 584 agro
1349 529 1538 570 Sidicino
1575 530 1790 571 exercitus

367 585 587 627 Romanus
629 600 714 626 non
756 594 821 626 est
860 585 1083 626 deductus.
1143 585 1340 626 Ceterum
1385 586 1596 627 Samnites
1634 586 1790 629 bellum

149 657 329 690 Alexander
365 641 597 684 Alexandri
621 640 837 697 Epirensis
869 642 912 682 in
946 642 1140 682 Lucanos
1162 643 1317 683 traxit:
1349 644 1420 697 qui
1444 643 1528 682 duo
1548 642 1692 698 populi
1717 643 1790 684 ad-

153 701 323 740 Epirensis.
367 713 509 740 versus
532 711 691 754 regem,
729 699 1091 739 ”exscensionem
1130 713 1155 739 a
1197 699 1339 740 Paesto
1381 699 1624 748 facientem,
1658 698 1792 755 signis

365 755 544 797 conlatis
566 764 878 810 pugnaverunt.
908 769 960 795 eo
981 755 1212 796 certamine
1240 756 1429 811 superior
1450 755 1708 806 Alexander,
1728 757 1794 797 in,

366 822 528 853 certum
553 826 637 866 qua
660 811 743 852 fide
764 811 968 863 culturus,
982 812 1015 852 si
1038 812 1211 867 perinde
1231 822 1372 853 cetera
1385 813 1700 867 processissent,
1719 827 1794 868 pa·

366 883 459 910 cem
482 882 579 910 cum
594 868 800 909 Romanis
815 868 930 909 fecit.
975 867 1139 909 Eodem
1157 883 1268 909 anno
1289 883 1439 910 census
1457 877 1592 919 actus,
1608 869 1794 923 novique

151 946 317 977 Novaetri-
366 925 481 966 cives
494 925 608 966 censi
628 941 638 966 z
672 928 701 949 ¹2
715 925 850 965 tribus
869 933 1043 980 propter
1064 939 1136 965 eos
1149 924 1305 966 additae
1329 927 1357 948 ¹³
1377 925 1534 966 Maecia
1551 934 1593 966 et
1616 927 1644 947 ¹⁴
1659 926 1792 980 Scap-

151 989 346 1025 bus‚Maecia
366 982 447 1024 tia:
479 995 674 1023 censores
696 981 950 1023 addiderunt
973 981 1030 1028 Q.
1046 981 1254 1022 Publilius
1275 981 1416 1032 Philo,
1435 982 1509 1037 Sp.
1530 982 1791 1025 Postumius.

150 1035 183 1061 ‘t
197 1032 331 1073 Scaptia.
367 1037 554 1082 Romani
590 1038 693 1080 facti
724 1037 945 1089 Acerrani,
965 1038 1060 1094 lege
1095 1039 1149 1079 ab
1184 1038 1231 1079 L.
1269 1038 1442 1094 Papirio
1479 1047 1662 1094 praetore
1691 1038 1793 1089 lata,

365 1110 452 1151 qua
471 1095 622 1137 civitas
643 1095 733 1136 sine
755 1095 959 1151 suffragio
977 1095 1092 1136 data.
1131 1095 1243 1137 Haec
1264 1108 1316 1137 eo
1337 1110 1449 1137 anno
1471 1096 1586 1136 domi
1605 1095 1793 1140 militiae,

367 1166 451 1208 que
472 1162 607 1207 gesta.

149 1223 340 1256 U.C.423.
424 1208 604 1251 XVIII.
635 1207 796 1249 Foedus
837 1208 1062 1264 insequens
1099 1222 1233 1249 annus
1275 1222 1348 1249 seu
1389 1207 1640 1264 intemperie
1674 1206 1794 1258 coeli,

150 1266 191 1297 A·
211 1267 246 1297 C.
265 1270 337 1318 32¹5?-
366 1279 440 1307 seu
473 1266 660 1306 humana
689 1264 838 1306 fraude
871 1265 968 1315 fuit,
992 1265 1057 1306 M.
1082 1265 1262 1306 Claudio
1295 1264 1516 1316 Marcello,
1539 1265 1591 1306 C.
1624 1263 1794 1304 Valerio

150 1310 355 1384 {chgfefflffi
367 1322 627 1365 consulibus.
670 1321 870 1365 Flaccum
897 1322 1173 1378 Potitumque
1194 1321 1306 1362 varie
1328 1323 1371 1362 in
1390 1322 1610 1363 annalibus
1630 1335 1793 1376 cogno-.-

151 1375 239 1432 (fi-ss.
366 1394 464 1420 men
485 1378 670 1420 consulis
693 1379 889 1420 invenio:
923 1389 1126 1428 ceterum,
1142 1379 1185 1418 in
1206 1393 1273 1429 e0,
1287 1379 1402 1433 parvi
1421 1378 1563 1429 refert,
1581 1377 1680 1433 quid
1704 1377 1793 1424 veri

367 1436 437 1477 sit.
468 1436 570 1477 illud
592 1435 808 1490 pervelim,
830 1439 927 1488 (nec
950 1449 1096 1476 omnes
1123 1444 1315 1476 auctores
1338 1437 1454 1483 sunt)
1474 1435 1691 1490 proditum
1715 1433 1794 1474 fals

366 1507 414 1535 so
444 1507 547 1543 esse,
581 1492 755 1533 venenis
786 1493 1020 1543 absumtos,
1045 1506 1224 1547 quornm
1256 1506 1368 1532 mors
1400 1491 1600 1533 infamem
1632 1504 1792 1535 annum

365 1549 611 1606 pestilentia
631 1548 793 1590 fecerit.
825 1550 936 1590 sicut
965 1549 1158 1604 proditur
1189 1558 1329 1590 tamen
1361 1562 1440 1599 τες,
1462 1563 1516 1589 ne
1544 1548 1612 1591 cui
1643 1557 1792 1588 aucto-.

152 1614 310 1652 veneficia
366 1621 460 1647 rum
492 1607 618 1647 fidem
651 1606 962 1660 abrogaverirn,
983 1606 1238 1661 exponenda
1268 1615 1346 1646 est.
1407 1606 1551 1652 Quum
1587 1603 1791 1661 primores

150 1661 308 1697 mmm&
365 1664 554 1705 civitatis
574 1665 603 1686 ¹⁵
623 1662 833 1703 similibus
853 1663 1028 1713 morbis,
1049 1663 1283 1716 eodemque
1305 1661 1436 1703 ferme
1457 1677 1603 1703 omnes
1623 1669 1795 1710 eventu,

151 1709 234 1731 xum.
364 1729 657 1771 morerentur;
700 1719 853 1761 ancilla
881 1719 1075 1773 quaedam
1111 1719 1163 1760 ad
1193 1720 1222 1743 ¹⁶
1238 1720 1294 1766 Q.
1328 1719 1508 1759 Fabium
1544 1717 1791 1759 Maximum

366 1777 533 1819 aedilem
569 1776 772 1827 curulem,
806 1776 1085 1817 indicaturam
1122 1790 1166 1816 se
1199 1790 1390 1817 caussam
1427 1775 1609 1831 publicae
1645 1774 1792 1829 pestis,

364 1833 556 1890 professa
589 1843 667 1883 est,
696 1833 730 1872 si
763 1833 817 1873 ab
849 1846 900 1873 eo
933 1831 1036 1873 fides
1069 1832 1147 1873 sibi
1180 1832 1280 1873 data
1311 1841 1434 1883 esset,
1458 1831 1568 1878 haud
1599 1824 1791 1872 futurum

363 1903 493 1932 noxae
515 1889 736 1931 indicium.
795 1889 952 1930 Fabius
980 1889 1206 1930 confestim
1230 1903 1316 1930 rem
1338 1889 1389 1929 ad
1411 1888 1620 1938 consules,
1637 1902 1795 1929 consu,

365 1945 425 1996 les
446 1947 498 1988 ad
528 1955 719 1987 senatum
749 1945 963 1987 referunt:
1009 1960 1303 2001 consensuque
1332 1945 1490 1986 ordinis
1525 1944 1628 1987 fides
1658 1943 1791 1992 indici

366 2003 480 2045 data.
537 2002 646 2044 Tum
680 2002 958 2058 patefactum,
981 2003 1174 2043 muliebri
1208 2002 1354 2043 fraude
1385 2002 1604 2043 civitatem
1642 2001 1793 2056 premi,

365 2070 666 2114 matronasque
686 2073 736 2100 ea
758 2073 919 2100 venena
943 2073 1150 2114 coquere3
1185 2069 1242 2108 et,
1264 2059 1298 2099 si
1332 2058 1449 2114 sequi
1484 2057 1701 2114 extemplo
1720 2056 1793 2098 ve'-.

365 2116 462 2167 lint,
493 2116 720 2157 manifesto
752 2116 1010 2172 deprehendi
1045 2130 1181 2172 posse.
1241 2116 1385 2156 secuti
1416 2115 1615 2166 indicem,
1645 2124 1688 2155 et
1718 2128 1793 2156 co-.

367 2182 544 2229 quentes
578 2173 781 2231 quasdam
813 2173 1138 2224 medicamenta,
1170 2180 1214 2214 et
1242 2172 1460 2221 recondita
1493 2172 1591 2224 alia,
1620 2171 1795 2213 invene·-

671 2244 674 2248 .
969 2259 984 2281 k
1007 2262 1079 2291 dum
1095 2263 1191 2294 Gron.

366 2336 534 2371 tumultus
563 2336 679 2375 ingens
710 2337 888 2377 magnique
916 2336 1055 2378 periculi
1101 2346 1171 2367 vem
1190 2340 1225 2366 et
1239 2337 1356 2375 viginti
1382 2337 1488 2368 tribus
1515 2336 1624 2368 factae.
1650 2335 1794 2373 Vid.su÷

369 2380 467 2411 niinae
483 2385 605 2410 exortae
620 2386 744 2409 essent.
1101 2389 1159 2420 pra
1174 2379 1247 2410 VII.
1272 2383 1318 2409 15.

418 2426 453 2452 10
476 2422 586 2462 ‚Quum
621 2422 775 2462 delectus]
822 2422 930 2461 Vulgo
967 2422 1056 2452 dum.
1150 2425 1185 2453 13
1211 2420 1345 2462 Moeeia]
1368 2422 1395 2453 Α
1412 2422 1528 2453 Castro
1549 2423 1679 2460 Maecio,
1703 2421 1791 2461 quod

369 2466 432 2497 Sed
449 2472 529 2496 vett.
547 2465 626 2495 editi
648 2471 682 2495 et
704 2466 818 2506 scripti
841 2475 939 2505 quani
958 2465 1059 2505 pluri·
1103 2475 1169 2502 non
1187 2466 1298 2505 procul
1316 2476 1335 2495 a
1352 2466 1497 2496 Lanuvio
1512 2465 1586 2495 fuit.

370 2510 415 2539 mi
434 2508 590 2539 exhibent
606 2519 689 2539 cum.
1147 2512 1183 2540 14
1208 2509 1356 2550 Scaptia]
1396 2509 1422 2539 A
1446 2509 1579 2550 Scaptia
1601 2508 1694 2546 urbe,
1717 2518 1792 2548 quae

418 2555 449 2581 11
477 2552 723 2587 Eneca-cionem
738 2562 759 2582 a
773 2551 891 2591 Paesto]
915 2551 1058 2582 Exscen·
1100 2552 1231 2583 videtur
1246 2552 1346 2582 fuisse
1364 2552 1449 2582 hand
1467 2551 1580 2591 procul
1599 2551 1694 2581 Pedo.

369 2596 494 2629 sionem
513 2596 544 2624 in
563 2596 743 2625 [Ait-..aniam
768 2596 808 2625 ab
831 2605 869 2625 ea
893 2601 984 2634 parte
1002 2596 1055 2625 ubi
1148 2599 1183 2625 15
1196 2595 1390 2626 *Simililms
1408 2596 1533 2633 morbis,
1543 2594 1708 2634 emlcmque
1713 2593 1792 2634 fer-

371 2637 515 2667 Paestum
533 2645 592 2668 est.
640 2639 691 2668 Sic
707 2645 739 2668 et
757 2639 854 2676 infra,
866 2638 987 2668 xxxl.
1005 2640 1058 2669 94.
1101 2649 1152 2669 me
1165 2648 1269 2668 omnes
1284 2639 1412 2679 eventu]
1437 2637 1566 2667 Similes
1589 2643 1683 2667 erant
1703 2647 1790 2667 mor-

370 2681 420 2711 Ab
439 2681 553 2719 Dipylo
569 2683 694 2719 accessit
706 2694 715 2710 :
740 2682 771 2711 id
787 2687 849 2718 est,
867 2682 1005 2711 accessit
1017 2681 1058 2710 ad
1101 2682 1146 2720 bi,
1163 2686 1197 2711 et
1219 2681 1306 2714 idem
1333 2682 1528 2721 plerumque
1552 2690 1668 2711 eorum
1691 2689 1791 2711 even-

367 2724 501 2759 urbem,
518 2723 665 2755 Athenas
687 2734 820 2764 nempe,
837 2725 877 2754 ab
896 2734 935 2754 ea
951 2730 1059 2763 parte,
1101 2731 1169 2762 tus,
1188 2734 1306 2763 nempe
1322 2733 1420 2754 mors.

371 2776 437 2805 qua
453 2773 547 2805 porta
561 2767 617 2797 illa
627 2773 690 2805 est,
706 2776 778 2806 quae
795 2767 982 2808 appellatur
995 2768 1055 2798 Di·
1147 2769 1184 2798 16
1196 2768 1239 2808 ,9.
1256 2768 1390 2799 Fabium
1402 2765 1606 2805 Maximum]
1619 2766 1685 2806 Qui
1698 2769 1787 2806 post-

372 2809 481 2850 pylon.
1102 2821 1141 2840 ea
1166 2810 1331 2842 Maximus
1353 2810 1538 2852 appellatus
1554 2817 1615 2842 est.
1638 2809 1712 2841 vid.
1726 2810 1789 2847 XX·

418 2854 456 2884 12
481 2852 596 2887 Tribus
612 2875 621 2885 .
633 2875 640 2885 .
656 2877 662 2885 .
678 2853 809 2894 addim]
826 2853 986 2895 Tuncque
1001 2863 1059 2884 no·
1101 2855 1156 2885 46.
