1991 3250
106 219 274 260 Lapidibus

106 265 189 302 pluit.
204 265 235 293 in
251 262 306 293 Al·

106 307 187 337 bano
200 315 288 338 mon-

106 354 151 381 te.v

103 1239 191 1269 Tulli
204 1249 286 1269 mor·

105 1284 163 1313 bus
173 1287 204 1313 et
215 1292 309 1315 mors,

104 2034 146 2063 ιτ,
161 2034 196 2062 e.
217 2026 285 2062 114.

104 2079 144 2109 Α.
161 2079 197 2107 C.
210 2080 285 2106 638.

103 2153 212 2185 ,Aucus
225 2151 309 2180 Mar-

105 2196 171 2223 cius
198 2204 251 2224 rex
278 2204 308 2224 e·

106 2238 217 2267 lectus.

317 105 371 140 44
868 101 1012 142 '1'1'1'1
1048 103 1222 141 LIVII

318 201 481 242 ciatum
519 202 611 257 regi
647 200 937 258 Patribusque
966 213 1045 256 est,
1079 205 1122 246 in
1157 212 1304 246 monte
1336 204 1508 247 Albano
1544 205 1757 263 lapidibus

319 258 492 314 pluisse.
554 260 685 307 Quod
706 274 840 315 quum
869 261 987 302 credi
1008 261 1082 302 vix
1106 272 1267 318 posset,
1289 263 1428 303 missis
1462 263 1516 305 ad
1547 265 1590 306 id
1620 265 1761 306 visen*

317 315 422 356 dum
456 316 720 373 prodigium,
754 316 798 357 in
831 328 1083 373 conspectu,
1105 322 1138 342 ³⁰
1159 320 1270 361 baud
1308 320 1431 360 aliter
1463 335 1591 374 quam
1625 336 1758 376 quum

317 373 572 428 grandinem
592 374 706 414 venti
726 374 1005 429 glomeratam
1029 375 1070 415 in
1092 385 1223 417 terras
1240 387 1390 432 agunt,
1410 378 1546 418 crebri
1566 379 1759 420 cecidere

317 430 433 471 coelo
454 430 632 485 lapides,
694 431 786 470 Visi
808 431 939 471 etiam
963 432 1109 473 audire
1145 447 1294 474 vocem
1318 434 1536 489 ingentem
1559 449 1613 476 ex
1644 451 1761 477 sum·

317 487 378 528 mi
415 487 653 528 cacuminis
686 486 799 538 luco,
832 497 880 528 ut
915 489 1055 543 patrio
1088 490 1172 531 ritu
1208 505 1328 532 sacra
1360 491 1517 532 Albani
1554 491 1758 542 facerent,

317 558 432 599 quae,
455 544 571 585 velut
593 543 690 585 Diis
712 558 884 599 quoque
907 545 1030 586 simul
1053 561 1149 587 cum
1185 548 1323 602 patria
1352 548 1526 598 relictis,
1548 548 1759 590 oblivioni

317 601 551 642 dederant:
590 610 634 641 et
663 611 739 642 aut
769 601 970 642 Romana
1002 617 1122 644 sacra
1151 615 1441 661 susceperant,
1462 616 1536 646 aut
1559 606 1760 656 sortunae,

319 668 368 700 ut
389 659 453 709 fit,
476 658 648 708 obirati,
670 657 835 699 cultum
858 658 1116 714 reliquerant
1138 660 1296 702 Deum.
1358 662 1566 703 Romanis
1590 677 1762 718 quoque

319 716 374 756 ab
397 715 548 756 eodem
582 714 782 771 prodigio
805 717 1075 757 novemdiale
1107 732 1274 759 sacrum
1309 719 1482 774 publice
1514 730 1762 776 susceptum

319 782 408 814 est:
455 786 529 812 seu
567 786 677 813 voce
708 771 877 813 coelesti
911 788 964 813 ex
998 773 1169 815 Albano
1206 787 1353 816 monte
1385 777 1530 827 missa,
1564 781 1681 829 (nam
1717 778 1760 818 id

318 843 491 884 quoque
514 829 715 880 traditur)
738 843 810 870 seu
844 831 1091 886 aruspicum
1123 833 1308 873 monitu.
1341 834 1500 874 mansit
1532 844 1648 876 certe
1676 834 1761 875 sol-

318 885 475 937 lemne,
510 895 573 937 ut,
595 886 854 942 quandoque
888 887 1001 928 idem
1037 889 1283 944 prodigium
1318 890 1610 941 nunciaretur,
1641 891 1760 934 ferite

318 958 395 999 per
418 958 575 985 novem
595 945 685 985 dies
708 953 952 1000 agerentur.
1012 945 1143 987 Haud
1167 948 1227 987 ita
1258 946 1395 988 inulto
1430 957 1525 1003 post
1559 948 1762 1003 pestilen-

319 1001 382 1042 tia
419 1001 662 1042 laboratum
688 1013 767 1042 est.
790 1003 903 1042 unde
935 1017 1068 1057 quum
1103 1004 1281 1059 pigritia
1314 1004 1528 1045 militandi
1562 1004 1763 1056 oriretur,

317 1057 436 1098 nulla
457 1066 599 1099 tamen
624 1060 679 1099 ab
701 1059 829 1100 armis
853 1059 973 1114 quies
995 1061 1178 1102 dabatur
1211 1062 1266 1101 ab
1299 1061 1505 1102 bellicoso
1535 1076 1664 1117 rege3
1698 1077 1764 1103 sa-

317 1115 508 1156 lubriora
547 1116 679 1157 etiam
729 1116 929 1157 credente
981 1117 1165 1168 militiae,
1203 1133 1332 1174 quam
1382 1119 1515 1169 domi,
1551 1118 1764 1174 juvenum

319 1187 502 1228 corpora
523 1187 642 1214 esse:
672 1172 811 1215 donec
834 1174 925 1229 ipse
948 1189 1120 1230 quoque
1154 1176 1392 1232 longinquo
1416 1176 1568 1217 morbo
1601 1185 1666 1216 est
1699 1176 1765 1217 in-

320 1230 510 1285 plicitus.
568 1230 692 1272 Tunc
713 1231 821 1272 adeo
843 1232 968 1272 fracti
992 1232 1120 1273 simul
1140 1247 1240 1274 cuin
1262 1248 1441 1288 corpore
1468 1243 1567 1273 sunt
1588 1234 1763 1288 spiritus

320 1287 381 1329 illi
415 1287 594 1337 feroces,
636 1297 696 1339 ut,
732 1288 806 1343 qui
839 1289 948 1330 nihil
981 1298 1080 1330 ante
1111 1300 1227 1331 ratus
1258 1299 1371 1331 esset
1403 1290 1544 1331 minus
1578 1291 1762 1347 regium,

318 1359 449 1400 quam
472 1346 601 1386 sacris
622 1345 776 1386 dedere
797 1346 1005 1396 animum,
1027 1357 1203 1402 repente
1232 1348 1434 1388 omnibus
1465 1348 1634 1402 magnis
1666 1363 1763 1404 par-
1785 1363 1788 1365 ’

317 1403 468 1457 visque
491 1402 868 1457 superstitionibus
890 1404 1108 1444 obnoxius
1126 1405 1316 1460 degeret,
1334 1404 1703 1461 religionibusque
1719 1419 1763 1447 e-

318 1460 423 1500 tiam
447 1459 656 1515 populum
679 1460 880 1516 inpleret.
901 1459 1031 1516 vulgo
1046 1461 1140 1516 jam
1165 1461 1361 1503 homines
1393 1476 1489 1502 eum
1517 1472 1676 1503 statum
1699 1477 1764 1503 re-

318 1531 429 1567 rum,
448 1518 521 1572 qui
545 1517 624 1557 sub
642 1516 788 1558 Numa
810 1531 909 1573 rege
929 1517 1084 1569 fuerat,
1103 1519 1382 1573 requirente3‚
1401 1521 1529 1561 unam
1553 1534 1680 1575 opem
1705 1534 1765 1560 ae-

319 1574 407 1629 gris
429 1575 682 1629 corporibus
704 1574 913 1626 relictam,
935 1575 967 1615 si
990 1590 1075 1630 pax
1098 1576 1308 1631 veniaque
1329 1578 1383 1617 ab
1408 1576 1503 1618 Diis
1535 1577 1766 1632 impetrata

318 1631 706 1682 esset,credebant.
735 1631 882 1688 Ipsum
906 1646 1050 1687 regem
1072 1633 1260 1683 tradunt,
1278 1633 1522 1675 volventem
1545 1648 1768 1676 commen-

319 1689 451 1729 tarios
476 1688 649 1739 Numae,
668 1704 801 1744 quum
824 1690 883 1730 ibi
907 1690 1106 1744 quaedam
1129 1690 1300 1731 occulta
1317 1690 1537 1732 sollemnia
1556 1691 1768 1733 sacrificia

319 1745 422 1787 ,Jovi
439 1745 576 1787 Elicio
592 1746 707 1787 facta
720 1746 965 1797 invenisset,
979 1749 1239 1802 ³¹operatum
1253 1748 1319 1789 his
1334 1749 1463 1790 saeris
1478 1763 1521 1789 se
1535 1748 1765 1791 abdidisse:

320 1803 393 1844 sed
417 1817 503 1844 non
523 1803 603 1843 rite
625 1803 779 1844 initum
801 1812 875 1844 aut
904 1812 1101 1845 curatum
1132 1805 1175 1846 id
1194 1820 1361 1846 sacrum
1380 1820 1496 1857 esse3
1527 1820 1607 1847 nec
1627 1805 1765 1846 solum

319 1860 479 1900 nullam
502 1861 540 1900 ei
564 1860 754 1901 oblatam
776 1861 1021 1902 coelestium
1054 1862 1256 1917 speciem,
1279 1863 1353 1904 sed
1375 1864 1438 1904 ira
1457 1862 1582 1905 Jovis
1606 1862 1766 1904 sollici-

322 1918 399 1958 tati
423 1932 549 1972 prava
566 1917 785 1973 religione,
800 1918 980 1960 fulmine
998 1919 1131 1960 ictum
1152 1934 1251 1961 cum
1264 1920 1394 1961 domo
1415 1922 1449 1944 ³2
1462 1921 1767 1975 conflagrasse.

319 1974 469 2016 Tullus
492 1989 650 2030 magna
673 1974 808 2031 gloria
831 1975 930 2016 belli
953 1977 1152 2033 regnavit
1173 1992 1307 2018 annos
1330 1978 1436 2018 duos
1458 1987 1501 2018 ct
1524 1977 1716 2033 triginta.

379 2031 598 2074 XXXII.
633 2031 815 2074 Mortuo
835 2031 979 2085 Tullo,
1000 2048 1084 2086 res,
1105 2043 1153 2075 ut
1174 2034 1421 2077 institutum
1446 2034 1541 2089 jam
1578 2035 1677 2075 inde
1708 2034 1763 2075 ab

322 2088 448 2130 initio
470 2098 575 2141 erat,
596 2089 649 2131 ad
685 2089 835 2131 Patres
867 2091 1083 2134 redierat:
1115 2092 1244 2147 hique
1277 2092 1535 2148 interregem
1566 2091 1771 2133 nomina·

323 2155 486 2187 verant.
504 2161 590 2202 quo
613 2147 791 2189 comitia
808 2147 1008 2200 habente,
1027 2147 1199 2191 Ancum
1219 2148 1438 2191 Marcium
1461 2163 1603 2204 regem
1624 2163 1764 2205 popu-
1804 2167 1808 2170 ·

322 2203 385 2245 lus
408 2205 593 2246 creavit:
628 2203 777 2246 Patres
811 2204 931 2246 fuere
961 2215 1175 2248 auctores.
1237 2207 1394 2248 Numae
1419 2206 1626 2261 Pompilii
1649 2207 1762 2262 regis

321 2275 471 2318 nepos,
504 2261 593 2302 filia
632 2272 768 2312 ortuS,
811 2261 960 2304 Ancus
1004 2263 1200 2306 Marcius
1244 2274 1348 2305 erat.
1380 2264 1470 2319 qui,
1502 2275 1552 2305 ut
1582 2277 1762 2319 regnare

319 2318 473 2376 coepit,
497 2327 542 2360 et
562 2319 689 2361 avitae
712 2319 863 2380 gloriae
886 2334 1067 2374 memor,
1088 2330 1132 2362 et
1152 2322 1254 2378 quia
1282 2323 1532 2378 proximum
1564 2335 1764 2377 reguum,

363 2435 548 2467 30²*Haucl
560 2436 658 2465 aliter
672 2438 774 2474 fitam
796 2445 896 2474 quum
916 2445 1023 2474 gran·
1066 2434 1158 2466 Anco
1185 2435 1312 2466 Marcio
1337 2436 1517 2466 successori
1541 2436 1612 2475 ejus
1640 2436 1766 2466 adseri-

319 2478 442 2518 dinem]
477 2479 519 2510 Et
545 2489 621 2508 vero
652 2478 723 2508 lucc
749 2479 821 2518 ipsa
845 2488 895 2508 res
923 2483 1018 2509 erat:
1065 2480 1169 2510 bunt:
1195 2481 1251 2519 qui
1268 2485 1403 2520 captato
1425 2484 1590 2520 tempore,
1606 2490 1670 2519 quo
1693 2484 1776 2510 tur-.

321 2533 384 2553 nee
402 2522 526 2562 lapides
543 2523 589 2552 illi
607 2522 788 2561 quidquam
802 2521 904 2558 aliud,
918 2532 1019 2560 quam
1065 2523 1140 2553 bida
1155 2534 1192 2553 ae
1207 2523 1390 2563 procellosa
1410 2527 1591 2563 tempestas
1612 2523 1767 2554 solitudi-

321 2566 448 2604 grando
465 2567 497 2595 in
527 2566 662 2596 niodum
688 2571 723 2596 et
749 2566 1018 2605 magnitudinem
1064 2576 1141 2597 neni
1159 2569 1248 2597 eirea
1266 2568 1392 2604 regiam
1416 2567 1555 2604 fecerat,
1572 2577 1648 2597 vum
1665 2567 1766 2607 globo

322 2609 470 2649 lapidum
487 2609 641 2639 formata.
1065 2612 1250 2641 aulicorum
1289 2611 1458 2650 irruperit,
1489 2611 1764 2650 obtruncatisque

366 2653 434 2682 31*
448 2652 644 2692 oper-rreum]
670 2652 847 2684 Sacrorum
869 2653 1020 2684 verbum.
1066 2664 1142 2691 rege
1166 2665 1204 2684 ae
1224 2655 1365 2693 conjuge
1391 2654 1532 2692 filiisque
1548 2654 1631 2693 ejus,
1647 2655 1762 2693 ignem

321 2695 494 2734 Virgilius,
507 2696 626 2736 Georg.
644 2696 667 2726 1.
685 2700 759 2731 3:39.
777 2699 855 2728 (tetis
865 2701 1018 2738 operatus
1062 2697 1283 2738 aliquotrlocis
1300 2697 1426 2728 nulibus
1447 2698 1640 2735 subjecerit,
1653 2708 1691 2728 ae
1707 2697 1764 2729 de-

319 2742 356 2770 in
373 2740 488 2770 herbis.
1062 2742 1139 2772 inde
1168 2742 1202 2771 in
1226 2741 1344 2780 vulgus
1366 2751 1535 2773 rumorem
1558 2740 1598 2772 de
1621 2741 1763 2772 fulmine

367 2785 408 2814 32
435 2781 670 2824 αυῃῖηρταςεσ]
702 2783 853 2822 Plerique
882 2786 1022 2823 scripto-
1064 2785 1233 2826 sparserit.

324 2836 389 2866 τες,
410 2829 496 2858 teste
519 2827 621 2858 Dion.
639 2827 660 2859 1.
680 2828 738 2858 111.
761 2827 853 2858 'I'ulli
877 2834 1020 2859 mortem
