1914 3239
605 141 729 180 LIB
756 137 1060 178 1.cAP.111
1168 152 1172 155 ·
1530 146 1559 183 9

108 253 225 282 mare
257 239 389 281 etiam
413 254 488 296 per
515 247 650 282 totam
676 237 816 281 Italiae
839 238 1174 295 longitudinem,
1209 238 1265 279 ab
1295 237 1481 295 Alpibus
1504 240 1558 282 ad

110 297 268 338 fretum
293 297 501 347 Siculum,
524 296 640 337 fama
672 296 860 337 nominis
885 296 949 336 sui
993 295 1213 350 inplesset,
1233 304 1393 347 tamen,
1425 311 1559 350 quum

108 359 123 381 ⁹
140 353 361 395 moenibus
382 354 539 396 bellum
564 352 814 408 piwopulsaie
830 361 988 407 posset,
1004 366 1045 392 m
1071 351 1209 392 aciem
1228 352 1376 408 copias
1391 352 1559 395 eduxit.

112 410 144 433 ¹⁰
164 410 410 451 Secundum
447 410 545 449 inde
577 409 780 464 pioelium
814 409 996 458 Latinis,
1019 408 1172 449 AEneae
1199 409 1330 449 etiam
1359 409 1559 450 ultimum
1574 418 1683 446 ‘Eneae

113 480 294 521 opetum
338 465 583 507 mortalium
620 464 719 505 fuit.
764 465 915 505 1¹situs
949 474 1028 514 est,
1065 466 1095 487 ¹²
1109 478 1426 520 quemcumque
1462 468 1667 507 eumm‘ff‘·

110 522 284 577 dicijiis
310 522 458 576 fasque
477 532 556 571 est,
576 524 603 544 ¹³
621 514 748 577 super
769 520 1024 562 Numicium
1057 522 1424 563 flu111en.J0ve1n
1455 523 1562 563 1⁴in-

111 578 304 634 digetem
328 578 560 633 adpellant.

169 635 257 676 ΙΙΙ.
291 633 499 675 Nondum
542 642 736 674 maturus
775 633 959 688 imperio
1003 632 1217 674 Ascanius
1254 633 1407 675 AEneae
1452 634 1564 676 filius

111 702 226 733 erat:
261 700 402 731 tamen
429 691 470 731 id
503 690 733 746 imperium
757 690 796 730 ei
819 690 870 730 ad
897 691 1103 744 puberem
1139 699 1313 731 aetatem
1349 691 1566 732 incolume

113 747 284 789 mansit.
321 750 350 770 ¹⁵
364 742 578 802 tantisper
597 746 734 787 tutela
753 747 950 786 muliebri
969 752 1111 799 (tanta
1129 747 1324 788 indoles
1316 762 1358 788 111
1385 747 1568 789 Lavinia

113 806 305 853 erat)1es
328 803 482 843 Latina
495 813 537 844 et
561 817 741 858 regnum
759 804 925 844 axitum
944 813 1259 858 pateinumque
1283 818 1415 860 puero
1431 805 1566 846 stetit.

113 861 143 883 ¹⁶
158 860 290 901 Haud
312 860 421 900 nibil
455 860 691 914 ambigam,
712 861 828 913 (quis
860 860 975 900 enim
998 874 1086 900 iem
1117 870 1205 900 tam
1231 871 1418 903 veterem
1444 864 1472 887 ¹⁷
1490 875 1567 916 pio

114 926 233 957 certo
269 916 516 964 (1(111111161Ρ)
548 891 719 956 hiccitie
750 915 880 956 fuerit
908 916 1137 966 Ascanius,
1162 931 1216 957 an
1249 917 1405 972 major,
1439 932 1569 971 quam

113 973 200 1024 hic,
225 973 390 1014 Creiisa
412 982 549 1014 matre
588 972 666 1013 [lio
694 973 900 1013 incolumi
938 982 1078 1022 1131113,
1101 987 1334 1027 comesque
1371 975 1470 1014 inde
1495 989 1568 1029 pa-

113 1039 247 1070 ternae
271 1029 404 1084 fugae,
427 1044 557 1084 quem
578 1029 728 1070 Julum
752 1029 953 1075 eumdem
974 1029 1062 1071 Jul
1055 1044 1095 1069 ia
1113 1044 1220 1085 gens
1243 1040 1467 1071 auctorem
1491 1045 1570 1071 no-

111 1086 241 1127 minis
265 1085 328 1126 sui
365 1095 605 1141 nuncupat.
667 1085 710 1126 Is
745 1085 974 1134 Ascanius,
1003 1086 1268 1140 ubicumque
1291 1097 1335 1126 et
1361 1102 1569 1142 quaeum-

112 1156 196 1196 que
220 1153 354 1183 matre
377 1144 565 1197 genitus,
587 1147 723 1195 (certe
755 1151 907 1183 natum
942 1142 1083 1183 AEnea
1104 1146 1295 1193 constat)
1319 1144 1571 1184 abundante

115 1199 285 1239 Lavinii
320 1199 614 1250 multitudine,
640 1199 867 1239 florentem
884 1199 978 1253 jam
1015 1204 1083 1251 (ut
1107 1209 1197 1240 tum
1233 1214 1298 1239 res
1328 1202 1470 1251 erant)
1506 1211 1571 1240 at-

113 1270 196 1310 que
223 1255 474 1311 opulentam
498 1256 648 1295 urbem
673 1255 815 1305 matri,
839 1270 912 1295 seu
936 1270 1152 1307 novercae,
1174 1256 1346 1311 reliquit
1369 1273 1377 1298 :
1412 1272 1570 1297 novam

112 1313 241 1368 ipse
228 1313 352 1352 aliam
392 1315 420 1335 ¹³
437 1313 516 1352 sub
552 1312 725 1353 Albano
755 1322 904 1352 monte
934 1313 1155 1364 condidit3
1197 1327 1310 1367 quae,
1353 1316 1381 1339 ¹⁹
1397 1315 1451 1353 ab
1485 1314 1570 1354 situ

113 1378 326 1432 poi-rectae
352 1368 392 1409 in
418 1368 546 1409 doiso
568 1369 702 1419 uthis,
728 1369 880 1423 Longa
909 1369 1022 1409 Alba
1044 1369 1273 1425 adpellata.
1337 1369 1784 1423 Inte1·La-2A1ba10nga

113 1425 279 1466 vinium
316 1434 358 1465 et
403 1425 561 1466 Albam
607 1402 1071 1480 L0n‹ra1n⁵colonia1n
1115 1427 1347 1467 deductam
1389 1426 1740 1483 trigintaconditur.

114 1481 248 1522 ferme
271 1480 504 1522 interfuere
534 1482 662 1523 anni:
697 1491 867 1523 tantum
891 1492 1035 1524 tamen
1072 1497 1175 1538 opes
1204 1493 1444 1534 ρι’·εῑνθιειηῐ,
1479 1499 1571 1525 1111-

114 1537 233 1579 xime
252 1537 358 1578 fusis
379 1538 587 1589 Etruscis,
608 1548 655 1578 ut
678 1553 730 1579 ne
754 1548 892 1579 morte
915 1539 1087 1593 quidem
1113 1539 1281 1589 ῘΕΠεεῡ,
1302 1554 1380 1581 nec
1399 1541 1571 1592 deinde,

113 1594 228 1635 inter
262 1595 513 1635 muliebrem
544 1595 723 1636 tutelun
759 1596 1140 1650 inclimentumque
1177 1597 1362 1651 primum
1396 1598 1570 1652 puerilis

113 1652 252 1708 regni,
277 1665 449 1693 mov·e1e
471 1665 590 1692 arma
619 1662 692 1692 aut
728 1651 977 1693 Mezentius
1001 1651 1275 1708 Etruscique,
1299 1663 1373 1694 aut
1400 1654 1472 1694 ulli
1498 1655 1570 1695 alii

157 1761 176 1791 9
201 1756 361 1787 llIoem'bus
376 1759 574 1798 propulsare
598 1757 733 1796 bellum]
763 1757 820 1787 In-

116 1799 227 1830 clusus
267 1801 358 1831 intra
389 1811 501 1831 muros
541 1802 736 1841 propulsare
760 1801 820 1831 ho-

114 1848 215 1873 stem.

164 1889 201 1916 lo
216 1886 421 1926 Secundum]
460 1887 618 1926 Intellige
643 1888 822 1918 secundnm

116 1929 246 1968 ordine,
263 1931 317 1960 cui
336 1941 411 1961 mox
428 1931 612 1970 opponitur
627 1937 727 1961 ettam-
744 1933 821 1961 ulci-

117 1982 221 2003 mum.
266 1974 416 2004 Primum
446 1975 599 2014 praelium
632 1974 822 2013 Aborigini-

108 2016 179 2045 ‘bus
196 2016 297 2046 simul
309 2016 529 2057 Trojanisque
541 2017 652 2047 fuerat
664 2017 821 2048 adversus

118 2058 287 2090 Turnum.

167 2106 199 2132 11
236 2103 326 2133 Silus
355 2102 415 2142 est]
457 2103 633 2140 Conditus,
656 2103 821 2144 sepultus.

119 2145 381 2176 'Monumentum
414 2147 476 2186 ipsi
512 2157 530 2176 a
554 2148 683 2177 Latinis
707 2153 823 2177 extru-

110 2194 214 2218 ctum
238 2189 384 2228 Augusti
413 2199 483 2219 aevo
507 2190 615 2220 adhuc
640 2191 822 2228 visebatur,

120 2236 208 2261 teste
225 2232 386 2272 Dionysio
403 2232 479 2262 Hal.
497 2233 518 2263 l.
540 2237 565 2263 1.
595 2260 614 2265 -

171 2277 206 2305 12
218 2275 490 2315 *Quemcunquej
517 2276 728 2315 Quocunque
742 2287 820 2306 eum

122 2319 258 2348 nomine
285 2319 445 2358 appellari
472 2319 622 2349 humana
645 2320 821 2359 divinaque

113 2362 193 2401 jura
222 2361 352 2392 volunt.
399 2361 526 2392 Relatis
556 2363 646 2392 enim
679 2364 713 2393 in
745 2363 823 2393 deo-

121 2414 196 2434 rum
226 2414 406 2435 numerum
435 2414 556 2435 novum
585 2415 709 2435 nomeu
733 2407 823 2446 apud

120 2447 270 2478 coelestes
295 2448 551 2487 imponebatur:
587 2454 627 2478 ut
655 2449 820 2479 Romulus

119 2490 229 2521 dictus
247 2498 299 2520 ert
314 2491 491 2531 Oairinus,
506 2491 696 2521 Melicertes
712 2493 819 2522 Falce-

109 2540 205 2564 'mom
249 2535 300 2564 De
318 2533 521 2575 vocibusjzcs
538 2534 651 2574 ethts,
669 2535 731 2565 vid.
748 2541 819 2566 not.

123 2577 163 2607 ad
180 2587 208 2607 e.
223 2579 276 2608 32.
293 2577 390 2608 infra.

170 2623 206 2650 13
233 2620 357 2660 Super]
389 2620 504 2651 Juxta.
540 2620 648 2660 Super
681 2621 819 2651 Numici

121 2665 244 2702 ripam,
262 2669 300 2694 ut
325 2664 442 2695 scribit
463 2665 590 2694 Auctor
607 2664 664 2694 lib.
687 2664 727 2694 de
746 2666 820 2695 Ori-

124 2708 201 2746 gine
217 2707 326 2746 gentis
343 2707 515 2737 Romanae.

170 2753 208 2781 14
234 2749 434 2788 Indigetem]
457 2750 515 2780 Dii
536 2749 703 2789 indigetes
724 2755 822 2780 erant

122 2792 159 2828 ii',
176 2802 258 2831 quos
282 2794 403 2823 merita.
416 2794 451 2823 in
468 2793 589 2823 eoetum
606 2798 820 2831 vocaverant,

121 2836 215 2874 quasi
242 2837 329 2876 inde,
347 2838 368 2868 i.
386 2846 415 2868 e.
433 2844 450 2868 e
464 2840 554 2868 terra
566 2838 683 2878 geniti.
732 2837 821 2869 Hinc

863 1758 1020 1794 AEneam,
1038 1768 1138 1797 quem
1156 1758 1211 1788 hic
1233 1758 1346 1789 Livius
1363 1764 1461 1790 vocat
1482 1760 1574 1791 Indi-

861 1806 984 1840 getem,
1003 1802 1141 1841 Dionys.
1161 1801 1438 1833 lfflaxicarnasseus
1456 1804 1572 1834 Graeee

863 1843 981 1883 χθόνιον
996 1844 1071 1880 θεὸν,
1093 1846 1115 1875 i.
1144 1855 1173 1875 e.
1190 1849 1363 1876 terrenum
1389 1846 1490 1877 deum
1514 1857 1572 1887 ap-

865 1887 982 1927 pellat.

914 1933 950 1960 15
965 1933 983 1951 ²⁴*
1000 1930 1188 1971 Tamtlsper]
1221 1931 1356 1963 Interea
1373 1932 1452 1963 dum
1468 1933 1571 1963 Asea-

866 1975 942 2004 nius
963 1973 1134 2005 adolescit.

914 2017 951 2047 lb
983 2017 1092 2047 Haud
1112 2019 1198 2048 m'hil
1220 2017 1403 2057 ambigam]
1440 2019 1571 2050 Dubito

864 2065 981 2090 utrum
998 2061 1174 2097 Ascanius,
1192 2063 1248 2100 qui
1273 2068 1347 2101 post
1363 2063 1504 2093 AEneam
1520 2073 1572 2092 re-

867 2105 994 2142 ςηωίῖ,
1025 2104 1128 2134 fuerit
1160 2105 1227 2142 hic,
1259 2106 1281 2134 i.
1306 2115 1336 2135 e.
1360 2115 1443 2144 puer
1466 2106 1506 2143 is,
1529 2106 1569 2136 de

867 2156 932 2185 quo
956 2146 1053 2177 hacn
1058 2157 1133 2185 nus,
1150 2157 1251 2187 quem
1278 2148 1421 2178 diximus
1448 2154 1568 2180 natum

867 2200 907 2219 ex
941 2190 1101 2220 Lavinia·
1093 2202 1102 2227 ;
1141 2200 1185 2221 an
1214 2191 1300 2221 alter
1331 2193 1437 2232 major
1474 2197 1571 2223 celate

868 2243 968 2272 quam
988 2233 1055 2270 hie,
1075 2234 1201 2264 Creusa
1216 2240 1324 2264 matre
1336 2258 1343 2264 .
1358 2258 1365 2264 .
1379 2258 1386 2265 .
1402 2239 1514 2265 natus.

915 2277 1052 2311 17*Pro
1067 2276 1166 2316 certo]
1202 2278 1255 2307 Sic
1282 2278 1370 2307 infra
1397 2278 1419 2308 l.
1439 2279 1496 2309 lv.
1515 2281 1568 2309 55.

865 2320 927 2349 illa
936 2329 999 2359 pro
1014 2324 1101 2350 certo
1113 2321 1272 2351 habenda.
1289 2326 1314 2359 †
1326 2321 1424 2351 Malit
1440 2321 1570 2351 Grono-

866 2364 938 2392 vius
949 2372 1012 2402 pro
1027 2367 1115 2393 certa
1128 2377 1139 2395 ,·
1165 2365 1195 2393 ei
1219 2365 1402 2394 assentitur
1424 2374 1510 2395 unus
1528 2376 1568 2396 ex

867 2406 1007 2436 Hearnii
1024 2407 1205 2437 codicibus.

914 2452 949 2480 18
977 2449 1067 2480 Sub
1070 2450 1181 2479 libano
1193 2448 1313 2487 monte]
1335 2449 1375 2479 In
1385 2460 1424 2480 eo
1436 2455 1567 2488 monte,

865 2492 919 2529 qui
939 2496 1055 2531 postea
1069 2494 1220 2523 Albanus·
1244 2493 1285 2522 de
1313 2495 1449 2523 nomine
1477 2495 1568 2534 urbis

863 2535 971 2566 dictus
987 2543 1051 2566 est.

910 2581 947 2612 19
972 2579 1020 2609 Ab
1035 2577 1117 2617 sicu]
1144 2579 1194 2608 Ab
1211 2579 1279 2608 situ
1295 2579 1386 2608 urbis
1403 2585 1565 2618 porreetae

862 2621 898 2651 in
915 2621 1053 2660 longum
1070 2631 1170 2662 super
1185 2621 1271 2652 clivo
1291 2623 1429 2662 montis,
1447 2624 1544 2662 long
1524 2634 1567 2653 rra

863 2665 1103 2702 cognominata
1118 2670 1180 2695 est.
1209 2666 1300 2695 Albae
1315 2674 1438 2695 nomen
1454 2667 1494 2696 ab
1512 2677 1567 2695 eo-

864 2706 932 2736 lore
950 2707 1018 2737 suis
1045 2717 1122 2737 cum
1148 2709 1290 2747 triginta
1313 2708 1392 2738 olim
1410 2710 1566 2748 porcellis

865 2750 905 2779 ab
921 2747 1029 2780 AEnea
1055 2757 1196 2790 repertae
1212 2751 1395 2781 deductum
1423 2761 1492 2781 esse
1512 2762 1567 2780 νου

865 2792 924 2822 lun
927 2793 1041 2832 tvirg.
1055 2794 1130 2824 AEn.
1138 2793 1232 2824 VIII.
1246 2801 1279 2824 et
1291 2794 1419 2824 Auctor
1435 2794 1509 2826 libri
1527 2795 1566 2825 de

865 2836 1002 2875 Origine
1019 2837 1128 2876 gentis
1145 2837 1316 2869 Romame.
