1991 3250
207 237 249 268 U.
269 234 306 267 C.
325 238 398 271 296.

205 280 243 309 Α,
263 279 299 309 C.
316 281 390 312 456.

207 323 366 352 Minucius

205 365 284 394 male
316 375 364 395 em

414 130 489 166 130
942 128 1084 170 ΤΙΤῙ
1122 130 1298 172 LIVII

419 241 472 283 pe
502 227 650 271 intacti
681 229 792 272 bello
823 232 926 273 fines
950 232 1135 274 Romani
1159 234 1414 274 viderentur.
1474 231 1674 274 Minucio
1697 244 1835 289 neque

420 284 593 327 fortuna
616 301 692 327 nec
715 288 776 328 vis
798 289 927 329 animi
951 290 1094 330 eadem
1119 292 1160 330 in
1185 290 1368 345 gerendo
1405 290 1579 344 negotio
1600 289 1696 330 fuit.
1719 306 1835 340 nam,

419 355 549 396 quum
574 343 683 384 haud
706 346 850 399 procul
881 346 935 385 ab
967 345 1088 386 hoste
1109 357 1245 386 castra
1269 347 1490 401 posuisset,
1512 344 1627 386 nulla
1657 360 1834 402 magno<

206 409 287 445 gerit
300 409 408 440 adver.
420 412 516 453 pere
538 399 657 439 clade
687 411 877 456 accepta,
899 402 1047 441 castris
1078 417 1120 441 se
1152 404 1328 457 pavidus
1360 403 1545 442 tenebat.
1607 402 1733 448 Quod
1757 402 1831 444 ubi

205 458 258 481 sus
273 452 401 493 AEquos.

211 1257 247 1286 L.
264 1256 383 1288 Qninc·

211 1300 275 1328 tius
289 1300 386 1329 dicta·

209 1345 272 1373 tor.

213 1487 263 1518 Ex
276 1497 368 1527 opere

213 1531 328 1561 rustico
342 1542 394 1563 su-

214 1575 321 1606 mitur.

420 461 659 495 senserant5
680 456 838 506 hostes,
859 457 992 497 crevit
1013 472 1066 498 ex
1090 469 1204 498 metu
1227 459 1379 507 aliem,
1402 469 1448 497 ut
1472 458 1532 507 fit,
1552 458 1752 499 andacia:
1774 469 1837 508 et,

419 522 545 552 nocte
563 512 698 552 adorti
723 523 874 562 castra,
897 524 1119 568 postquam
1145 529 1290 568 parum
1313 516 1376 554 vis
1407 524 1550 570 aperta
1580 513 1834 568 profecerat,

417 568 677 608 munitiones
708 578 878 622 postero
909 569 975 609 die
1004 571 1282 612 circumdant.
1314 581 1408 625 quae
1433 572 1689 626 priusquam,
1712 570 1836 610 undi-

417 637 500 678 que
534 624 640 664 vallo
671 625 859 679 objecto,
880 625 1124 666 clauderent
1145 628 1298 677 exitus,
1321 628 1506 682 quinque
1527 627 1704 680 equites,
1727 627 1837 668 iuter

418 680 622 720 stationes
646 680 830 721 hostium
853 683 1010 730 emissi,
1036 681 1215 723 Romam
1240 683 1459 739 pertulere,
1479 683 1693 724 consulem
1716 697 1837 724 exer-

418 736 635 791 citumque
668 737 867 777 obsideri.
929 738 1048 779 Nihil
1082 752 1160 780 nee
1192 749 1276 780 tam
1312 741 1591 794 inopinatum,
1614 754 1692 781 nec
1727 742 1840 779 tam‘

417 791 676 847 insperatum
698 794 890 834 accidere
912 795 1068 849 potuit..
1119 794 1268 850 Itaque
1290 805 1429 836 tantus
1453 811 1594 851 pavor,
1616 806 1734 836 tanta
1755 805 1838 836 tre·

418 847 585 903 pidatio
620 849 714 900 fuit,
746 858 919 905 quanta,
955 851 986 890 si
1021 852 1184 901 urbem,
1207 866 1292 892 non
1323 863 1474 903 castra,
1496 852 1637 893 hostes
1670 852 1839 893 obside·

418 914 527 945 rent.
589 905 795 946 Nautium
831 907 1047 948 consulem
1081 916 1310 948 arcessunt.
1345 908 1387 948 in
1421 923 1506 963 quo
1535 923 1664 963 quum
1689 921 1838 964 parum

419 961 605 1015 praesidii
641 962 867 1014 videretur,
901 964 1239 1020 dictatoremque
1282 964 1367 1005 dici
1404 965 1603 1018 placeret,
1636 967 1707 1020 qui
1753 979 1840 1005 rem

421 1018 656 1073 perculsam
689 1020 947 1070 restitueret,
977 1020 1024 1061 L.
1058 1022 1289 1067 Quinctius
1319 1020 1596 1062 Cincinnatus
1633 1035 1839 1063 consensu

420 1075 612 1116 omnium
646 1076 816 1117 dicitur.
861 1077 1058 1132 ¹²²Operae
1092 1078 1275 1133 pretium
1309 1087 1371 1118 est
1403 1077 1560 1128 audire,
1591 1079 1663 1132 qui
1697 1079 1840 1119 omnia

422 1144 510 1185 prae
533 1132 691 1172 divitiis
715 1132 899 1175 humana
919 1143 1138 1189 spernunt,
1160 1148 1297 1189 neque
1318 1133 1469 1174 honori
1506 1148 1662 1189 magno
1684 1135 1842 1184 locum,

421 1200 561 1243 neque
576 1189 723 1229 virtuti
744 1199 897 1244 putant
915 1205 1018 1240 esse,
1043 1190 1119 1231 nisi
1142 1192 1211 1231 ubi
1232 1191 1364 1231 effuse
1382 1190 1570 1231 adfluant
1587 1205 1702 1246 opes.
1735 1192 1842 1245 Spes

423 1245 550 1285 unica
573 1245 737 1300 imperii
764 1246 908 1302 populi
934 1247 1115 1288 Romani
1150 1248 1197 1288 L.
1231 1247 1460 1294 Quinctius
1494 1256 1605 1287 trans
1636 1247 1855 1297 Tiberimf

424 1311 573 1342 contra
601 1316 697 1342 eum
729 1303 869 1358 ipsum
900 1303 1055 1354 locum,
1077 1304 1150 1345 ubi
1182 1317 1294 1344 nunc
1325 1303 1488 1344 navalia
1519 1311 1631 1353 sunt,
1662 1313 1842 1358 quatuor

419 1358 621 1413 jugerum
645 1358 812 1400 colebat
833 1374 997 1415 agrum,
1019 1375 1112 1414 quae
1138 1371 1255 1416 prata
1277 1360 1483 1406 Quinctia
1505 1371 1724 1401 vocantur.
1775 1360 1842 1401 lbi

425 1415 479 1455 ab
501 1414 668 1471 legatis,
686 1429 757 1456 seu
780 1416 937 1457 fossam
957 1416 1122 1457 fodiens
1145 1423 1172 1444 ¹³
1191 1416 1294 1472 palae
1314 1416 1489 1466 innisus,
1507 1430 1576 1456 seu
1601 1431 1730 1471 quum
1753 1431 1843 1457 ara·

426 1481 512 1523 ret3
545 1473 660 1527 operi
694 1482 820 1522 certe,
850 1473 889 1513 id
920 1473 1031 1527 quod
1064 1481 1245 1524 constat,
1278 1473 1431 1527 agresti
1466 1473 1677 1524 intentus;
1709 1473 1851 1514 salute

427 1528 528 1568 data
550 1529 591 1569 in
614 1529 749 1569 vicem
777 1529 1038 1585 redditaque,
1060 1540 1247 1585 rogatus,
1270 1537 1327 1579 ut,
1350 1529 1455 1584 quod
1485 1529 1578 1570 hene
1598 1536 1761 1570 verteret
1783 1530 1847 1586 ip-

428 1584 463 1625 si
481 1585 615 1640 reique
627 1585 813 1639 publicae,
835 1592 991 1641 togatus
1013 1587 1202 1627 mandata
1229 1592 1383 1627 senatus
1405 1585 1575 1637 audiret,
1597 1586 1853 1638 admiratus„

428 1643 720 1696 rogitansque,
742 1642 862 1682 sutin’
881 1642 992 1682 salz-a
1016 1650 1134 1683 essent
1163 1641 1328 1683 omnia?
1359 1652 1502 1696 togam
1536 1657 1714 1698 propere
1735 1657 1757 1684 e
1780 1653 1847 1683 tu-

426 1699 550 1753 gurio
574 1698 758 1754 proferre
783 1713 956 1739 uxorem
979 1699 1187 1740 Raciliam
1204 1700 1346 1754 jubet.
1406 1700 1503 1745 Qua
1525 1699 1664 1749 simul,
1685 1700 1847 1740 abster—

425 1770 473 1796 so
507 1755 679 1811 pulvere
708 1770 756 1795 ac
783 1755 948 1806 sudore,
973 1756 1133 1797 velatus
1157 1756 1377 1811 processit,
1398 1755 1648 1796 dictatorem
1671 1770 1765 1796 eum
1788 1756 1845 1797 le-

427 1814 517 1868 gati
549 1811 809 1868 gratulantes
839 1813 1130 1855 consalutant:
1163 1813 1203 1853 in
1238 1813 1382 1852 urbem
1405 1822 1585 1853 vocant:
1616 1812 1688 1867 qui
1711 1822 1844 1853 terror

428 1869 484 1909 sit
513 1869 555 1909 in
587 1870 795 1919 exercitu,
817 1879 1054 1924 exponunt.
1116 1869 1247 1910 Navis
1281 1869 1487 1914 Quinctio
1508 1868 1680 1923 publice
1701 1878 1848 1924 parata

428 1924 525 1976 fuit,
546 1935 916 1981 transvectumque
940 1935 1020 1966 tres
1042 1926 1212 1967 obviarn
1235 1926 1390 1981 egressi
1411 1925 1484 1965 filii
1508 1925 1760 1980 excipiuut;
1783 1927 1848 1966 in-

428 1981 482 2023 de
503 1982 572 2023 alii
599 1984 824 2038 propinqui
846 1993 972 2038 atque
993 1983 1144 2034 amici3
1176 1991 1265 2022 tum
1290 1983 1458 2023 Patrutn
1484 1982 1619 2036 major
1639 1996 1748 2036 pars.
1785 1981 1849 2024 Essa

429 2038 670 2095 frequentia
700 2040 893 2094 stipatus,
916 2039 1262 2080 antecedentibus
1293 2039 1530 2089 lictoribus,
1551 2039 1757 2079 deductus
1784 2049 1850 2080 est

427 2095 629 2137 domum:
662 2106 705 2137 et
726 2097 860 2151 plebis
883 2111 1111 2137 concursus
1137 2097 1285 2152 ingens
1303 2096 1397 2136 fuit.
1418 2095 1488 2135 sed
1512 2110 1560 2136 ea
1581 2110 1850 2150 nequaquam

431 2160 519 2192 tam
553 2153 652 2193 laeta
686 2153 940 2198 Quinctium
976 2154 1110 2205 vidit3
1140 2163 1183 2194 et
1217 2152 1379 2207 imperii
1417 2152 1611 2201 nimium,
1632 2162 1675 2192 et
1709 2154 1851 2194 virum

432 2209 517 2249 ¹‘'‘in
542 2210 634 2265 ipso
657 2210 836 2264 imperio
858 2210 1215 2250 vehementiorem
1237 2219 1336 2249 rata.
1377 2207 1432 2249 Et
1450 2209 1517 2249 illa
1533 2208 1705 2264 quidem
1724 2218 1849 2250 nocte

430 2265 535 2307 nihil
562 2275 839 2320 praeterquam
866 2267 1085 2322 vigilatum
1110 2276 1174 2306 est
1195 2266 1238 2306 in
1261 2267 1378 2307 urbe.

488 2321 691 2363 XXVH.
718 2323 892 2363 Postero
915 2324 983 2364 (lie
1006 2323 1202 2372 dictator,
1224 2337 1354 2376 quum
1372 2330 1468 2362 ante
1487 2322 1622 2363 lucem
1648 2322 1688 2361 in
1709 2321 1846 2363 forum

432 2379 629 2431 venisset,
651 2378 902 2435 magistrum
933 2380 1124 2434 equiturn
1155 2380 1261 2420 dicit
1287 2379 1333 2419 L.
1356 2378 1623 2434 Tarquitium
1654 2377 1852 2432 patriciae„

619 2481 633 2500 5
656 2469 809 2503 senserunt
837 2476 932 2504 Gron.
950 2476 1038 2504 Crev.
1223 2480 1235 2494 ²
1259 2480 1323 2503 tam
1337 2474 1490 2514 posterius
1504 2474 1562 2502 dcl.
1579 2473 1661 2502 Emi.

479 2552 514 2578 1¹2
542 2549 654 2589 Operoe
674 2552 816 2590 pretium
840 2551 898 2589 ese]
931 2551 1041 2589 Digna
1069 2560 1117 2579 res
1163 2552 1299 2580 nimium
1323 2551 1462 2590 imperii,
1483 2549 1513 2579 id
1537 2553 1598 2586 cst,
1624 2549 1765 2578 nimium
1790 2548 1851 2578 im-

430 2596 492 2627 est‚
523 2603 621 2631 quam
653 2595 790 2624 audiant
819 2601 853 2624 et
880 2594 1054 2623 attendant
1083 2595 1116 2630 ii,
1164 2594 1288 2631 per-ios«)
1306 2594 1513 2631 magistratu,
1531 2592 1695 2622 dictatum
1717 2601 1852 2631 nempe,

432 2636 486 2673 qui
505 2637 620 2665 omnia
638 2658 645 2664 .
658 2658 664 2665 .
682 2658 689 2664 .
701 2658 708 2663 .
1164 2637 1378 2666 metuendum
1394 2648 1402 2671 ·,
1438 2640 1465 2665 cc
1493 2637 1598 2664 virum
1627 2636 1760 2675 imperio
1785 2644 1853 2674 ipso

480 2681 514 2707 13
543 2678 649 2718 l’alte]
679 2679 766 2708 lilim
788 2681 874 2717 pale).
921 2679 1113 2709 Emendavit
1162 2681 1437 2710 vclaet’nwminrcm.
1455 2678 1485 2707 id
1509 2683 1570 2710 est.
1587 2688 1663 2707 curu
1688 2679 1782 2715 cujus
1798 2688 1854 2707 ve-

431 2720 616 2750 Gronovius
635 2732 671 2750 ex
692 2723 856 2752 verissima
874 2723 1076 2760 conjectura.
1165 2723 1351 2751 hemenuus
1367 2726 1396 2750 ct
1413 2722 1617 2760 imperiosius
1634 2728 1734 2759 esset,
1749 2730 1850 2759 qnam

479 2766 514 2794 14
543 2764 579 2793 In
604 2766 667 2802 ipsu
691 2765 835 2802 imprrmj
863 2765 937 2795 Non
968 2766 1052 2795 male
1076 2766 1117 2794 vi-
1166 2766 1265 2803 ipsius
1294 2765 1480 2799 dit-tatum,
1520 2765 1701 2802 ingenium.
1746 2765 1855 2803 Supra

432 2807 531 2836 detm-
560 2807 717 2843 Dnjatins
751 2809 892 2836 rachinn-
924 2808 1119 2846 particulam
1168 2808 1278 2837 11.³0.
1297 2808 1494 2837 ‹lictatur-am
1514 2808 1624 2837 Livius
1649 2807 1776 2839 vocavit
1791 2808 1854 2838 im·

432 2851 477 2880 iu-
524 2849 637 2881 }'lebes
654 2851 787 2881 rebatur
809 2851 982 2890 Quintium
1008 2861 1075 2881 esse
1092 2857 1121 2882 et
1159 2853 1289 2891 perium
1305 2861 1361 2881 suo
1377 2852 1502 2889 ingenio
1516 2853 1692 2881 vela-mens·
