1925 3239
351 125 428 160 432
891 122 1035 162 TITl
1071 123 1243 162 LIVII

133 234 174 265 U.
194 236 230 265 c.
248 237 322 264 412.
350 236 425 276 que
462 221 732 277 Campanum,
753 222 954 278 conjuges,
975 222 1194 278 liberosque
1228 229 1380 264 nostros
1411 237 1488 265 esse
1505 224 1527 265 ,P
1559 224 1680 267 Stare
1708 240 1791 268 am⁸¹

131 278 171 309 A·
188 278 225 307 C.
242 281 316 308 3⁴0·
349 292 437 318 nem
457 279 755 320 multitudinem
778 280 832 320 ad
846 285 1004 333 portas,
1025 280 1135 320 viam
1154 279 1246 319 liinc
1255 278 1458 334 ferentem
1477 289 1791 335 prospectantes,

349 341 497 374 certum
532 335 669 386 habeo,
706 337 820 391 quid,
840 335 923 375 illis
959 350 1042 385 nos,
1076 336 1225 375 Patres
1261 336 1489 390 conscripti,
1526 336 1709 378 sollicitis
1742 353 1789 378 aa

348 391 380 412 ’ὅ
388 390 654 443 pendentibus
678 393 805 432 animi
830 391 1067 431 renunciare
1091 391 1289 445 jubeatis.
1352 392 1545 432 Alterum
1565 406 1791 447 responsum

348 446 535 497 salutem,
553 447 781 496 victoriam,
805 447 944 496 lucem,
968 461 1014 487 ac
1037 447 1285 495 libertatem,-
1307 447 1478 488 alterum
1498 449 1675 488 ominari
1696 448 1791 489 lior-

348 515 427 550 ·reo,
449 516 537 555 quse
553 501 687 557 ferat.
748 502 930 542 Proinde
948 509 992 542 ut
1013 510 1086 542 aut
1107 502 1153 542 de
1173 503 1315 543 vestris
1330 502 1494 559 futuris
1525 504 1642 545 sociis
1668 510 1793 560 atque

349 557 504 607 amicis,
526 565 597 598 aut
619 573 814 612 nusquam
836 557 1108 612 ullissuturis
1131 559 1258 608 nobis,
1279 559 1488 599 consulite,

407 612 599 654 XXXI.
634 615 854 654 Submotis
877 614 1029 653 deinde
1063 613 1228 667 legatis,
1250 629 1380 668 quum
1411 614 1633 656 consultus
1667 629 1789 656 sena-

349 674 417 708 tus
439 679 561 718 esset,
585 670 662 708 etsi
691 684 857 724 magnae
882 671 989 723 parti
1013 670 1124 715 „urbs
1158 672 1347 710 maxima
1378 670 1790 725 opulentissimaque

350 722 504 774 ltaliae,
541 726 776 764 uberrimus
807 739 908 779 ager
944 726 1134 778 marique
1171 727 1436 780 propinquus
1474 727 1528 767 ad
1566 727 1792 767 varietates

349 793 532 820 annona:
552 780 749 820 horreum
775 780 918 835 populi
948 780 1126 820 Romani
1151 781 1242 820 fore
1261 782 1512 833 videbatur3
1537 792 1676 823 tamen
1697 792 1791 823 tan-

351 844 395 875 ta
415 836 599 876 utilitate
621 836 724 877 fides
747 837 962 890 antiquior
984 836 1081 885 suit,
1104 838 1404 892 responditque
1426 838 1486 878 ita
1516 852 1570 879 ex
1603 839 1789 879 auctori-

139 903 282 939 Negatur
353 900 439 931 tate
461 902 629 934 senatus
651 892 826 933 consul:
859 891 1032 932 Auxilio
1062 906 1144 942 τος,
1171 891 1388 946 Campani,
1409 893 1551 948 dignos
1581 901 1708 935 censet
1728 908 1793 934 se-

139 945 290 993 ³¹¹¹i¹³u¹13
354 954 472 986 natus
487 965 498 987 .·
531 948 599 988 sed
619 948 679 987 ita
701 948 903 989 vobiscum
925 947 1148 987 amicitiam
1172 948 1332 989 institui
1356 963 1436 1003 par
1456 957 1526 999 est,
1550 964 1596 990 ne
1623 965 1704 1005 qua
1726 964 1794 991 ve-

141 989 318 1026 Campanis.
352 1003 498 1043 tus-tior
519 1004 702 1044 amicitia
723 1019 768 1044 ac
790 1006 953 1044 societas
970 1003 1158 1043 violetur.
1195 1003 1398 1044 Samnites
1419 1004 1795 1062 nobiscumfieclere

338 1059 484 1113 juncti
505 1066 615 1099 sunt.
645 1060 786 1114 itaque
816 1074 947 1110 arma,
970 1058 1081 1100 Deos
1103 1059 1236 1113 prius,
1259 1074 1380 1115 quam
1410 1060 1597 1112 homines,
1618 1061 1794 1102 violatu-

352 1130 417 1165 ra,
439 1114 630 1156 adversus
653 1116 854 1156 Samnites
875 1117 988 1156 vobis
1011 1129 1215 1171 negamus.
1277 1114 1469 1171 Legatos,
1490 1116 1679 1172 sicutfas
1694 1119 1793 1173 jus-

353 1185 429 1225 que
450 1178 518 1221 est,
540 1172 596 1211 ad
614 1173 737 1212 socios
759 1179 881 1227 atque
910 1171 1056 1213 amicos
1081 1178 1290 1224 precatum
1320 1172 1533 1222 mittemus,
1555 1187 1603 1214 ne
1622 1188 1702 1228 qua
1721 1189 1789 1214 vo-

353 1227 413 1266 bis
433 1225 596 1281 visfiat.
638 1228 704 1268 Ad
728 1242 778 1268 ea
800 1229 997 1283 princeps
1018 1227 1261 1281 legationis,
1282 1228 1364 1279 (sic
1385 1228 1496 1268 enim
1519 1228 1649 1269 domo
1672 1244 1790 1270 man-

353 1284 498 1323 datum
531 1283 790 1333 adnuerant)
815 1283 1164 1338 Quandoquidem,
1186 1284 1340 1337 inquit,
1361 1290 1496 1324 nostra
1525 1284 1631 1325 tueri
1647 1285 1794 1326 adver-

351 1352 419 1378 sus
438 1339 519 1379 vim
540 1346 661 1394 atque.
682 1340 1009 1396 injuriamjusta
1030 1340 1070 1380 vi
1089 1353 1167 1378 non
1187 1339 1322 1389 vultis,
1340 1347 1470 1379 vestra
1487 1347 1591 1380 certe
1605 1340 1790 1397 desende-

351 1395 420 1434 τίς.
480 1393 630 1450 Itaque
663 1396 856 1451 populum
891 1396 1158 1450 Campanum,
1188 1394 1403 1449 urbemque
1437 1394 1639 1450 Capuam,
1660 1412 1796 1453 agros,

353 1449 521 1491 delubra
553 1451 704 1502 Deiim,
735 1453 875 1493 divina
907 1452 1161 1506 humanaque
1189 1451 1323 1491 omnia
1354 1453 1398 1491 in
1427 1459 1614 1501 vestra-m,
1637 1452 1792 1495 Patres

355 1507 585 1560 conscripti,
596 1508 819 1563 populique
842 1509 1021 1550 Romani
1042 1507 1233 1548 ditionem
1263 1506 1466 1556 dedimus3
1496 1508 1697 1563 quidquid
1723 1509 1792 1551 de·

354 1562 448 1602 imle
458 1564 681 1616 patiemur,
703 1564 886 1605 dediticii
906 1563 1026 1604 vestri
1040 1563 1220 1617 passuri.
1265 1563 1356 1603 Sub
1378 1563 1473 1604 haec
1493 1564 1610 1604 dicta
1631 1579 1794 1618 omnes,

354 1632 504 1658 manus
527 1620 577 1660 ad
601 1622 796 1661 consules
819 1621 1055 1669 tendentes,
1076 1617 1188 1674 pleni
1219 1617 1487 1659 lacrimarum
1511 1620 1554 1660 in
1582 1621 1794 1663 vestibulo

354 1675 484 1714 curiae
508 1679 841 1728 procubuerunt.
892 1675 1110 1717 Commoti
1139 1675 1285 1715 Patres
1310 1675 1402 1715 vice
1425 1674 1690 1717 fortunarum
1716 1677 1795 1719 hu·
1854 1698 1856 1701 f

354 1743 590 1781 manarum,
612 1735 643 1773 si
669 1734 735 1774 ille
768 1742 1009 1788 praepotens
1038 1731 1194 1785 opibus
1226 1731 1424 1785 populus,
1446 1730 1615 1772 luxuria
1647 1747 1793 1788 super-

354 1786 510 1840 biaque
531 1788 682 1839 clarus,
702 1805 727 1830 a
744 1804 829 1843 quo
855 1788 996 1843 pauilo
1020 1798 1118 1827 ante
1138 1786 1345 1827 auxilium
1369 1787 1539 1827 finitimi
1571 1789 1794 1842 petissent,

352 1842 459 1882 adeo
482 1843 685 1885 infractos
708 1854 873 1900 gereret
894 1845 1073 1893 animos,
1097 1852 1143 1883 ut
1165 1857 1208 1883 se
1231 1843 1320 1896 ipse
1350 1857 1509 1897 suaque
1538 1844 1683 1884 omnia
1715 1860 1792 1900 po-

353 1899 516 1939 testatis
538 1900 688 1942 alicnae
713 1902 889 1941 faceret:
915 1910 1004 1940 tum
1019 1901 1112 1953 jam
1133 1906 1164 1929 ⁴⁷
1180 1898 1284 1938 fides
1305 1900 1375 1954 agi
1398 1899 1501 1949 visa,
1517 1899 1682 1940 deditos
1706 1915 1791 1942 non

355 1955 490 2008 prodi,
505 1970 582 1997 nec
605 1957 816 1998 facturum
841 1971 963 2010 aequa
986 1954 1241 1995 Samnitium
1266 1954 1473 2010 populum
1495 1957 1741 2008 censebant,
1755 1959 1791 1999 si

140 2023 302 2061 Accipitur
351 2013 546 2065 ⁴¹8agrum
572 2015 818 2067 urbemque,
842 2027 915 2067 per
937 2012 1199 2051 deditionem
1232 2009 1392 2051 factum
1416 2011 1561 2065 populi
1590 2011 1791 2064 Romani,

139 2065 262 2114 iliorum
275 2066 327 2094 de·
351 2068 666 2122 obpugnarent.
729 2070 912 2123 Legatos
936 2068 1078 2120 itaque
1099 2066 1317 2121 extemplo
1347 2067 1460 2106 mitti
1493 2069 1545 2109 ad
1579 2068 1793 2111 Samnites

137 2109 224 2138 ¹¹¹t¹⁰·
352 2123 526 2177 placuit.
558 2126 657 2165 (lata
691 2128 903 2173 mandata,
925 2131 970 2164 ut
996 2137 1134 2177 preces
1169 2121 1485 2176 Campanorum,
1518 2129 1793 2178 ⁴⁹responsum

349 2186 511 2219 senatus
531 2181 723 2222 amicitiae
746 2180 992 2221 Samnitium
1023 2193 1188 2227 memor,
1209 2177 1445 2218 deditionem
1471 2186 1668 2233 postremo
1686 2179 1791 2236 fac-

140 2253 268 2290 Legatio
350 2241 448 2285 tam,
472 2235 725 2277 Samnitibus
749 2242 1002 2291 exponerent.
1061 2234 1250 2274 Peterent
1274 2249 1351 2288 pro
1381 2234 1565 2276 societate
1584 2236 1790 2278 amicitia-

139 2295 280 2344 uonuad
350 2307 438 2347 que,
462 2299 505 2332 ut
525 2293 726 2338 dediticiis
746 2294 828 2333 suis
845 2297 1078 2346 parcerent:
1110 2303 1234 2344 neque
1254 2290 1294 2330 in
1326 2304 1414 2330 eum
1443 2304 1605 2346 agrum,
1625 2293 1696 2347 qui
1711 2307 1788 2348 po-

138 2339 301 2369 ²⁵³¹¹²¹¹¹t0⁵·
344 2349 437 2402 puli
466 2347 645 2389 Romani
660 2348 807 2404 factus
835 2354 942 2397 esset,
962 2346 1123 2387 hostilia
1153 2360 1267 2384 arma
1300 2345 1507 2400 itfferrent.
1566 2346 1615 2387 Si
1646 2348 1789 2389 leniter

348 2404 502 2460 agendo
547 2419 697 2459 parum
731 2404 982 2459 proficerent,
1019 2401 1306 2442 deuzmciarent
1357 2401 1610 2444 Samnitibus
1643 2404 1790 2459 populi

392 2539 434 2568 46
460 2538 679 2569 pandentibus
700 2537 818 2577 animi]
847 2538 917 2567 Hoc
935 2545 1048 2565 emen·
1136 2538 1176 2568 49
1202 2535 1397 2573 Responsum
1417 2556 1425 2564 .
1438 2556 1445 2564 .
1460 2557 1466 2564 .
1484 2535 1616 2574 memor]
1642 2535 1790 2576 Respon-

350 2580 463 2609 datum
481 2589 530 2610 est
548 2593 585 2611 ex
604 2581 729 2619 big-onii
748 2586 780 2610 ct
800 2580 956 2609 Gronovii
974 2588 1049 2609 sen-
1092 2587 1180 2613 sum,
1197 2588 1234 2606 ex
1257 2587 1322 2616 quo
1340 2583 1515 2617 appareret
1537 2585 1691 2608 senatum
1711 2581 1788 2610 reti·

347 2624 466 2652 tentia.
511 2624 600 2654 Olim
618 2625 745 2653 animis.
1093 2621 1204 2649 nuisse
1237 2621 1431 2649 memoriam
1470 2620 1626 2650 amicitia!
1656 2622 1787 2652 Saluui-

391 2669 428 2698 47
444 2670 461 2685 *
479 2666 568 2696 Fides
582 2669 638 2704 agi
663 2665 743 2704 visu]
773 2664 860 2694 Fidei
884 2665 1045 2695 interesse
1090 2663 1188 2692 tium.
1235 2662 1399 2692 Audacius
1423 2661 1532 2691 adhuc
1556 2663 1637 2692 dixit
1665 2664 1789 2702 Livius,

349 2709 453 2738 visum
470 2716 531 2737 est.
1090 2706 1115 2734 1.
1149 2707 1201 2735 98.
1247 2705 1402 2744 Exempli
1421 2714 1543 2743 parum
1575 2708 1724 2737 memoris
1746 2709 1788 2738 le-

390 2754 431 2781 48
456 2751 586 2789 Agrum
618 2751 792 2790 urbemque
825 2771 853 2780 ..
870 2773 875 2779 .
890 2747 1044 2789 sacmm]
1088 2757 1170 2787 gum
1187 2749 1422 2778 humanarum.

324 2815 326 2818 -
349 2792 551 2833 Legesacta.
