1969 3239
603 80 724 121 LIB.
752 81 804 119 11.
840 79 969 119 CAP.
995 79 1124 118 LXII.
1516 87 1589 122 149

158 182 253 224 nius
286 185 315 207 ⁴¹
331 182 445 225 diem
477 183 643 225 dixere.
679 183 925 238 Numquam
944 188 1043 222 ante
1066 186 1154 222 tam
1178 179 1336 222 invisus
1355 181 1466 237 plebi
1491 198 1582 226 reus
1596 191 1637 222 U.
1650 192 1688 224 C.
1703 194 1779 224 984.

157 240 427 295 adjudicium
443 250 615 282 vocatus
630 239 773 296 populi
787 249 865 291 est,
878 242 911 262 ⁴2
924 238 1070 293 plenus
1086 253 1267 289 suarum,
1282 239 1429 294 plenus
1443 251 1582 295 pater-
1596 236 1635 265 A.
1651 236 1675 266 C
1691 238 1768 267 468.
1807 282 1814 288 ,

153 312 304 339 narum
327 299 496 340 irarum.
557 297 709 338 Patres
730 310 898 352 quoque
918 298 949 318 ⁴³
966 310 1051 337 non
1076 304 1234 336 temere
1257 310 1332 351 pro
1358 295 1440 338 ullo
1463 313 1582 353 aeque
1596 280 1769 361 ksscpqzztm

154 354 293 396 adnisi
311 364 431 398 sunt:
455 361 817 412 propugnatorem
834 362 1016 404 semitm,
1031 353 1352 407 majestatisque
1369 354 1583 397 vindicem

154 426 255 463 suae,
275 413 328 453 ad
350 427 497 454 omnes
519 412 773 453 tribunicios
795 411 1070 471 plebeiosque
1093 410 1343 466 obpositum
1367 412 1584 464 tumultus,

150 469 325 510 modum
343 471 565 511 dumtaxat
580 469 624 509 in
644 469 876 510 certamine
887 481 1118 523 egressum,
1134 468 1254 508 iratae
1275 468 1408 522 objici
1428 469 1539 525 plebi
1553 483 1583 512 b.

152 525 273 568 Unus
294 541 318 568 e
340 527 554 578 Patribus,
575 526 667 583 ipse
688 526 773 582 Ap.
799 525 1016 576 Claudius,
1039 535 1083 565 et
1105 525 1312 576 tribunos,
1335 535 1378 566 et
1403 526 1583 581 plebem,

150 592 194 624 et
228 598 347 625 suum
373 583 586 639 judicium
619 598 697 639 pro
729 582 865 624 nihilo
900 583 1100 623 habebat.
1178 581 1301 623 Illum
1337 597 1424 624 non
1454 584 1583 625 minae

150 640 302 696 plebis,
324 655 408 682 non
429 649 597 682 senatus
618 655 766 697 preces
789 640 1020 697 perpellere
1051 654 1252 694 umquam
1285 650 1474 694 potuere,
1497 656 1584 683 non

149 698 278 739 modo
299 706 346 738 ut
365 701 398 722 ⁴⁴
412 706 574 739 vestem
596 707 792 750 mutaret,
815 709 887 739 aut
909 697 1087 753 supplex
1112 707 1328 751 prensaret
1363 697 1582 750 homines3

149 755 219 796 sed
239 769 292 795 ne
314 765 360 796 ut
381 769 436 796 ex
456 764 663 796 consueta
684 756 856 812 quidem
879 755 1107 809 asperitate
1129 755 1335 795 orationis
1358 759 1506 811 (quum
1530 758 1583 798 ad

150 811 352 867 populum
374 813 538 869 agenda
559 827 704 854 caussa
727 815 857 859 esset)
880 812 1039 867 aliquid
1071 811 1223 851 leniret
1254 821 1379 866 atque
1402 814 1582 854 submit-

151 877 269 909 teret.
304 869 423 910 Idem
444 870 614 911 habitus
635 871 734 923 oris,
751 871 899 911 eadem
919 868 1191 910 contumacia
1208 869 1250 908 in
1271 868 1444 918 νυίῖυιῤ5
1467 870 1580 912 idem

146 925 190 967 in
224 927 418 968 oratione
450 929 623 983 spiritus
657 938 768 969 erat:
803 928 910 968 adeo
942 937 989 967 ut
1022 940 1180 982 magna
1201 940 1298 980 pars
1322 925 1455 982 plebis
1489 927 1581 984 Ap.

143 983 263 1037 pium
298 999 383 1026 non
416 986 555 1025 minus
589 1000 705 1026 reum
740 986 925 1034 timeret,
955 998 1083 1040 quam
1116 984 1333 1024 consulem
1366 984 1579 1027 timuerat.

144 1040 283 1081 Semel
304 1057 496 1083 caussam
520 1043 647 1094 dixit,
668 1057 752 1097 quo
786 1056 953 1097 semper
974 1055 1101 1096 agere
1122 1040 1269 1081 omnia
1301 1040 1450 1082 solitus
1473 1052 1578 1094 erat,

145 1100 411 1140 accusatorio
445 1100 607 1154 spiritu.
629 1100 819 1154 adeoque
850 1099 1094 1140 constantia
1116 1112 1189 1138 sua
1210 1107 1254 1139 et
1284 1098 1479 1140 tribunos
1501 1100 1579 1141 ob-

143 1155 372 1210 stupefecit
390 1165 433 1197 et
451 1157 635 1212 plebem,
652 1168 698 1197 ut
716 1157 828 1197 diem
850 1156 929 1212 ipsi
950 1170 1025 1196 sua
1046 1155 1262 1196 voluntate
1281 1156 1575 1209 prodicerent:

140 1212 172 1234 ⁴⁶
188 1213 297 1253 trahi
347 1213 500 1255 deinde
545 1229 632 1254 rem
664 1214 865 1255 sinerent.
927 1212 1056 1254 Haud
1099 1213 1154 1253 ita
1189 1213 1366 1253 multum
1405 1214 1573 1255 interlin
1588 1231 1769 1269 Antejudi-

141 1271 344 1325 temporis
387 1271 481 1312 fuit.
523 1282 620 1312 ante
663 1282 819 1322 tamen,
859 1285 982 1326 quam
1025 1270 1223 1325 prodicta
1264 1270 1354 1310 dies
1399 1272 1574 1322 veniret,
1588 1275 1669 1303 cium
1681 1285 1764 1324 mpr-

138 1330 169 1353 ⁴⁷
186 1329 335 1368 morbo
369 1329 559 1369 moritur.
603 1329 721 1384 cujus
763 1343 890 1383 quum
923 1327 1208 1368 laudationem
1245 1327 1406 1368 tribuni
1439 1328 1574 1384 plebis
1588 1316 1788 1357 humantur.

140 1383 335 1439 inpedire
365 1397 633 1436 conarentur,
656 1387 776 1441 plebs
808 1385 991 1426 fraudari
1025 1384 1216 1426 sollemni
1242 1384 1406 1426 honore
1428 1400 1576 1441 supre-

139 1455 254 1481 mum
277 1442 389 1482 diem
416 1444 522 1484 tanti
544 1444 622 1484 viri
647 1443 809 1494 noluit3
832 1453 875 1483 et
896 1442 1183 1483 laudationem
1205 1451 1289 1482 tam
1310 1443 1442 1497 aequis
1465 1443 1576 1484 auri.

138 1499 218 1539 bus
254 1500 410 1540 mortui
443 1501 619 1551 audivit,
656 1500 903 1555 quanrvivi
938 1500 1250 1541 accusationem
1283 1499 1498 1552 audierat3
1530 1510 1575 1542 et

136 1556 356 1610 exsequias
379 1557 575 1612 frequens
597 1557 844 1598 celebravit.

135 1634 139 1637 ·
195 1612 348 1653 LXII.
382 1612 544 1655 Eodem
566 1628 676 1655 anno
697 1614 883 1655 Valerius
908 1613 1071 1663 consul,
1091 1628 1187 1655 cum
1210 1612 1400 1654 exercitu
1428 1613 1472 1654 in
1495 1613 1573 1661 ΣΕ.-

135 1684 240 1725 quos
278 1669 507 1725 profectus,
531 1687 656 1727 quum
691 1671 858 1712 hostem
882 1671 935 1712 ad
968 1671 1166 1726 proelium
1191 1670 1342 1711 elicere
1366 1685 1449 1711 non
1475 1686 1572 1726 pos-

132 1736 214 1778 set,
235 1738 372 1768 castra
395 1729 644 1784 obpugnare
666 1738 730 1769 est
751 1729 936 1770 adortus.
992 1728 1222 1769 Prohibuit
1245 1728 1366 1769 foeda
1389 1736 1571 1784 tempes-

133 1794 214 1834 tas,
235 1799 330 1825 cum
353 1786 561 1840 grandine
582 1802 631 1828 ac
664 1786 893 1827 tonitribus
925 1785 1040 1826 eoelo
1062 1785 1244 1841 dejecta.
1304 1784 1569 1826 Admiratio-

132 1855 229 1881 nem
261 1841 415 1883 deinde
445 1844 581 1895 auxit,
601 1844 725 1899 signo
748 1843 938 1899 receptui
973 1842 1089 1894 dato,
1111 1843 1218 1883 adeo
1250 1842 1476 1896 tranquilla
1506 1857 1569 1882 se-

132 1898 289 1939 renitas
312 1899 501 1943 reddita:
534 1911 596 1954 ut,
619 1901 733 1943 velut
750 1900 938 1941 'numine
972 1899 1115 1956 aliquo
1137 1899 1310 1947 defensa
1331 1908 1471 1947 castra
1492 1900 1569 1940 ob-

577 2001 593 2024 *
607 2002 699 2045 olqjioi
712 2005 801 2034 irata·
809 2004 894 2044 plebi
909 2005 1005 2033 Gron.
1024 2002 1116 2034 crev.

131 2090 323 2130 Dionysius,
339 2094 373 2122 et
395 2092 508 2123 Livius
534 2093 604 2133 ipse
629 2091 668 2122 de
691 2092 828 2123 AEmilio
872 2091 1020 2122 haberet.

131 2135 282 2173 agnoscit
303 2135 400 2165 initio
422 2135 479 2166 lib.
502 2146 569 2175 seq.
615 2136 741 2176 Appius
766 2137 826 2175 igi‹
914 2138 955 2166 43
983 2135 1061 2165 Non
1076 2133 1208 2174 temere]
1228 2134 1327 2164 Raro.

123 2181 187 2209 tur
202 2177 276 2208 ideo
290 2181 450 2217 tanquam
466 2181 586 2209 tertius
602 2185 674 2219 erat
697 2179 825 2218 consul,
913 2181 956 2210 44
981 2179 1106 2209 Vestem
1129 2178 1287 2218 mutaret]
1314 2178 1390 2208 Reis
1409 2187 1478 2208 mos
1495 2183 1567 2210 erat

129 2221 216 2260 qnod
234 2221 408 2252 consulum
426 2223 494 2262 ipse
511 2227 619 2262 partes
635 2223 752 2254 obiret.

170 2268 207 2295 41
235 2265 335 2296 Diem
358 2265 481 2305 dixere]
509 2266 634 2306 Capitis
658 2268 824 2306 :inquisie-

126 2314 228 2338 runt:
267 2309 401 2339 crimini
425 2309 555 2347 dantes,
578 2310 666 2348 quod
689 2311 821 2349 iniquas

125 2351 281 2382 adversus
298 2352 428 2392 plebem
447 2353 480 2382 in
497 2358 616 2382 senatu
637 2355 820 2385 sententias

119 2395 269 2434 diceret:
295 2396 383 2435 quod
406 2396 606 2433 seditionem
630 2392 820 2435 excitasset,

125 2446 335 2470 sacrosancto
359 2439 485 2470 tribuni
509 2440 636 2479 corpori
660 2440 819 2471 violentas

120 2482 294 2513 *intulisset
317 2493 459 2522 manus3
486 2484 572 2522 quod
596 2483 738 2522 denique
765 2494 820 2514 ex-

113 2526 243 2556 ·ercitui
262 2527 472 2566 praepositus,
491 2536 567 2556 cum
584 2536 707 2565 magna
727 2526 819 2558 clade

126 2571 224 2608 atque
241 2570 425 2608 ignominia
440 2579 589 2600 reversus
604 2575 702 2600 esset.

166 2614 209 2643 42
221 2613 240 2631 *Ψ
254 2613 381 2643 Plenus
416 2623 557 2644 suarum
573 2634 583 2643 .
594 2634 603 2642 .
618 2635 626 2643 .
638 2635 646 2644 .
673 2612 819 2652 irarum]

125 2653 348 2695 Intelligimus
377 2657 454 2695 iras,
483 2667 550 2687 non
583 2667 662 2696 quas
694 2658 820 2697 Appius

124 2705 254 2737 gereret
278 2700 311 2729 in
336 2699 481 2740 plebem,
506 2700 563 2730 sed
586 2701 704 2739 quibus
728 2700 821 2740 plebs

114 2741 157 2778 in
174 2740 251 2772 eum
268 2743 433 2781 flagraret.
479 2744 601 2774 Sensus
617 2750 668 2774 est
690 2744 794 2783 igitur
810 2756 816 2773 :

124 2785 180 2823 qui
195 2790 230 2815 et
246 2795 303 2826 per
319 2796 366 2823 se,
383 2790 417 2816 et
430 2787 471 2816 ob
486 2788 682 2817 memoriam
700 2788 817 2827 patris,

122 2835 224 2869 supra
249 2829 384 2860 modum
410 2830 529 2861 iratam
556 2831 590 2861 in
618 2841 653 2862 se
675 2831 817 2870 'plebem

870 2221 1035 2253 sordidam
1060 2227 1173 2262 togam
1198 2222 1350 2259 induere,
1377 2222 1564 2260 squalorem

867 2270 940 2296 toto
964 2265 1080 2297 habitu
1107 2265 1274 2306 praeferre,
1300 2265 1436 2295 barbam
1464 2266 1568 2305 capil-

867 2308 1004 2348 lumque
1022 2310 1231 2350 promittere,
1249 2314 1287 2339 ut
1311 2309 1564 2339 miserabiliores

866 2357 990 2383 essent.

886 2440 892 2446 ι
908 2399 949 2428 45
959 2397 977 2413 ²³⁶
987 2396 1077 2427 Idem
1091 2416 1101 2426 .
1112 2417 1120 2426 .
1135 2417 1144 2427 .
1155 2417 1164 2426 .
1176 2395 1323 2437 spiritus]
1340 2395 1463 2426 Eadem
1478 2395 1565 2426 fero·

865 2450 929 2470 eia.

905 2484 949 2514 46
975 2482 1092 2522 Trahi]
1111 2483 1213 2513 Velut
1228 2466 1463 2522 languescere3
1481 2492 1560 2521 non,
1577 2484 1582 2489 ”

863 2526 897 2556 in
916 2526 1053 2566 longum
1071 2526 1213 2556 extrahi.
1257 2525 1380 2556 Nullus
1397 2527 1488 2556 enim
1505 2526 1560 2556 hic

867 2579 969 2600 morae
989 2570 1092 2607 locus,
1106 2579 1209 2608 quum
1227 2569 1366 2609 Appius,
1379 2573 1560 2608 antequam

865 2613 1016 2653 prodicta
1031 2613 1100 2642 dies
1117 2613 1240 2650 veniat,
1258 2614 1429 2643 moriatur.

908 2659 946 2691 47
972 2656 1085 2686 stlorbo
1117 2655 1271 2696 moritur]
1313 2657 1459 2686 Mortem
1498 2656 1560 2686 sibi

867 2701 1063 2729 conscivisse
1079 2698 1183 2729 tradit
1198 2700 1377 2739 Dionysius
1391 2713 1397 2729 z
1423 2700 1560 2739 propin-

863 2753 944 2781 quos
957 2747 991 2774 et
1007 2742 1120 2773 affines
1133 2743 1289 2782 sparsisse
1301 2744 1336 2773 in
1349 2742 1466 2782 vulgus
1481 2752 1557 2773 eum

862 2787 978 2818 morbo
994 2793 1166 2816 mortuum
1182 2795 1263 2818 esse.

915 2878 986 2913 1.ss
