1925 3239
582 127 645 166 LI
662 128 706 165 Β.
731 127 840 166 Vlll.
876 128 951 165 CA
967 128 1009 166 P.
1035 129 1107 166 lx.
1475 136 1552 172 459

123 226 160 251 ⁴⁵²
176 224 365 282 legiones
388 227 598 268 trecenis.-
613 231 644 254 ⁶⁹
659 227 835 268 alterum
859 236 1024 268 tantum
1047 242 1100 269 ex
1124 228 1275 269 Latino
1296 229 1459 271 delectu
1482 232 1609 275 ad-U.
1626 243 1662 273 c.
1679 245 1752 274 415.

124 284 374 340 jiciebatur,
395 285 467 339 qui
498 298 550 324 ea
577 294 830 340 tempestate
847 284 989 326 hostes
1011 296 1130 326 erant
1153 286 1373 336 Romanis,
1387 288 1556 329 eodem·
1569 288 1606 317 A.
1624 286 1662 321 C·
1677 290 1752 320 337·

128 355 214 394 que
235 341 383 382 ordine
405 343 691 382 instruxerant
711 341 871 382 aciem:
897 356 975 382 nec
995 342 1149 383 vexilla
1163 357 1258 383 cum
1276 344 1440 384 vexillis
1464 355 1556 385 tan-

134 407 241 448 tum,
263 398 445 438 universi
478 398 632 438 hastati
656 412 753 438 cum
779 398 970 449 hastatis,
994 399 1208 455 principes
1229 414 1324 440 cum
1358 402 1558 456 principi-

139 455 244 506 bus;
275 454 344 495 sed
367 456 558 495 centurio
570 469 740 509 quoque
761 469 858 495 cum
882 456 1191 507 centurione,si
1214 457 1380 497 ordines
1401 459 1558 498 turbati

132 525 218 552 non
237 515 390 562 essent,
408 511 742 552 concurrendum
767 511 848 552 sibi
869 526 960 553 esse
977 513 1181 553 sciebant.
1234 513 1333 553 Duo
1354 514 1558 570 primipili

131 581 185 608 ex
201 578 376 622 utraque
389 569 480 609 acic
497 568 607 608 inter
625 568 799 609 triarios
810 578 951 610 erant:
988 569 1205 611 Romanus
1225 585 1403 625 corpore
1424 571 1557 613 haud-

131 638 342 679 quaquam
366 626 466 664 satis
490 624 665 674 validus,
687 634 872 666 ceterum
906 635 1098 667 strenuus
1129 628 1190 667 vir
1213 628 1456 682 peritusque
1481 630 1560 668 mi-

134 679 264 721 litiae:
299 680 474 721 Latinus
499 682 658 722 viribus
682 683 830 736 ingens
854 682 1114 738 bellatorque
1133 684 1316 738 primus3
1350 685 1560 726 notissimi

128 738 243 777 inter
280 751 337 786 se,
358 739 461 792 quia
485 752 605 792 pares
637 751 829 793 semper·
863 740 1031 780 ordines
1064 741 1288 780 duxerant.
1349 741 1562 791 Romano,

131 792 246 834 haud
280 794 379 834 satis
414 794 559 835 fidenti
597 795 876 849 vi1·ibUS‚jam
914 796 1066 837 Romae
1103 797 1351 852 permissum
1385 807 1476 838 erat
1508 800 1562 839 ab

131 850 453 901 consulibus,ut
476 852 850 892 subcenturionem
875 853 971 902 sibi,
992 868 1118 907 quem
1142 854 1280 904 vellet,
1303 854 1560 910 legeret,qui

134 914 342 947 tutaretur
363 922 458 948 eum
482 909 535 948 ab
559 923 642 949 uno
662 909 872 949 destinato
896 910 1032 951 hoste.
1061 911 1382 965 isquejuvenis,
1408 912 1450 952 in
1472 913 1563 953 acie

132 964 319 1013 oblatus,
340 978 394 1005 ex
424 966 674 1006 centurione
706 966 860 1006 Latino
891 967 1114 1008 victoriam
1144 968 1255 1008 tulit.
1317 967 1682 1023 PugnatumPugna
1697 987 1767 1011 cum

130 1029 199 1060 est
220 1020 333 1061 haud
355 1022 502 1077 procul
525 1022 738 1063 radicibus
764 1022 936 1064 Vesuvii
968 1024 1142 1076 montis,
1163 1039 1247 1080 qua
1270 1024 1337 1065 via
1358 1026 1411 1066 ad
1435 1025 1565 1066 Vese-
1576 1021 1704 1050 Latinis.

135 1077 215 1118 rim
239 1077 416 1119 ferebat.

195 1132 284 1175 IX.
316 1133 501 1176 Romani
535 1135 728 1176 consules
760 1136 890 1192 prius,
911 1151 1038 1192 quam
1071 1137 1298 1178 educerent
1332 1137 1376 1178 in
1414 1139 1566 1191 aciem,

133 1190 462 1233 inmolaverunt.
516 1191 652 1233 Decio
673 1196 703 1217 ⁶⁵
719 1203 846 1248 caput
874 1194 1108 1248 jocinorisx
1137 1209 1161 1235 a
1182 1196 1212 1217 ⁶⁴
1227 1194 1423 1235 familiari
1446 1207 1566 1250 parte

134 1249 167 1272 ⁶5
183 1262 341 1289 caesum
363 1263 544 1303 aruspex
567 1250 724 1289 dicitur
745 1251 1002 1298 ostendisse;
1040 1249 1198 1306 alioqui
1223 1261 1442 1306 acceptam
1468 1252 1564 1294 Diis

137 1301 320 1345 hostiam
343 1319 460 1346 esse:
507 1305 719 1346 Manlium
751 1308 922 1362 egregie
955 1307 1104 1348 litasse.
1165 1307 1297 1362 Atqui
1321 1309 1413 1349 bene
1434 1308 1564 1360 habet,

138 1359 278 1415 inquit
314 1361 488 1412 Decius,
519 1362 552 1404 si
587 1362 637 1402 ab
674 1362 823 1419 collega
856 1364 1020 1404 litatum
1048 1371 1116 1404 est.
1179 1364 1418 1413 instructis,
1453 1366 1565 1406 sicut

136 1427 238 1457 ante
267 1418 429 1459 dictum
460 1428 538 1468 est,
560 1420 794 1470 ordinibus,
819 1434 1056 1475 processere
1092 1422 1132 1461 in
1164 1422 1314 1463 aciem.
1376 1421 1566 1463 Manlius

135 1474 307 1524 dextro,
332 1474 490 1515 Decius
526 1476 634 1516 laevo
656 1490 788 1517 cornu
812 1487 1002 1532 praeerat.
1034 1478 1173 1532 primo
1196 1478 1410 1532 utrimque
1432 1480 1566 1533 aequis

140 1530 317 1581 viribus,
339 1533 488 1572 eodeni
519 1532 668 1572 ardore
699 1534 937 1574 animorum
962 1535 1188 1589 gerebatur
1218 1549 1304 1576 res:
1337 1535 1490 1575 deinde
1511 1536 1564 1576 ab

138 1583 249 1628 laevo
271 1602 402 1630 cornu
436 1589 590 1629 hastati
617 1589 815 1640 Romani,
839 1605 925 1631 non
946 1590 1129 1631 ferentes
1160 1591 1464 1645 inpressionem
1487 1591 1566 1632 La-

433 1672 451 1688 ¹¹
471 1678 586 1708 semper
594 1679 685 1708 pares
700 1669 796 1698 Gron.
810 1669 901 1698 Crev.
1000 1675 1015 1689 Σ
1027 1669 1177 1708 jecinoris
1190 1671 1274 1701 Eaed.

138 1733 252 1771 tertia,
277 1733 421 1764 Triarios
452 1734 526 1765 620.
573 1734 726 1764 Rorarios
756 1734 835 1764 toti-

137 1776 451 1816 den1,totide1nque
479 1778 652 1807 Aecensos.
697 1778 734 1806 In
760 1778 834 1807 uni-

877 1733 1102 1773 adjiciebatur.
1145 1735 1178 1765 Si
1201 1745 1279 1774 ergo
1303 1736 1336 1765 in
1360 1739 1503 1774 quatuor
1523 1737 1570 1767 le-

877 1778 1028 1816 gionibus
1053 1777 1203 1808 homines
1227 1784 1324 1808 erant
1353 1780 1464 1810 18560.
1488 1780 1569 1818 adji-

135 1828 270 1851 «rersum
287 1820 395 1850 omnis
408 1820 493 1860 legio
504 1821 569 1851 erit
579 1820 728 1860 peditum
737 1823 834 1851 4340.

142 1864 258 1903 Itaque
274 1863 452 1903 legendum
470 1864 522 1893 hic
545 1865 714 1903 quaternis
736 1863 835 1893 milli-

140 1907 216 1944 bus,
232 1916 299 1937 non
321 1908 440 1947 quinis.
486 1907 530 1946 Et
545 1916 623 1937 sane
641 1906 690 1936 his
705 1911 834 1946 tempo-

142 1950 244 1988 ribus,
261 1960 298 1979 ac
315 1950 372 1980 diu
388 1951 488 1980 etiam
505 1953 630 1990 postea,
648 1949 732 1988 legio
749 1959 835 1979 nun·

140 1994 243 2031 Quam
259 2003 326 2023 non
343 1993 411 2023 fere
431 1994 601 2032 quaternis
617 1993 762 2023 millibus
778 2003 836 2032 pe-

146 2037 256 2067 ditum
291 2042 457 2067 censetur.
517 2036 678 2077 Exempla
713 2036 834 2077 passim

147 2083 342 2120 suppetunt.
587 2111 606 2118 ἐ

185 2122 227 2154 ’61
254 2121 423 2162 Legiones]
452 2123 570 2153 Parum
587 2122 641 2153 hie
655 2122 839 2154 necessaria

148 2165 279 2196 videtur
295 2176 355 2196 vox
372 2167 520 2205 legiones,
538 2171 576 2196 ut
595 2176 671 2205 quae
688 2165 723 2195 in
739 2175 836 2205 supe-

150 2209 232 2240 riore
250 2219 343 2239 versu
361 2210 554 2249 reperiatur.

191 2253 232 2283 62
253 2253 404 2283 Alterum
420 2252 564 2291 laneum]
600 2252 749 2282 Alterum
766 2256 839 2281 tnn-

148 2300 220 2325 tum
236 2302 300 2333 est,
309 2306 346 2325 ex
365 2296 434 2335 ipsa
446 2296 618 2326 verborum
635 2296 678 2332 vi,
695 2295 840 2325 secunda

146 2339 298 2378 quaedam
315 2348 446 2369 summa
460 2340 559 2379 priori
575 2339 725 2377 aequalis,
745 2338 840 2368 adeo-

147 2391 212 2421 que
228 2381 324 2412 modo
339 2381 482 2421 intelligi
498 2382 595 2412 debet
614 2381 839 2418 tantumdem,

147 2425 247 2462 modo
276 2425 428 2465 duplum,
461 2424 742 2464 quemadmodum
767 2424 838 2454 haec

147 2469 236 2509 apud
250 2478 309 2499 nos
325 2468 448 2498 locutio
471 2478 534 2497 une
544 2467 614 2506 fiu's
631 2471 761 2497 nutant.
805 2467 838 2496 Si

147 2521 178 2542 v.
194 2521 227 2551 g.
244 2512 285 2542 ad
294 2518 439 2550 quatuor
452 2512 595 2541 alterum
611 2514 742 2540 tantum
758 2510 840 2549 adji-

147 2564 221 2584 cere
243 2554 336 2591 velis,
354 2555 453 2585 addes
476 2554 540 2584 alia
554 2559 707 2593 quatuor.
751 2553 796 2583 At
811 2554 839 2583 si

149 2597 233 2634 <latis
249 2599 308 2628 uni
331 2598 472 2635 homini,
487 2607 516 2626 v.
538 2607 568 2636 g.
593 2601 736 2635 quatuor
760 2597 839 2626 assi-

149 2641 224 2678 bus,
240 2641 295 2671 alii
311 2643 454 2672 alterum
476 2645 606 2671 tantum
632 2639 708 2669 dare
731 2641 839 2678 cupis,

149 2688 226 2714 octo
256 2694 343 2715 asses
369 2685 472 2715 dabis.
526 2684 637 2713 Priore
666 2682 763 2712 modo
787 2682 841 2712 hic

146 2731 328 2767 usurpatur
341 2729 482 2759 alterum
494 2731 633 2757 tantum.
678 2725 725 2756 Ut
740 2725 843 2764 pluri-

153 2779 244 2800 mum
258 2771 364 2806 enim,
379 2776 465 2801 teste
489 2769 634 2810 Polybio,
651 2768 672 2798 1.
688 2768 743 2798 VI.
760 2778 841 2807 qua-

149 2818 229 2842 tuor
243 2813 428 2853 legionibus
439 2813 595 2844 Romanis
611 2822 669 2852 par
684 2821 842 2842 numerus

150 2856 303 2896 peditum
329 2867 348 2886 e
373 2857 513 2894 Latinis,
540 2856 659 2895 duplex
690 2855 841 2895 equitum

876 1821 1050 1850 ciebantur
1078 1832 1095 1850 e
1127 1821 1246 1851 Latino
1285 1822 1415 1852 delectu
1456 1824 1568 1856 19760.

876 1863 1014 1903 paulum
1029 1864 1157 1894 scilicet
1174 1865 1356 1895 excedente
1374 1866 1569 1897 Latinorum

879 1917 1031 1944 numero,
1046 1908 1087 1937 ob
1103 1907 1268 1947 duplicem
1285 1910 1435 1947 equitum
1452 1919 1569 1938 nume-

879 1959 964 1979 rum.
994 1951 1141 1980 Alterum
1160 1956 1288 1981 tantum
1301 1952 1480 1991 posteriore
1496 1962 1570 1982 sen-

877 2003 916 2023 su
933 1994 1076 2032 positum
1103 1995 1265 2032 reperitur
1286 2005 1388 2033 quum
1414 1994 1490 2025 alibi
1510 2005 1570 2025 sae-

879 2037 967 2076 pius,
984 2042 1057 2066 tum
1075 2037 1161 2066 infra
1177 2037 1217 2067 X.
1233 2039 1287 2068 46.

924 2080 962 2110 63
987 2080 1089 2120 Caput
1092 2077 1261 2121 jecinoris]
1280 2080 1367 2120 Quid
1380 2081 1570 2117 injecinore

877 2126 978 2162 caput
1003 2123 1254 2162 appellaverint,
1279 2123 1366 2153 haud
1392 2124 1470 2153 satis
1493 2134 1570 2154 con·

879 2169 956 2195 stat.
1001 2166 1149 2196 fortasse
1165 2176 1330 2196 summam
1343 2166 1414 2205 ejus
1427 2171 1568 2207 partem,

880 2218 953 2247 quae
969 2213 1004 2240 et
1027 2219 1171 2239 convexa
1193 2215 1256 2248 est,
1272 2214 1307 2240 et
1329 2211 1499 2249 angustior
1522 2212 1570 2240 in-

885 2253 972 2282 fima.
1030 2252 1230 2292 Quanquam
1268 2254 1320 2282 vix
1358 2253 1570 2292 intelligitur,

883 2295 1048 2334 quomodo
1064 2295 1133 2325 baec
1151 2306 1223 2336 pars
1241 2297 1386 2335 potuerit
1402 2296 1569 2326 interdum

884 2339 1008 2376 abesse,
1025 2339 1112 2378 quod
1135 2339 1173 2368 de
1191 2339 1467 2379 capitejecinoris
1484 2339 1573 2379 haud

883 2392 956 2412 raro
973 2387 1109 2412 narrant
1123 2382 1309 2422 scriptores.

925 2425 966 2455 64
989 2425 1284 2465 Familiariparte]
1310 2426 1348 2462 ln
1359 2426 1507 2464 jecinore
1525 2425 1573 2454 fa-

882 2467 1045 2497 miliarem
1074 2473 1216 2507 partem,
1247 2477 1280 2497 et
1310 2468 1478 2506 hostilem,
1504 2469 1572 2498 sive

881 2518 1011 2550 partem
1046 2511 1170 2540 inimici
1205 2511 1464 2550 distinguebant.
1524 2512 1573 2542 Ex

883 2553 940 2583 illa
955 2560 1093 2584 eventus
1105 2564 1193 2591 ευοε,
1209 2564 1248 2585 ex
1266 2554 1327 2587 hae
1343 2554 1489 2585 hostium
1503 2554 1574 2584 fata.

882 2597 1092 2636 colligebant.

927 2641 967 2670 65
996 2639 1130 2679 Coesum]
1165 2639 1225 2669 Vel
1249 2640 1404 2676 incisum,
1420 2644 1571 2677 seetum;

885 2682 936 2712 vel
959 2683 1118 2719 decisum,
1135 2683 1183 2712 ita
1200 2688 1244 2712 <ut
1273 2685 1408 2714 omnino
1434 2684 1572 2714 abesset.

886 2725 1078 2755 Harduinus
1101 2726 1136 2755 in
1160 2727 1246 2755 notis
1270 2727 1311 2756 ad
1336 2727 1418 2757 Plin.
1442 2727 1501 2756 xl.
1521 2729 1574 2758 37.

885 2769 1138 2808 interpretatur,
1163 2769 1339 2800 vietiuiarii
1378 2770 1486 2801 cultro
1517 2777 1574 2808 pet

886 2811 1146 2852 imprudentiam
1163 2811 1290 2844 laesum.
