<?xml version="1.0" encoding="UTF-8"?>
<!DOCTYPE html PUBLIC "-//W3C//DTD XHTML 1.0 Transitional//EN"
    "http://www.w3.org/TR/xhtml1/DTD/xhtml1-transitional.dtd">
<html xmlns="http://www.w3.org/1999/xhtml" xml:lang="en" lang="en">
 <head>
  <title>
</title>
<meta http-equiv="Content-Type" content="text/html;charset=utf-8" />
  <meta name='ocr-system' content='tesseract 3.04.00' />
  <meta name='ocr-capabilities' content='ocr_page ocr_carea ocr_par ocr_line ocrx_word'/>
</head>
<body>
  <div class='ocr_page' id='page_1' title='image "./historiarumaburb01livyuoft_0113.png"; bbox 0 0 1991 3250; ppageno 0'>
   <div class='ocr_carea' id='block_1_1' title="bbox 639 83 1625 124">
    <p class='ocr_par' dir='ltr' id='par_1_1' title="bbox 639 83 1625 124">
     <span class='ocr_line' id='line_1_1' title="bbox 639 83 1625 124; baseline 0.002 -3"><span class='ocrx_word' id='word_1_1' title='bbox 639 83 761 123; x_wconf 88' lang='lat' dir='ltr'><strong>LIB.</strong></span> <span class='ocrx_word' id='word_1_2' title='bbox 790 84 840 122; x_wconf 88' lang='grc' dir='ltr'>Π.</span> <span class='ocrx_word' id='word_1_3' title='bbox 879 84 1008 120; x_wconf 81' lang='grc' dir='ltr'><strong>ΟΑΡ.</strong></span> <span class='ocrx_word' id='word_1_4' title='bbox 1035 83 1164 121; x_wconf 76' lang='lat' dir='ltr'><strong>XVII.</strong></span> <span class='ocrx_word' id='word_1_5' title='bbox 1217 110 1221 113; x_wconf 90' lang='lat'>-</span> <span class='ocrx_word' id='word_1_6' title='bbox 1554 89 1625 124; x_wconf 78' lang='lat'>101</span> 
     </span>
    </p>
   </div>
   <div class='ocr_carea' id='block_1_2' title="bbox 175 184 1991 1155">
    <p class='ocr_par' dir='ltr' id='par_1_2' title="bbox 175 184 1991 1155">
     <span class='ocr_line' id='line_1_2' title="bbox 241 184 1813 240; baseline 0 -14"><span class='ocrx_word' id='word_1_7' title='bbox 241 184 392 226; x_wconf 86' lang='lat' dir='ltr'>XVII.</span> <span class='ocrx_word' id='word_1_8' title='bbox 425 186 569 228; x_wconf 77' lang='lat' dir='ltr'>Secut‘i</span> <span class='ocrx_word' id='word_1_9' title='bbox 602 185 811 235; x_wconf 82' lang='lat' dir='ltr'>consules,</span> <span class='ocrx_word' id='word_1_10' title='bbox 833 184 983 238; x_wconf 84' lang='lat' dir='ltr'>Opiter</span> <span class='ocrx_word' id='word_1_11' title='bbox 1011 184 1231 240; x_wconf 76' lang='lat' dir='ltr'><strong>Virginius</strong></span> <span class='ocrx_word' id='word_1_12' title='bbox 1262 194 1304 225; x_wconf 84' lang='lat' dir='ltr'>et</span> <span class='ocrx_word' id='word_1_13' title='bbox 1328 185 1402 239; x_wconf 70' lang='lat' dir='ltr'>Sp.</span> <span class='ocrx_word' id='word_1_14' title='bbox 1435 185 1622 236; x_wconf 78' lang='lat' dir='ltr'>Cassius,</span> <span class='ocrx_word' id='word_1_15' title='bbox 1636 191 1673 220; x_wconf 88' lang='lat' dir='ltr'>U·</span> <span class='ocrx_word' id='word_1_16' title='bbox 1691 193 1724 220; x_wconf 78' lang='lat' dir='ltr'>C·</span> <span class='ocrx_word' id='word_1_17' title='bbox 1743 195 1813 221; x_wconf 72' lang='lat'><em>‘2⁵2-</em></span> 
     </span>
     <span class='ocr_line' id='line_1_3' title="bbox 185 234 1817 298; baseline 0 -16"><span class='ocrx_word' id='word_1_18' title='bbox 185 241 423 284; x_wconf 78' lang='lat' dir='ltr'>Pometiam</span> <span class='ocrx_word' id='word_1_19' title='bbox 456 244 594 298; x_wconf 87' lang='lat' dir='ltr'>primo</span> <span class='ocrx_word' id='word_1_20' title='bbox 627 244 682 293; x_wconf 79' lang='lat' dir='ltr'>vi,</span> <span class='ocrx_word' id='word_1_21' title='bbox 704 241 858 283; x_wconf 87' lang='lat' dir='ltr'>deinde</span> <span class='ocrx_word' id='word_1_22' title='bbox 888 244 919 267; x_wconf 74' lang='lat'>⁹⁴</span> <span class='ocrx_word' id='word_1_23' title='bbox 933 242 1069 282; x_wconf 78' lang='lat' dir='ltr'>vineis</span> <span class='ocrx_word' id='word_1_24' title='bbox 1100 242 1276 296; x_wconf 82' lang='lat' dir='ltr'>aliisque</span> <span class='ocrx_word' id='word_1_25' title='bbox 1309 242 1523 296; x_wconf 78' lang='lat' dir='ltr'>operibus,</span> <span class='ocrx_word' id='word_1_26' title='bbox 1547 234 1727 283; x_wconf 45' lang='lat' dir='ltr'>‘&#39;b-Ac.</span> <span class='ocrx_word' id='word_1_27' title='bbox 1746 239 1817 264; x_wconf 73' lang='lat'>5⁰⁰·</span> 
     </span>
     <span class='ocr_line' id='line_1_4' title="bbox 180 298 1623 355; baseline 0 -16"><span class='ocrx_word' id='word_1_28' title='bbox 180 310 492 355; x_wconf 84' lang='lat' dir='ltr'>pugnaverunt..</span> <span class='ocrx_word' id='word_1_29' title='bbox 524 301 564 341; x_wconf 92' lang='lat' dir='ltr'>in</span> <span class='ocrx_word' id='word_1_30' title='bbox 587 315 692 355; x_wconf 88' lang='lat' dir='ltr'>quos</span> <span class='ocrx_word' id='word_1_31' title='bbox 722 299 930 347; x_wconf 85' lang='lat' dir='ltr'><strong>Aurunci,</strong></span> <span class='ocrx_word' id='word_1_32' title='bbox 951 299 1087 354; x_wconf 80' lang='lat' dir='ltr'>magis</span> <span class='ocrx_word' id='word_1_33' title='bbox 1111 298 1202 354; x_wconf 82' lang='lat' dir='ltr'>jam</span> <span class='ocrx_word' id='word_1_34' title='bbox 1228 298 1477 353; x_wconf 66' lang='lat' dir='ltr'>inexpiabili</span> <span class='ocrx_word' id='word_1_35' title='bbox 1507 301 1623 350; x_wconf 86' lang='lat' dir='ltr'>odio,</span> 
     </span>
     <span class='ocr_line' id='line_1_5' title="bbox 183 355 1623 412; baseline 0 -16"><span class='ocrx_word' id='word_1_36' title='bbox 183 370 312 411; x_wconf 81' lang='lat' dir='ltr'>quam</span> <span class='ocrx_word' id='word_1_37' title='bbox 343 372 417 411; x_wconf 84' lang='lat' dir='ltr'>spe</span> <span class='ocrx_word' id='word_1_38' title='bbox 447 358 585 412; x_wconf 87' lang='lat' dir='ltr'>aliqua</span> <span class='ocrx_word' id='word_1_39' title='bbox 616 366 689 397; x_wconf 88' lang='lat' dir='ltr'>aut</span> <span class='ocrx_word' id='word_1_40' title='bbox 724 356 965 407; x_wconf 75' lang='lat' dir='ltr'>occasione,</span> <span class='ocrx_word' id='word_1_41' title='bbox 997 356 1150 406; x_wconf 88' lang='lat' dir='ltr'>coorti,</span> <span class='ocrx_word' id='word_1_42' title='bbox 1181 370 1312 410; x_wconf 83' lang='lat' dir='ltr'>quum</span> <span class='ocrx_word' id='word_1_43' title='bbox 1346 355 1485 411; x_wconf 83' lang='lat' dir='ltr'>plures</span> <span class='ocrx_word' id='word_1_44' title='bbox 1516 357 1623 411; x_wconf 81' lang='lat' dir='ltr'>igni,</span> 
     </span>
     <span class='ocr_line' id='line_1_6' title="bbox 182 411 1623 468; baseline 0 -15"><span class='ocrx_word' id='word_1_45' title='bbox 182 427 311 468; x_wconf 88' lang='lat' dir='ltr'>quam</span> <span class='ocrx_word' id='word_1_46' title='bbox 354 415 478 464; x_wconf 81' lang='lat' dir='ltr'>t&#39;erro,</span> <span class='ocrx_word' id='word_1_47' title='bbox 515 414 666 454; x_wconf 84' lang='lat' dir='ltr'>armati</span> <span class='ocrx_word' id='word_1_48' title='bbox 710 413 1134 462; x_wconf 79' lang='lat' dir='ltr'>⁰⁵excucu1·rissent⁵,</span> <span class='ocrx_word' id='word_1_49' title='bbox 1176 411 1296 453; x_wconf 78' lang='lat' dir='ltr'>caede</span> <span class='ocrx_word' id='word_1_50' title='bbox 1338 412 1623 467; x_wconf 84' lang='lat' dir='ltr'>incendioque</span> 
     </span>
     <span class='ocr_line' id='line_1_7' title="bbox 181 469 1622 526; baseline 0 -16"><span class='ocrx_word' id='word_1_51' title='bbox 181 480 340 512; x_wconf 86' lang='lat' dir='ltr'>cuncta</span> <span class='ocrx_word' id='word_1_52' title='bbox 361 471 591 526; x_wconf 83' lang='lat' dir='ltr'>complent.</span> <span class='ocrx_word' id='word_1_53' title='bbox 628 470 763 511; x_wconf 78' lang='lat' dir='ltr'>vineis</span> <span class='ocrx_word' id='word_1_54' title='bbox 786 470 985 520; x_wconf 81' lang='lat' dir='ltr'>incensis,</span> <span class='ocrx_word' id='word_1_55' title='bbox 1005 469 1146 510; x_wconf 80' lang='lat' dir='ltr'>multis</span> <span class='ocrx_word' id='word_1_56' title='bbox 1171 469 1359 510; x_wconf 74' lang='lat' dir='ltr'>hostium</span> <span class='ocrx_word' id='word_1_57' title='bbox 1393 469 1622 510; x_wconf 79' lang='lat' dir='ltr'>vulneratis</span> 
     </span>
     <span class='ocr_line' id='line_1_8' title="bbox 178 526 1622 582; baseline 0 -14"><span class='ocrx_word' id='word_1_58' title='bbox 178 537 225 568; x_wconf 84' lang='lat' dir='ltr'>et</span> <span class='ocrx_word' id='word_1_59' title='bbox 257 528 423 578; x_wconf 78' lang='lat' dir='ltr'>occisis,</span> <span class='ocrx_word' id='word_1_60' title='bbox 456 527 678 569; x_wconf 87' lang='lat' dir='ltr'>consulum</span> <span class='ocrx_word' id='word_1_61' title='bbox 715 542 885 582; x_wconf 90' lang='lat' dir='ltr'>quoque</span> <span class='ocrx_word' id='word_1_62' title='bbox 920 526 1114 577; x_wconf 82' lang='lat' dir='ltr'>alterurn,</span> <span class='ocrx_word' id='word_1_63' title='bbox 1147 527 1238 579; x_wconf 81' lang='lat' dir='ltr'>(sed</span> <span class='ocrx_word' id='word_1_64' title='bbox 1272 536 1431 577; x_wconf 88' lang='lat' dir='ltr'>utrum,</span> <span class='ocrx_word' id='word_1_65' title='bbox 1466 541 1622 568; x_wconf 85' lang='lat' dir='ltr'>nomen</span> 
     </span>
     <span class='ocr_line' id='line_1_9' title="bbox 182 583 1621 641; baseline -0.001 -16"><span class='ocrx_word' id='word_1_66' title='bbox 182 593 374 625; x_wconf 78' lang='lat' dir='ltr'>auctores</span> <span class='ocrx_word' id='word_1_67' title='bbox 408 599 494 625; x_wconf 89' lang='lat' dir='ltr'>non</span> <span class='ocrx_word' id='word_1_68' title='bbox 533 584 761 640; x_wconf 84' lang='lat' dir='ltr'>adjiciunt)</span> <span class='ocrx_word' id='word_1_69' title='bbox 795 584 912 641; x_wconf 78' lang='lat' dir='ltr'>gravi</span> <span class='ocrx_word' id='word_1_70' title='bbox 948 584 1120 625; x_wconf 79' lang='lat' dir='ltr'>vulnere</span> <span class='ocrx_word' id='word_1_71' title='bbox 1152 598 1206 623; x_wconf 75' lang='lat' dir='ltr'>ex</span> <span class='ocrx_word' id='word_1_72' title='bbox 1240 597 1350 639; x_wconf 87' lang='lat' dir='ltr'>equo</span> <span class='ocrx_word' id='word_1_73' title='bbox 1389 583 1621 638; x_wconf 78' lang='lat' dir='ltr'>dejectum,</span> 
     </span>
     <span class='ocr_line' id='line_1_10' title="bbox 180 640 1621 697; baseline 0.001 -16"><span class='ocrx_word' id='word_1_74' title='bbox 180 656 316 697; x_wconf 86' lang='lat' dir='ltr'><strong>prope</strong></span> <span class='ocrx_word' id='word_1_75' title='bbox 335 641 655 683; x_wconf 85' lang='lat' dir='ltr'>interfecerunt.</span> <span class='ocrx_word' id='word_1_76' title='bbox 717 641 900 682; x_wconf 82' lang='lat' dir='ltr'>Romam</span> <span class='ocrx_word' id='word_1_77' title='bbox 933 641 1047 691; x_wconf 89' lang='lat' dir='ltr'>inde,</span> <span class='ocrx_word' id='word_1_78' title='bbox 1070 640 1178 681; x_wconf 84' lang='lat' dir='ltr'>male</span> <span class='ocrx_word' id='word_1_79' title='bbox 1201 650 1319 696; x_wconf 81' lang='lat' dir='ltr'>gesta</span> <span class='ocrx_word' id='word_1_80' title='bbox 1342 655 1398 690; x_wconf 86' lang='lat' dir='ltr'>re,</span> <span class='ocrx_word' id='word_1_81' title='bbox 1422 641 1621 682; x_wconf 87' lang='lat' dir='ltr'>reditum.</span> 
     </span>
     <span class='ocr_line' id='line_1_11' title="bbox 179 697 1991 754; baseline -0.002 -16"><span class='ocrx_word' id='word_1_82' title='bbox 179 700 290 739; x_wconf 88' lang='lat' dir='ltr'>inter</span> <span class='ocrx_word' id='word_1_83' title='bbox 319 698 476 739; x_wconf 85' lang='lat' dir='ltr'>multos</span> <span class='ocrx_word' id='word_1_84' title='bbox 501 699 666 740; x_wconf 86' lang='lat' dir='ltr'>saucios</span> <span class='ocrx_word' id='word_1_85' title='bbox 698 698 847 739; x_wconf 85' lang='lat' dir='ltr'>consul</span> <span class='ocrx_word' id='word_1_86' title='bbox 871 712 944 754; x_wconf 83' lang='lat' dir='ltr'>spe</span> <span class='ocrx_word' id='word_1_87' title='bbox 966 700 1129 739; x_wconf 86' lang='lat' dir='ltr'>incerta</span> <span class='ocrx_word' id='word_1_88' title='bbox 1159 699 1258 738; x_wconf 71' lang='lat' dir='ltr'>vitae</span> <span class='ocrx_word' id='word_1_89' title='bbox 1281 702 1313 726; x_wconf 71' lang='grc'>96</span> <span class='ocrx_word' id='word_1_90' title='bbox 1329 698 1516 738; x_wconf 80' lang='lat' dir='ltr'>relictus.</span> <span class='ocrx_word' id='word_1_91' title='bbox 1550 697 1623 738; x_wconf 90' lang='lat' dir='ltr'>In-</span> <span class='ocrx_word' id='word_1_92' title='bbox 1989 697 1991 734; x_wconf 83' lang='lat'>1</span> 
     </span>
     <span class='ocr_line' id='line_1_12' title="bbox 179 754 1991 811; baseline -0.001 -15"><span class='ocrx_word' id='word_1_93' title='bbox 179 755 358 810; x_wconf 72' lang='lat' dir='ltr'>tenjecto</span> <span class='ocrx_word' id='word_1_94' title='bbox 389 756 542 796; x_wconf 86' lang='lat' dir='ltr'>deinde</span> <span class='ocrx_word' id='word_1_95' title='bbox 562 756 676 797; x_wconf 87' lang='lat' dir='ltr'>haud</span> <span class='ocrx_word' id='word_1_96' title='bbox 704 770 861 811; x_wconf 84' lang='lat' dir='ltr'>magno</span> <span class='ocrx_word' id='word_1_97' title='bbox 885 756 1040 811; x_wconf 84' lang='lat' dir='ltr'>spatio,</span> <span class='ocrx_word' id='word_1_98' title='bbox 1062 755 1175 810; x_wconf 87' lang='lat' dir='ltr'>quod</span> <span class='ocrx_word' id='word_1_99' title='bbox 1201 754 1446 795; x_wconf 85' lang='lat' dir='ltr'>vulneribus</span> <span class='ocrx_word' id='word_1_100' title='bbox 1470 769 1623 796; x_wconf 83' lang='lat' dir='ltr'>curan-</span> <span class='ocrx_word' id='word_1_101' title='bbox 1989 762 1991 809; x_wconf 66' lang='lat' dir='ltr'>l</span> 
     </span>
     <span class='ocr_line' id='line_1_13' title="bbox 179 812 1991 868; baseline 0 -15"><span class='ocrx_word' id='word_1_102' title='bbox 179 812 242 853; x_wconf 88' lang='lat' dir='ltr'>dis</span> <span class='ocrx_word' id='word_1_103' title='bbox 281 812 604 868; x_wconf 79' lang='lat' dir='ltr'>supplendoque</span> <span class='ocrx_word' id='word_1_104' title='bbox 639 813 849 854; x_wconf 85' lang='lat' dir='ltr'>exercitui</span> <span class='ocrx_word' id='word_1_105' title='bbox 890 813 990 853; x_wconf 83' lang='lat' dir='ltr'>satis</span> <span class='ocrx_word' id='word_1_106' title='bbox 1031 821 1154 862; x_wconf 84' lang='lat' dir='ltr'>esset,</span> <span class='ocrx_word' id='word_1_107' title='bbox 1184 820 1273 851; x_wconf 85' lang='lat' dir='ltr'>tum</span> <span class='ocrx_word' id='word_1_108' title='bbox 1315 817 1346 841; x_wconf 80' lang='lat'>97</span> <span class='ocrx_word' id='word_1_109' title='bbox 1365 812 1425 852; x_wconf 87' lang='lat' dir='ltr'>ira</span> <span class='ocrx_word' id='word_1_110' title='bbox 1459 812 1622 867; x_wconf 87' lang='lat' dir='ltr'>majore</span> <span class='ocrx_word' id='word_1_111' title='bbox 1988 819 1991 868; x_wconf 62' lang='lat'>,²</span> 
     </span>
     <span class='ocr_line' id='line_1_14' title="bbox 180 868 1623 921; baseline 0 -11"><span class='ocrx_word' id='word_1_112' title='bbox 180 868 293 919; x_wconf 87' lang='lat' dir='ltr'>belli,</span> <span class='ocrx_word' id='word_1_113' title='bbox 325 878 414 910; x_wconf 87' lang='lat' dir='ltr'>tum</span> <span class='ocrx_word' id='word_1_114' title='bbox 448 870 611 912; x_wconf 74' lang='lat' dir='ltr'>viribus</span> <span class='ocrx_word' id='word_1_115' title='bbox 645 871 773 911; x_wconf 88' lang='lat' dir='ltr'>etiam</span> <span class='ocrx_word' id='word_1_116' title='bbox 810 870 962 921; x_wconf 82' lang='lat' dir='ltr'>auctis,</span> <span class='ocrx_word' id='word_1_117' title='bbox 996 869 1204 909; x_wconf 78' lang='lat' dir='ltr'>Pometiae</span> <span class='ocrx_word' id='word_1_118' title='bbox 1239 883 1354 909; x_wconf 80' lang='lat' dir='ltr'>arma</span> <span class='ocrx_word' id='word_1_119' title='bbox 1390 868 1535 909; x_wconf 85' lang='lat' dir='ltr'>inlata.</span> <span class='ocrx_word' id='word_1_120' title='bbox 1579 880 1623 910; x_wconf 79' lang='lat' dir='ltr'>et</span> 
     </span>
     <span class='ocr_line' id='line_1_15' title="bbox 177 925 1621 983; baseline 0 -17"><span class='ocrx_word' id='word_1_121' title='bbox 177 940 325 980; x_wconf 86' lang='lat' dir='ltr'>quum,</span> <span class='ocrx_word' id='word_1_122' title='bbox 349 926 481 967; x_wconf 87' lang='lat' dir='ltr'>vineis</span> <span class='ocrx_word' id='word_1_123' title='bbox 503 927 674 968; x_wconf 80' lang='lat' dir='ltr'>refectis</span> <span class='ocrx_word' id='word_1_124' title='bbox 705 927 872 983; x_wconf 86' lang='lat' dir='ltr'>aliaque</span> <span class='ocrx_word' id='word_1_125' title='bbox 902 926 1013 967; x_wconf 91' lang='lat' dir='ltr'>mole</span> <span class='ocrx_word' id='word_1_126' title='bbox 1041 926 1155 976; x_wconf 87' lang='lat' dir='ltr'>belli,</span> <span class='ocrx_word' id='word_1_127' title='bbox 1172 925 1263 980; x_wconf 85' lang='lat' dir='ltr'>jam</span> <span class='ocrx_word' id='word_1_128' title='bbox 1289 926 1330 965; x_wconf 90' lang='lat' dir='ltr'>in</span> <span class='ocrx_word' id='word_1_129' title='bbox 1353 940 1404 966; x_wconf 88' lang='lat' dir='ltr'>eo</span> <span class='ocrx_word' id='word_1_130' title='bbox 1426 937 1550 976; x_wconf 87' lang='lat' dir='ltr'>esset,</span> <span class='ocrx_word' id='word_1_131' title='bbox 1575 936 1621 966; x_wconf 88' lang='lat' dir='ltr'>ut</span> 
     </span>
     <span class='ocr_line' id='line_1_16' title="bbox 175 982 1619 1036; baseline 0.001 -13"><span class='ocrx_word' id='word_1_132' title='bbox 175 983 221 1024; x_wconf 92' lang='lat' dir='ltr'>in</span> <span class='ocrx_word' id='word_1_133' title='bbox 253 997 396 1024; x_wconf 85' lang='lat' dir='ltr'>muros</span> <span class='ocrx_word' id='word_1_134' title='bbox 426 985 625 1025; x_wconf 81' lang='lat' dir='ltr'>evaderet</span> <span class='ocrx_word' id='word_1_135' title='bbox 651 984 785 1036; x_wconf 90' lang='lat' dir='ltr'>miles,</span> <span class='ocrx_word' id='word_1_136' title='bbox 806 984 968 1026; x_wconf 88' lang='lat' dir='ltr'>deditio</span> <span class='ocrx_word' id='word_1_137' title='bbox 1000 993 1065 1024; x_wconf 84' lang='lat' dir='ltr'>est</span> <span class='ocrx_word' id='word_1_138' title='bbox 1096 982 1224 1023; x_wconf 85' lang='lat' dir='ltr'>facta.</span> <span class='ocrx_word' id='word_1_139' title='bbox 1264 991 1452 1023; x_wconf 87' lang='lat' dir='ltr'>ceterum</span> <span class='ocrx_word' id='word_1_140' title='bbox 1485 982 1619 1025; x_wconf 86' lang='lat' dir='ltr'>nihilo</span> 
     </span>
     <span class='ocr_line' id='line_1_17' title="bbox 175 1038 1621 1097; baseline 0 -17"><span class='ocrx_word' id='word_1_141' title='bbox 175 1040 318 1081; x_wconf 86' lang='lat' dir='ltr'>miuus</span> <span class='ocrx_word' id='word_1_142' title='bbox 341 1040 472 1092; x_wconf 87' lang='lat' dir='ltr'>foede,</span> <span class='ocrx_word' id='word_1_143' title='bbox 495 1042 639 1083; x_wconf 86' lang='lat' dir='ltr'>dedita</span> <span class='ocrx_word' id='word_1_144' title='bbox 659 1043 776 1093; x_wconf 89' lang='lat' dir='ltr'>urbe,</span> <span class='ocrx_word' id='word_1_145' title='bbox 798 1056 927 1097; x_wconf 86' lang='lat' dir='ltr'>quam</span> <span class='ocrx_word' id='word_1_146' title='bbox 949 1040 984 1081; x_wconf 83' lang='lat' dir='ltr'>si</span> <span class='ocrx_word' id='word_1_147' title='bbox 1014 1050 1141 1094; x_wconf 82' lang='lat' dir='ltr'>capta</span> <span class='ocrx_word' id='word_1_148' title='bbox 1163 1039 1287 1090; x_wconf 86' lang='lat' dir='ltr'>foret,</span> <span class='ocrx_word' id='word_1_149' title='bbox 1310 1038 1502 1080; x_wconf 82' lang='lat' dir='ltr'>Aurunci</span> <span class='ocrx_word' id='word_1_150' title='bbox 1526 1054 1621 1094; x_wconf 83' lang='lat' dir='ltr'>pas-</span> 
     </span>
     <span class='ocr_line' id='line_1_18' title="bbox 177 1097 1620 1155; baseline -0.001 -17"><span class='ocrx_word' id='word_1_151' title='bbox 177 1097 256 1139; x_wconf 84' lang='lat' dir='ltr'>sim</span> <span class='ocrx_word' id='word_1_152' title='bbox 279 1098 491 1155; x_wconf 84' lang='lat' dir='ltr'>principes</span> <span class='ocrx_word' id='word_1_153' title='bbox 523 1099 658 1140; x_wconf 81' lang='lat' dir='ltr'>securi</span> <span class='ocrx_word' id='word_1_154' title='bbox 689 1098 892 1154; x_wconf 86' lang='lat' dir='ltr'>percussi,</span> <span class='ocrx_word' id='word_1_155' title='bbox 914 1100 945 1125; x_wconf 68' lang='lat'>⁹⁸</span> <span class='ocrx_word' id='word_1_156' title='bbox 961 1098 1039 1139; x_wconf 85' lang='lat' dir='ltr'>sub</span> <span class='ocrx_word' id='word_1_157' title='bbox 1064 1111 1223 1138; x_wconf 84' lang='lat' dir='ltr'>corona</span> <span class='ocrx_word' id='word_1_158' title='bbox 1246 1097 1470 1138; x_wconf 77' lang='lat' dir='ltr'>venierunt</span> <span class='ocrx_word' id='word_1_159' title='bbox 1500 1105 1532 1127; x_wconf 79' lang='lat'>99</span> <span class='ocrx_word' id='word_1_160' title='bbox 1547 1111 1620 1137; x_wconf 92' lang='lat' dir='ltr'>co-</span> 
     </span>
    </p>
   </div>
   <div class='ocr_carea' id='block_1_3' title="bbox 663 1189 1991 1247">
    <p class='ocr_par' dir='ltr' id='par_1_3' title="bbox 663 1189 1991 1247">
     <span class='ocr_line' id='line_1_19' title="bbox 663 1189 1991 1247; baseline -0.003 -28"><span class='ocrx_word' id='word_1_161' title='bbox 663 1195 673 1209; x_wconf 82' lang='lat'>⁵</span> <span class='ocrx_word' id='word_1_162' title='bbox 695 1190 902 1220; x_wconf 68' lang='lat' dir='ltr'>excurrissent</span> <span class='ocrx_word' id='word_1_163' title='bbox 917 1191 1017 1219; x_wconf 87' lang='lat' dir='ltr'>Gron.</span> <span class='ocrx_word' id='word_1_164' title='bbox 1034 1189 1125 1219; x_wconf 80' lang='lat' dir='ltr'>Crev.</span> <span class='ocrx_word' id='word_1_165' title='bbox 1987 1217 1991 1247; x_wconf 62' lang='grc' dir='ltr'>Ι</span> 
     </span>
    </p>
   </div>
   <div class='ocr_carea' id='block_1_4' title="bbox 176 1262 1989 1434">
    <p class='ocr_par' dir='ltr' id='par_1_4' title="bbox 176 1262 1989 1434">
     <span class='ocr_line' id='line_1_20' title="bbox 176 1262 1989 1305; baseline -0.001 -11"><span class='ocrx_word' id='word_1_166' title='bbox 176 1262 315 1302; x_wconf 74' lang='lat' dir='ltr'>habent,</span> <span class='ocrx_word' id='word_1_167' title='bbox 330 1268 415 1295; x_wconf 85' lang='lat' dir='ltr'>teste</span> <span class='ocrx_word' id='word_1_168' title='bbox 438 1265 617 1301; x_wconf 64' lang='lat' dir='ltr'>Gronovim</span> <span class='ocrx_word' id='word_1_169' title='bbox 633 1266 686 1296; x_wconf 80' lang='lat' dir='ltr'>ira</span> <span class='ocrx_word' id='word_1_170' title='bbox 710 1266 783 1296; x_wconf 59' lang='lat' dir='ltr'>bella·</span> <span class='ocrx_word' id='word_1_171' title='bbox 806 1267 872 1296; x_wconf 77' lang='lat' dir='ltr'>hos-</span> <span class='ocrx_word' id='word_1_172' title='bbox 917 1274 979 1295; x_wconf 89' lang='lat' dir='ltr'>nec</span> <span class='ocrx_word' id='word_1_173' title='bbox 1004 1274 1137 1305; x_wconf 88' lang='lat' dir='ltr'>prorsus</span> <span class='ocrx_word' id='word_1_174' title='bbox 1164 1262 1423 1295; x_wconf 82' lang='lat' dir='ltr'>admittendum.</span> <span class='ocrx_word' id='word_1_175' title='bbox 1470 1263 1618 1293; x_wconf 89' lang='lat' dir='ltr'>Omnino</span> <span class='ocrx_word' id='word_1_176' title='bbox 1987 1288 1989 1303; x_wconf 34' lang='grc' dir='ltr'><em>Λ</em></span> 
     </span>
     <span class='ocr_line' id='line_1_21' title="bbox 177 1307 1617 1348; baseline -0.001 -10"><span class='ocrx_word' id='word_1_177' title='bbox 177 1309 243 1338; x_wconf 74' lang='lat' dir='ltr'>tilis</span> <span class='ocrx_word' id='word_1_178' title='bbox 273 1310 446 1339; x_wconf 74' lang='lat' dir='ltr'>abstinuit:</span> <span class='ocrx_word' id='word_1_179' title='bbox 481 1310 567 1339; x_wconf 87' lang='lat' dir='ltr'>unde</span> <span class='ocrx_word' id='word_1_180' title='bbox 598 1308 653 1338; x_wconf 91' lang='lat' dir='ltr'>ille</span> <span class='ocrx_word' id='word_1_181' title='bbox 678 1310 793 1347; x_wconf 83' lang='lat' dir='ltr'>efficit,</span> <span class='ocrx_word' id='word_1_182' title='bbox 820 1311 873 1339; x_wconf 77' lang='lat' dir='ltr'>ira</span> <span class='ocrx_word' id='word_1_183' title='bbox 918 1309 969 1338; x_wconf 90' lang='lat' dir='ltr'>vix</span> <span class='ocrx_word' id='word_1_184' title='bbox 994 1309 1066 1338; x_wconf 84' lang='lat' dir='ltr'>fieri</span> <span class='ocrx_word' id='word_1_185' title='bbox 1090 1312 1213 1348; x_wconf 85' lang='lat' dir='ltr'>potest,</span> <span class='ocrx_word' id='word_1_186' title='bbox 1238 1313 1276 1337; x_wconf 86' lang='lat' dir='ltr'>ut</span> <span class='ocrx_word' id='word_1_187' title='bbox 1300 1307 1432 1338; x_wconf 87' lang='lat' dir='ltr'>Livium</span> <span class='ocrx_word' id='word_1_188' title='bbox 1457 1316 1617 1346; x_wconf 77' lang='lat' dir='ltr'>negemus</span> 
     </span>
     <span class='ocr_line' id='line_1_22' title="bbox 178 1351 1617 1390; baseline -0.001 -9"><span class='ocrx_word' id='word_1_189' title='bbox 178 1353 250 1382; x_wconf 78' lang='lat' dir='ltr'>belli</span> <span class='ocrx_word' id='word_1_190' title='bbox 265 1353 390 1382; x_wconf 76' lang='lat' dir='ltr'>hostilia</span> <span class='ocrx_word' id='word_1_191' title='bbox 412 1353 579 1382; x_wconf 76' lang='lat' dir='ltr'>abstinuit.</span> <span class='ocrx_word' id='word_1_192' title='bbox 616 1353 698 1383; x_wconf 78' lang='lat' dir='ltr'>Tres</span> <span class='ocrx_word' id='word_1_193' title='bbox 717 1363 734 1381; x_wconf 87' lang='lat' dir='ltr'>e</span> <span class='ocrx_word' id='word_1_194' title='bbox 752 1354 873 1383; x_wconf 82' lang='lat' dir='ltr'>nostris</span> <span class='ocrx_word' id='word_1_195' title='bbox 918 1352 953 1382; x_wconf 89' lang='lat' dir='ltr'>in</span> <span class='ocrx_word' id='word_1_196' title='bbox 977 1351 1039 1382; x_wconf 84' lang='lat' dir='ltr'>hae</span> <span class='ocrx_word' id='word_1_197' title='bbox 1063 1352 1142 1381; x_wconf 84' lang='lat' dir='ltr'>belli</span> <span class='ocrx_word' id='word_1_198' title='bbox 1168 1351 1317 1382; x_wconf 84' lang='lat' dir='ltr'>Aurunci</span> <span class='ocrx_word' id='word_1_199' title='bbox 1346 1351 1536 1381; x_wconf 81' lang='lat' dir='ltr'>narratione</span> <span class='ocrx_word' id='word_1_200' title='bbox 1560 1361 1617 1390; x_wconf 86' lang='lat' dir='ltr'>pa-</span> 
     </span>
     <span class='ocr_line' id='line_1_23' title="bbox 177 1395 1618 1434; baseline -0.001 -10"><span class='ocrx_word' id='word_1_201' title='bbox 177 1396 398 1434; x_wconf 76' lang='lat' dir='ltr'>antiquissimi</span> <span class='ocrx_word' id='word_1_202' title='bbox 416 1396 528 1425; x_wconf 81' lang='lat' dir='ltr'>favent</span> <span class='ocrx_word' id='word_1_203' title='bbox 546 1396 589 1432; x_wconf 89' lang='lat' dir='ltr'>ei,</span> <span class='ocrx_word' id='word_1_204' title='bbox 605 1405 678 1434; x_wconf 79' lang='lat' dir='ltr'>quae</span> <span class='ocrx_word' id='word_1_205' title='bbox 695 1396 800 1426; x_wconf 87' lang='lat' dir='ltr'>editos</span> <span class='ocrx_word' id='word_1_206' title='bbox 817 1397 874 1426; x_wconf 87' lang='lat' dir='ltr'>ob·</span> <span class='ocrx_word' id='word_1_207' title='bbox 918 1404 993 1425; x_wconf 84' lang='lat' dir='ltr'>rum</span> <span class='ocrx_word' id='word_1_208' title='bbox 1032 1395 1133 1425; x_wconf 85' lang='lat' dir='ltr'>fuisse</span> <span class='ocrx_word' id='word_1_209' title='bbox 1170 1395 1380 1434; x_wconf 84' lang='lat' dir='ltr'>diligentem.</span> <span class='ocrx_word' id='word_1_210' title='bbox 1436 1395 1618 1432; x_wconf 83' lang='lat' dir='ltr'>Postquam</span> 
     </span>
    </p>
   </div>
   <div class='ocr_carea' id='block_1_5' title="bbox 169 1438 874 2869">
    <p class='ocr_par' dir='ltr' id='par_1_5' title="bbox 174 1438 874 1512">
     <span class='ocr_line' id='line_1_24' title="bbox 174 1438 874 1479; baseline 0.003 -11"><span class='ocrx_word' id='word_1_211' title='bbox 174 1439 306 1469; x_wconf 78' lang='lat' dir='ltr'>tinebat</span> <span class='ocrx_word' id='word_1_212' title='bbox 322 1445 399 1468; x_wconf 81' lang='lat' dir='ltr'>ante</span> <span class='ocrx_word' id='word_1_213' title='bbox 416 1438 580 1479; x_wconf 89' lang='lat' dir='ltr'>Lipsium,</span> <span class='ocrx_word' id='word_1_214' title='bbox 596 1439 731 1469; x_wconf 86' lang='lat' dir='ltr'>lectioni</span> <span class='ocrx_word' id='word_1_215' title='bbox 745 1441 797 1470; x_wconf 81' lang='lat' dir='ltr'>ira</span> <span class='ocrx_word' id='word_1_216' title='bbox 812 1440 874 1470; x_wconf 79' lang='lat' dir='ltr'>bel-</span> 
     </span>
     <span class='ocr_line' id='line_1_25' title="bbox 177 1483 383 1512; baseline -0.005 0"><span class='ocrx_word' id='word_1_217' title='bbox 177 1483 201 1512; x_wconf 82' lang='lat' dir='ltr'>lz&#39;</span> <span class='ocrx_word' id='word_1_218' title='bbox 217 1483 383 1512; x_wconf 70' lang='lat' dir='ltr'>abstinuit.</span> 
     </span>
    </p>

    <p class='ocr_par' dir='ltr' id='par_1_6' title="bbox 172 1525 873 1863">
     <span class='ocr_line' id='line_1_26' title="bbox 220 1525 872 1564; baseline 0.002 -9"><span class='ocrx_word' id='word_1_219' title='bbox 220 1529 263 1559; x_wconf 74' lang='grc'>94</span> <span class='ocrx_word' id='word_1_220' title='bbox 288 1525 408 1564; x_wconf 74' lang='lat' dir='ltr'>Vincis]</span> <span class='ocrx_word' id='word_1_221' title='bbox 443 1525 557 1556; x_wconf 83' lang='lat' dir='ltr'>Vineae</span> <span class='ocrx_word' id='word_1_222' title='bbox 582 1531 679 1556; x_wconf 83' lang='lat' dir='ltr'>erant</span> <span class='ocrx_word' id='word_1_223' title='bbox 707 1526 872 1557; x_wconf 82' lang='lat' dir='ltr'>machinae</span> 
     </span>
     <span class='ocr_line' id='line_1_27' title="bbox 177 1569 873 1607; baseline 0.001 -9"><span class='ocrx_word' id='word_1_224' title='bbox 177 1569 277 1607; x_wconf 89' lang='lat' dir='ltr'>lignis</span> <span class='ocrx_word' id='word_1_225' title='bbox 300 1573 335 1599; x_wconf 77' lang='lat' dir='ltr'>et</span> <span class='ocrx_word' id='word_1_226' title='bbox 357 1569 502 1599; x_wconf 84' lang='lat' dir='ltr'>cratibus</span> <span class='ocrx_word' id='word_1_227' title='bbox 526 1574 706 1607; x_wconf 74' lang='lat' dir='ltr'>contextae,</span> <span class='ocrx_word' id='word_1_228' title='bbox 723 1579 761 1598; x_wconf 90' lang='lat' dir='ltr'>ac</span> <span class='ocrx_word' id='word_1_229' title='bbox 783 1572 873 1600; x_wconf 84' lang='lat' dir='ltr'>terra</span> 
     </span>
     <span class='ocr_line' id='line_1_28' title="bbox 176 1612 872 1652; baseline 0.001 -11"><span class='ocrx_word' id='word_1_230' title='bbox 176 1612 356 1652; x_wconf 83' lang='lat' dir='ltr'>adopertae,</span> <span class='ocrx_word' id='word_1_231' title='bbox 379 1622 452 1651; x_wconf 80' lang='lat' dir='ltr'>quae</span> <span class='ocrx_word' id='word_1_232' title='bbox 479 1613 636 1650; x_wconf 84' lang='lat' dir='ltr'>subjectis</span> <span class='ocrx_word' id='word_1_233' title='bbox 665 1612 782 1643; x_wconf 87' lang='lat' dir='ltr'>rotulis</span> <span class='ocrx_word' id='word_1_234' title='bbox 810 1613 872 1642; x_wconf 89' lang='lat' dir='ltr'>im—</span> 
     </span>
     <span class='ocr_line' id='line_1_29' title="bbox 174 1655 872 1696; baseline 0.003 -12"><span class='ocrx_word' id='word_1_235' title='bbox 174 1655 396 1696; x_wconf 82' lang='lat' dir='ltr'>pellebantur.</span> <span class='ocrx_word' id='word_1_236' title='bbox 454 1655 582 1686; x_wconf 88' lang='lat' dir='ltr'>Harum</span> <span class='ocrx_word' id='word_1_237' title='bbox 622 1661 713 1686; x_wconf 88' lang='lat' dir='ltr'>tecto</span> <span class='ocrx_word' id='word_1_238' title='bbox 748 1657 872 1687; x_wconf 87' lang='lat' dir='ltr'>muniti</span> 
     </span>
     <span class='ocr_line' id='line_1_30' title="bbox 175 1698 873 1731; baseline 0.004 -4"><span class='ocrx_word' id='word_1_239' title='bbox 175 1698 362 1729; x_wconf 83' lang='lat' dir='ltr'>obsidentes</span> <span class='ocrx_word' id='word_1_240' title='bbox 386 1699 437 1728; x_wconf 94' lang='lat' dir='ltr'>vel</span> <span class='ocrx_word' id='word_1_241' title='bbox 454 1709 628 1730; x_wconf 86' lang='lat' dir='ltr'>murorum</span> <span class='ocrx_word' id='word_1_242' title='bbox 651 1699 873 1731; x_wconf 74' lang='lat' dir='ltr'>fundamenta</span> 
     </span>
     <span class='ocr_line' id='line_1_31' title="bbox 173 1742 872 1781; baseline 0.003 -9"><span class='ocrx_word' id='word_1_243' title='bbox 173 1742 260 1772; x_wconf 80' lang='lat' dir='ltr'>ferro</span> <span class='ocrx_word' id='word_1_244' title='bbox 283 1743 500 1781; x_wconf 77' lang='lat' dir='ltr'>subruebant,</span> <span class='ocrx_word' id='word_1_245' title='bbox 519 1743 570 1772; x_wconf 89' lang='lat' dir='ltr'>vel</span> <span class='ocrx_word' id='word_1_246' title='bbox 590 1744 729 1773; x_wconf 84' lang='lat' dir='ltr'>arietem</span> <span class='ocrx_word' id='word_1_247' title='bbox 754 1744 872 1774; x_wconf 87' lang='lat' dir='ltr'>moeni-</span> 
     </span>
     <span class='ocr_line' id='line_1_32' title="bbox 172 1785 869 1828; baseline 0.004 -13"><span class='ocrx_word' id='word_1_248' title='bbox 172 1785 235 1815; x_wconf 84' lang='lat' dir='ltr'>bus</span> <span class='ocrx_word' id='word_1_249' title='bbox 252 1786 473 1816; x_wconf 83' lang='lat' dir='ltr'>incutiebant.</span> <span class='ocrx_word' id='word_1_250' title='bbox 504 1787 555 1817; x_wconf 91' lang='lat' dir='ltr'>De</span> <span class='ocrx_word' id='word_1_251' title='bbox 571 1787 675 1817; x_wconf 82' lang='lat' dir='ltr'>vineis</span> <span class='ocrx_word' id='word_1_252' title='bbox 692 1787 762 1826; x_wconf 82' lang='lat' dir='ltr'>agit</span> <span class='ocrx_word' id='word_1_253' title='bbox 777 1787 869 1828; x_wconf 85' lang='lat' dir='ltr'>Lips.</span> 
     </span>
     <span class='ocr_line' id='line_1_33' title="bbox 175 1828 570 1863; baseline 0.005 -5"><span class='ocrx_word' id='word_1_254' title='bbox 175 1828 196 1859; x_wconf 86' lang='grc' dir='ltr'>Ι.</span> <span class='ocrx_word' id='word_1_255' title='bbox 214 1829 240 1859; x_wconf 92' lang='lat'>1.</span> <span class='ocrx_word' id='word_1_256' title='bbox 258 1829 430 1860; x_wconf 85' lang='lat' dir='ltr'>Poliorcet.</span> <span class='ocrx_word' id='word_1_257' title='bbox 445 1830 522 1859; x_wconf 85' lang='lat' dir='ltr'>dial.</span> <span class='ocrx_word' id='word_1_258' title='bbox 540 1834 570 1863; x_wconf 81' lang='lat'>7.</span> 
     </span>
    </p>

    <p class='ocr_par' dir='ltr' id='par_1_7' title="bbox 173 1873 870 1991">
     <span class='ocr_line' id='line_1_34' title="bbox 217 1873 870 1916; baseline 0.002 -13"><span class='ocrx_word' id='word_1_259' title='bbox 217 1875 258 1907; x_wconf 90' lang='lat'>95</span> <span class='ocrx_word' id='word_1_260' title='bbox 276 1873 524 1913; x_wconf 70' lang='lat' dir='ltr'>Excurrissenc]</span> <span class='ocrx_word' id='word_1_261' title='bbox 543 1874 741 1905; x_wconf 78' lang='lat' dir='ltr'>Sorbonicus</span> <span class='ocrx_word' id='word_1_262' title='bbox 750 1873 870 1916; x_wconf 67' lang='lat' dir='ltr'>codex,</span> 
     </span>
     <span class='ocr_line' id='line_1_35' title="bbox 174 1916 869 1957; baseline 0.004 -12"><span class='ocrx_word' id='word_1_263' title='bbox 174 1920 214 1945; x_wconf 90' lang='lat' dir='ltr'>ut</span> <span class='ocrx_word' id='word_1_264' title='bbox 230 1920 263 1945; x_wconf 88' lang='lat' dir='ltr'>et</span> <span class='ocrx_word' id='word_1_265' title='bbox 279 1916 406 1955; x_wconf 85' lang='lat' dir='ltr'>aliquot</span> <span class='ocrx_word' id='word_1_266' title='bbox 420 1917 521 1947; x_wconf 71' lang='lat' dir='ltr'>adae.</span> <span class='ocrx_word' id='word_1_267' title='bbox 539 1917 704 1948; x_wconf 79' lang='lat' dir='ltr'>Gronovio</span> <span class='ocrx_word' id='word_1_268' title='bbox 721 1917 869 1957; x_wconf 81' lang='lat' dir='ltr'>allegati,</span> 
     </span>
     <span class='ocr_line' id='line_1_36' title="bbox 173 1962 439 1991; baseline 0.004 -2"><span class='ocrx_word' id='word_1_269' title='bbox 173 1962 439 1991; x_wconf 45' lang='lat' dir='ltr'>&amp;concurris-sent.</span> 
     </span>
    </p>

    <p class='ocr_par' dir='ltr' id='par_1_8' title="bbox 174 2003 869 2076">
     <span class='ocr_line' id='line_1_37' title="bbox 215 2003 869 2045; baseline 0.003 -12"><span class='ocrx_word' id='word_1_270' title='bbox 215 2004 257 2037; x_wconf 79' lang='lat'>96</span> <span class='ocrx_word' id='word_1_271' title='bbox 281 2003 438 2045; x_wconf 78' lang='lat' dir='ltr'>Retictus]</span> <span class='ocrx_word' id='word_1_272' title='bbox 476 2003 514 2035; x_wconf 82' lang='lat' dir='ltr'>In</span> <span class='ocrx_word' id='word_1_273' title='bbox 538 2005 653 2036; x_wconf 82' lang='lat' dir='ltr'>castris</span> <span class='ocrx_word' id='word_1_274' title='bbox 680 2004 723 2036; x_wconf 86' lang='lat' dir='ltr'>ad</span> <span class='ocrx_word' id='word_1_275' title='bbox 751 2004 869 2035; x_wconf 89' lang='lat' dir='ltr'>Pome-</span> 
     </span>
     <span class='ocr_line' id='line_1_38' title="bbox 174 2046 267 2076; baseline -0.011 0"><span class='ocrx_word' id='word_1_276' title='bbox 174 2046 267 2076; x_wconf 78' lang='lat' dir='ltr'>tiam.</span> 
     </span>
    </p>

    <p class='ocr_par' dir='ltr' id='par_1_9' title="bbox 173 2088 870 2250">
     <span class='ocr_line' id='line_1_39' title="bbox 217 2088 870 2133; baseline -0.002 -10"><span class='ocrx_word' id='word_1_277' title='bbox 217 2093 258 2124; x_wconf 84' lang='lat'>97</span> <span class='ocrx_word' id='word_1_278' title='bbox 283 2088 344 2120; x_wconf 82' lang='lat' dir='ltr'>Ira</span> <span class='ocrx_word' id='word_1_279' title='bbox 373 2090 495 2133; x_wconf 77' lang='lat' dir='ltr'>majore</span> <span class='ocrx_word' id='word_1_280' title='bbox 521 2091 606 2131; x_wconf 71' lang='lat' dir='ltr'>belli]</span> <span class='ocrx_word' id='word_1_281' title='bbox 643 2092 715 2122; x_wconf 82' lang='lat' dir='ltr'>Vox</span> <span class='ocrx_word' id='word_1_282' title='bbox 747 2092 870 2122; x_wconf 81' lang='lat' dir='ltr'>ultima</span> 
     </span>
     <span class='ocr_line' id='line_1_40' title="bbox 175 2134 869 2166; baseline 0.004 -4"><span class='ocrx_word' id='word_1_283' title='bbox 175 2134 269 2163; x_wconf 78' lang='lat' dir='ltr'>abest</span> <span class='ocrx_word' id='word_1_284' title='bbox 295 2134 336 2163; x_wconf 86' lang='lat' dir='ltr'>ab</span> <span class='ocrx_word' id='word_1_285' title='bbox 366 2144 433 2164; x_wconf 88' lang='lat' dir='ltr'>uno</span> <span class='ocrx_word' id='word_1_286' title='bbox 458 2146 476 2165; x_wconf 92' lang='lat' dir='ltr'>e</span> <span class='ocrx_word' id='word_1_287' title='bbox 501 2137 622 2166; x_wconf 83' lang='lat' dir='ltr'>nostris</span> <span class='ocrx_word' id='word_1_288' title='bbox 647 2135 741 2166; x_wconf 85' lang='lat' dir='ltr'>codd.</span> <span class='ocrx_word' id='word_1_289' title='bbox 768 2141 803 2165; x_wconf 88' lang='lat' dir='ltr'>et</span> <span class='ocrx_word' id='word_1_290' title='bbox 828 2136 869 2166; x_wconf 80' lang='lat' dir='ltr'>ab</span> 
     </span>
     <span class='ocr_line' id='line_1_41' title="bbox 173 2177 868 2225; baseline 0.001 -18"><span class='ocrx_word' id='word_1_291' title='bbox 173 2177 313 2208; x_wconf 80' lang='lat' dir='ltr'>Andreae</span> <span class='ocrx_word' id='word_1_292' title='bbox 330 2177 498 2217; x_wconf 86' lang='lat' dir='ltr'>editione;</span> <span class='ocrx_word' id='word_1_293' title='bbox 513 2189 573 2209; x_wconf 90' lang='lat' dir='ltr'>nec</span> <span class='ocrx_word' id='word_1_294' title='bbox 589 2189 667 2225; x_wconf 59' lang='lat' dir='ltr'>sane</span> <span class='ocrx_word' id='word_1_295' title='bbox 682 2181 868 2210; x_wconf 75' lang='lat' dir='ltr'>necessaria</span> 
     </span>
     <span class='ocr_line' id='line_1_42' title="bbox 173 2225 235 2250; baseline 0 0"><span class='ocrx_word' id='word_1_296' title='bbox 173 2225 235 2250; x_wconf 72' lang='lat' dir='ltr'>est.</span> 
     </span>
    </p>

    <p class='ocr_par' dir='ltr' id='par_1_10' title="bbox 174 2264 868 2340">
     <span class='ocr_line' id='line_1_43' title="bbox 217 2264 868 2305; baseline 0.003 -11"><span class='ocrx_word' id='word_1_297' title='bbox 217 2267 257 2298; x_wconf 82' lang='lat'>98</span> <span class='ocrx_word' id='word_1_298' title='bbox 286 2264 354 2294; x_wconf 76' lang='lat' dir='ltr'>Sub</span> <span class='ocrx_word' id='word_1_299' title='bbox 382 2265 510 2305; x_wconf 78' lang='lat' dir='ltr'>corona]</span> <span class='ocrx_word' id='word_1_300' title='bbox 552 2266 681 2305; x_wconf 84' lang='lat' dir='ltr'>Captivi</span> <span class='ocrx_word' id='word_1_301' title='bbox 718 2267 868 2296; x_wconf 80' lang='lat' dir='ltr'>coronati</span> 
     </span>
     <span class='ocr_line' id='line_1_44' title="bbox 174 2307 800 2340; baseline 0.003 -3"><span class='ocrx_word' id='word_1_302' title='bbox 174 2307 414 2339; x_wconf 82' lang='lat' dir='ltr'>vendebantur.</span> <span class='ocrx_word' id='word_1_303' title='bbox 431 2309 505 2338; x_wconf 86' lang='lat' dir='ltr'>Vid.</span> <span class='ocrx_word' id='word_1_304' title='bbox 523 2309 560 2339; x_wconf 88' lang='lat' dir='ltr'>A.</span> <span class='ocrx_word' id='word_1_305' title='bbox 578 2309 662 2339; x_wconf 69' lang='lat' dir='ltr'>Gen.</span> <span class='ocrx_word' id='word_1_306' title='bbox 678 2309 753 2339; x_wconf 86' lang='lat' dir='ltr'>VII.</span> <span class='ocrx_word' id='word_1_307' title='bbox 769 2313 800 2340; x_wconf 72' lang='lat'>4.</span> 
     </span>
    </p>

    <p class='ocr_par' dir='ltr' id='par_1_11' title="bbox 169 2351 867 2869">
     <span class='ocr_line' id='line_1_45' title="bbox 213 2351 867 2392; baseline 0.003 -11"><span class='ocrx_word' id='word_1_308' title='bbox 213 2355 256 2385; x_wconf 83' lang='lat'>99</span> <span class='ocrx_word' id='word_1_309' title='bbox 291 2351 395 2382; x_wconf 74' lang='lat' dir='ltr'>Coloni</span> <span class='ocrx_word' id='word_1_310' title='bbox 432 2351 505 2391; x_wconf 70' lang='lat' dir='ltr'>alii]</span> <span class='ocrx_word' id='word_1_311' title='bbox 552 2352 666 2392; x_wconf 69' lang='lat' dir='ltr'>Quum</span> <span class='ocrx_word' id='word_1_312' title='bbox 702 2353 867 2384; x_wconf 75' lang='lat' dir='ltr'>Auruncis</span> 
     </span>
     <span class='ocr_line' id='line_1_46' title="bbox 169 2395 867 2435; baseline 0.003 -11"><span class='ocrx_word' id='word_1_313' title='bbox 169 2395 367 2434; x_wconf 77' lang='lat' dir='ltr'>principibus</span> <span class='ocrx_word' id='word_1_314' title='bbox 392 2401 538 2435; x_wconf 87' lang='lat' dir='ltr'>opponat</span> <span class='ocrx_word' id='word_1_315' title='bbox 567 2398 685 2426; x_wconf 81' lang='lat' dir='ltr'>colonos</span> <span class='ocrx_word' id='word_1_316' title='bbox 708 2398 786 2426; x_wconf 79' lang='lat' dir='ltr'>alios</span> <span class='ocrx_word' id='word_1_317' title='bbox 812 2397 867 2427; x_wconf 89' lang='lat' dir='ltr'>Li-</span> 
     </span>
     <span class='ocr_line' id='line_1_47' title="bbox 172 2436 866 2478; baseline 0.004 -12"><span class='ocrx_word' id='word_1_318' title='bbox 172 2438 258 2475; x_wconf 53' lang='lat' dir='ltr'>uius,</span> <span class='ocrx_word' id='word_1_319' title='bbox 274 2438 336 2468; x_wconf 83' lang='lat' dir='ltr'>hoc</span> <span class='ocrx_word' id='word_1_320' title='bbox 361 2439 491 2469; x_wconf 86' lang='lat' dir='ltr'>videtur</span> <span class='ocrx_word' id='word_1_321' title='bbox 512 2436 712 2478; x_wconf 71' lang='lat' dir='ltr'>significare,</span> <span class='ocrx_word' id='word_1_322' title='bbox 732 2439 866 2470; x_wconf 82' lang='lat' dir='ltr'>Aurun-</span> 
     </span>
     <span class='ocr_line' id='line_1_48' title="bbox 173 2481 867 2514; baseline 0.006 -4"><span class='ocrx_word' id='word_1_323' title='bbox 173 2491 227 2511; x_wconf 86' lang='lat' dir='ltr'>cos</span> <span class='ocrx_word' id='word_1_324' title='bbox 251 2481 284 2511; x_wconf 88' lang='lat' dir='ltr'>in</span> <span class='ocrx_word' id='word_1_325' title='bbox 311 2492 451 2513; x_wconf 85' lang='lat' dir='ltr'>numero</span> <span class='ocrx_word' id='word_1_326' title='bbox 477 2482 671 2513; x_wconf 88' lang='lat' dir='ltr'>colonorum</span> <span class='ocrx_word' id='word_1_327' title='bbox 696 2483 814 2513; x_wconf 85' lang='lat' dir='ltr'>fuisse:</span> <span class='ocrx_word' id='word_1_328' title='bbox 847 2493 867 2514; x_wconf 83' lang='lat' dir='ltr'>a</span> 
     </span>
     <span class='ocr_line' id='line_1_49' title="bbox 172 2525 866 2564; baseline 0.004 -10"><span class='ocrx_word' id='word_1_329' title='bbox 172 2525 290 2564; x_wconf 86' lang='lat' dir='ltr'>quibus</span> <span class='ocrx_word' id='word_1_330' title='bbox 307 2529 421 2556; x_wconf 85' lang='lat' dir='ltr'>tamen</span> <span class='ocrx_word' id='word_1_331' title='bbox 436 2527 580 2556; x_wconf 84' lang='lat' dir='ltr'>diversos</span> <span class='ocrx_word' id='word_1_332' title='bbox 602 2526 703 2557; x_wconf 81' lang='lat' dir='ltr'>fuisse</span> <span class='ocrx_word' id='word_1_333' title='bbox 719 2526 866 2557; x_wconf 78' lang='lat' dir='ltr'>ostendit</span> 
     </span>
     <span class='ocr_line' id='line_1_50' title="bbox 171 2568 864 2610; baseline 0.001 -12"><span class='ocrx_word' id='word_1_334' title='bbox 171 2577 283 2608; x_wconf 82' lang='lat' dir='ltr'>supra,</span> <span class='ocrx_word' id='word_1_335' title='bbox 307 2568 386 2599; x_wconf 89' lang='lat' dir='ltr'>dum</span> <span class='ocrx_word' id='word_1_336' title='bbox 411 2580 439 2600; x_wconf 91' lang='lat' dir='ltr'>c.</span> <span class='ocrx_word' id='word_1_337' title='bbox 463 2579 560 2610; x_wconf 86' lang='lat' dir='ltr'>praec.</span> <span class='ocrx_word' id='word_1_338' title='bbox 583 2569 630 2599; x_wconf 88' lang='lat' dir='ltr'>sic</span> <span class='ocrx_word' id='word_1_339' title='bbox 654 2569 772 2599; x_wconf 81' lang='lat' dir='ltr'>habet:</span> <span class='ocrx_word' id='word_1_340' title='bbox 799 2569 864 2599; x_wconf 82' lang='lat' dir='ltr'>Po-</span> 
     </span>
     <span class='ocr_line' id='line_1_51' title="bbox 171 2612 866 2650; baseline 0.001 -9"><span class='ocrx_word' id='word_1_341' title='bbox 171 2613 270 2642; x_wconf 75' lang='lat' dir='ltr'>metia</span> <span class='ocrx_word' id='word_1_342' title='bbox 299 2616 330 2642; x_wconf 79' lang='lat' dir='ltr'>et</span> <span class='ocrx_word' id='word_1_343' title='bbox 364 2612 456 2650; x_wconf 70' lang='lat' dir='ltr'>Cora,</span> <span class='ocrx_word' id='word_1_344' title='bbox 487 2615 615 2643; x_wconf 76' lang='lat' dir='ltr'>colonioe</span> <span class='ocrx_word' id='word_1_345' title='bbox 646 2613 789 2650; x_wconf 72' lang='lat' dir='ltr'>Latinoe,</span> <span class='ocrx_word' id='word_1_346' title='bbox 819 2614 866 2642; x_wconf 77' lang='lat' dir='ltr'>ad</span> 
     </span>
     <span class='ocr_line' id='line_1_52' title="bbox 169 2654 865 2696; baseline 0.003 -12"><span class='ocrx_word' id='word_1_347' title='bbox 169 2654 338 2685; x_wconf 75' lang='lat' dir='ltr'>Auruncos</span> <span class='ocrx_word' id='word_1_348' title='bbox 353 2655 503 2695; x_wconf 65' lang='lat' dir='ltr'>dffecere.</span> <span class='ocrx_word' id='word_1_349' title='bbox 548 2659 633 2687; x_wconf 86' lang='lat' dir='ltr'>Sunt</span> <span class='ocrx_word' id='word_1_350' title='bbox 653 2656 723 2696; x_wconf 89' lang='lat' dir='ltr'>qui,</span> <span class='ocrx_word' id='word_1_351' title='bbox 739 2663 777 2686; x_wconf 91' lang='lat' dir='ltr'>ut</span> <span class='ocrx_word' id='word_1_352' title='bbox 793 2666 865 2686; x_wconf 87' lang='lat' dir='ltr'>sese</span> 
     </span>
     <span class='ocr_line' id='line_1_53' title="bbox 169 2697 862 2740; baseline 0.003 -13"><span class='ocrx_word' id='word_1_353' title='bbox 169 2697 232 2728; x_wconf 83' lang='lat' dir='ltr'>hac</span> <span class='ocrx_word' id='word_1_354' title='bbox 255 2698 451 2730; x_wconf 77' lang='lat' dir='ltr'>difficultate</span> <span class='ocrx_word' id='word_1_355' title='bbox 476 2701 668 2740; x_wconf 78' lang='lat' dir='ltr'>expediant,</span> <span class='ocrx_word' id='word_1_356' title='bbox 687 2700 746 2729; x_wconf 87' lang='lat' dir='ltr'>has</span> <span class='ocrx_word' id='word_1_357' title='bbox 768 2709 862 2729; x_wconf 89' lang='lat' dir='ltr'>voces</span> 
     </span>
     <span class='ocr_line' id='line_1_54' title="bbox 170 2742 866 2782; baseline 0.004 -12"><span class='ocrx_word' id='word_1_358' title='bbox 170 2742 268 2772; x_wconf 64' lang='lat' dir='ltr'>coioni</span> <span class='ocrx_word' id='word_1_359' title='bbox 290 2744 349 2773; x_wconf 72' lang='lat' dir='ltr'>aliz·</span> <span class='ocrx_word' id='word_1_360' title='bbox 372 2743 594 2782; x_wconf 78' lang='lat' dir='ltr'>detorqueant</span> <span class='ocrx_word' id='word_1_361' title='bbox 614 2744 649 2773; x_wconf 93' lang='lat' dir='ltr'>in</span> <span class='ocrx_word' id='word_1_362' title='bbox 675 2743 765 2773; x_wconf 86' lang='lat' dir='ltr'>huuc</span> <span class='ocrx_word' id='word_1_363' title='bbox 791 2752 866 2773; x_wconf 88' lang='lat' dir='ltr'>sen-</span> 
     </span>
     <span class='ocr_line' id='line_1_55' title="bbox 171 2786 864 2827; baseline 0.003 -14"><span class='ocrx_word' id='word_1_364' title='bbox 171 2793 267 2815; x_wconf 86' lang='lat' dir='ltr'>sum:</span> <span class='ocrx_word' id='word_1_365' title='bbox 299 2786 370 2823; x_wconf 73' lang='lat' dir='ltr'>alii,</span> <span class='ocrx_word' id='word_1_366' title='bbox 396 2796 517 2827; x_wconf 83' lang='lat' dir='ltr'>nempe</span> <span class='ocrx_word' id='word_1_367' title='bbox 546 2787 663 2817; x_wconf 80' lang='lat' dir='ltr'>coloni.-</span> <span class='ocrx_word' id='word_1_368' title='bbox 697 2787 718 2817; x_wconf 91' lang='lat' dir='ltr'>i.</span> <span class='ocrx_word' id='word_1_369' title='bbox 745 2796 775 2817; x_wconf 86' lang='lat' dir='ltr'>e.</span> <span class='ocrx_word' id='word_1_370' title='bbox 802 2786 864 2826; x_wconf 79' lang='lat' dir='ltr'>ipsi</span> 
     </span>
     <span class='ocr_line' id='line_1_56' title="bbox 170 2826 864 2869; baseline 0.004 -12"><span class='ocrx_word' id='word_1_371' title='bbox 170 2826 347 2862; x_wconf 86' lang='lat' dir='ltr'>Pometini.</span> <span class='ocrx_word' id='word_1_372' title='bbox 375 2829 472 2869; x_wconf 68' lang='lat' dir='ltr'>Quod</span> <span class='ocrx_word' id='word_1_373' title='bbox 487 2840 565 2862; x_wconf 84' lang='lat' dir='ltr'>sane</span> <span class='ocrx_word' id='word_1_374' title='bbox 582 2830 704 2862; x_wconf 87' lang='lat' dir='ltr'>durum</span> <span class='ocrx_word' id='word_1_375' title='bbox 718 2829 864 2869; x_wconf 85' lang='lat' dir='ltr'>videtur,</span> 
     </span>
    </p>
   </div>
   <div class='ocr_carea' id='block_1_6' title="bbox 0 2886 310 3250">
    <p class='ocr_par' dir='ltr' id='par_1_12' title="bbox 0 2886 310 3250">
     <span class='ocr_line' id='line_1_57' title="bbox 0 2886 310 3250; baseline 0 0"><span class='ocrx_word' id='word_1_376' title='bbox 0 2886 310 3250; x_wconf 95' lang='lat' dir='ltr'> </span> 
     </span>
    </p>
   </div>
   <div class='ocr_carea' id='block_1_7' title="bbox 905 1438 1618 2869">
    <p class='ocr_par' dir='ltr' id='par_1_13' title="bbox 905 1438 1618 2869">
     <span class='ocr_line' id='line_1_58' title="bbox 919 1438 1618 1469; baseline -0.003 -1"><span class='ocrx_word' id='word_1_377' title='bbox 919 1439 1009 1469; x_wconf 87' lang='lat' dir='ltr'>enim</span> <span class='ocrx_word' id='word_1_378' title='bbox 1041 1439 1225 1468; x_wconf 85' lang='lat' dir='ltr'>Pometiam</span> <span class='ocrx_word' id='word_1_379' title='bbox 1254 1438 1294 1468; x_wconf 87' lang='lat' dir='ltr'>ad</span> <span class='ocrx_word' id='word_1_380' title='bbox 1326 1438 1500 1468; x_wconf 78' lang='lat' dir='ltr'>Auruncos</span> <span class='ocrx_word' id='word_1_381' title='bbox 1529 1438 1618 1467; x_wconf 76' lang='lat' dir='ltr'>defe-</span> 
     </span>
     <span class='ocr_line' id='line_1_59' title="bbox 919 1481 1616 1521; baseline -0.003 -9"><span class='ocrx_word' id='word_1_382' title='bbox 919 1482 1002 1512; x_wconf 83' lang='lat' dir='ltr'>cisse</span> <span class='ocrx_word' id='word_1_383' title='bbox 1026 1483 1186 1521; x_wconf 78' lang='lat' dir='ltr'>narravit,</span> <span class='ocrx_word' id='word_1_384' title='bbox 1207 1482 1255 1512; x_wconf 82' lang='lat' dir='ltr'>ita</span> <span class='ocrx_word' id='word_1_385' title='bbox 1277 1481 1397 1512; x_wconf 85' lang='lat' dir='ltr'>deinde</span> <span class='ocrx_word' id='word_1_386' title='bbox 1420 1491 1552 1521; x_wconf 85' lang='lat' dir='ltr'>semper</span> <span class='ocrx_word' id='word_1_387' title='bbox 1575 1481 1616 1510; x_wconf 86' lang='lat' dir='ltr'>de</span> 
     </span>
     <span class='ocr_line' id='line_1_60' title="bbox 917 1525 1618 1564; baseline -0.001 -9"><span class='ocrx_word' id='word_1_388' title='bbox 917 1525 977 1555; x_wconf 87' lang='lat' dir='ltr'>illa</span> <span class='ocrx_word' id='word_1_389' title='bbox 1006 1527 1086 1555; x_wconf 86' lang='lat' dir='ltr'>urbe</span> <span class='ocrx_word' id='word_1_390' title='bbox 1118 1526 1280 1564; x_wconf 83' lang='lat' dir='ltr'>loquitur,</span> <span class='ocrx_word' id='word_1_391' title='bbox 1306 1525 1399 1564; x_wconf 85' lang='lat' dir='ltr'>quasi</span> <span class='ocrx_word' id='word_1_392' title='bbox 1430 1534 1495 1554; x_wconf 87' lang='lat' dir='ltr'>non</span> <span class='ocrx_word' id='word_1_393' title='bbox 1525 1525 1618 1554; x_wconf 81' lang='lat' dir='ltr'>socia</span> 
     </span>
     <span class='ocr_line' id='line_1_61' title="bbox 916 1568 1616 1606; baseline -0.003 -7"><span class='ocrx_word' id='word_1_394' title='bbox 916 1569 1152 1599; x_wconf 86' lang='lat' dir='ltr'>Auruncorum</span> <span class='ocrx_word' id='word_1_395' title='bbox 1170 1570 1298 1606; x_wconf 86' lang='lat' dir='ltr'>civitas,</span> <span class='ocrx_word' id='word_1_396' title='bbox 1315 1568 1373 1598; x_wconf 85' lang='lat' dir='ltr'>sed</span> <span class='ocrx_word' id='word_1_397' title='bbox 1389 1568 1539 1598; x_wconf 82' lang='lat' dir='ltr'>Aurunci</span> <span class='ocrx_word' id='word_1_398' title='bbox 1558 1577 1616 1597; x_wconf 83' lang='lat' dir='ltr'>no-</span> 
     </span>
     <span class='ocr_line' id='line_1_62' title="bbox 918 1612 1614 1652; baseline -0.001 -11"><span class='ocrx_word' id='word_1_399' title='bbox 918 1613 1016 1642; x_wconf 82' lang='lat' dir='ltr'>minis</span> <span class='ocrx_word' id='word_1_400' title='bbox 1034 1613 1111 1643; x_wconf 81' lang='lat' dir='ltr'>urbs</span> <span class='ocrx_word' id='word_1_401' title='bbox 1128 1617 1227 1652; x_wconf 87' lang='lat' dir='ltr'>atque</span> <span class='ocrx_word' id='word_1_402' title='bbox 1251 1614 1486 1643; x_wconf 85' lang='lat' dir='ltr'>Auruncorum</span> <span class='ocrx_word' id='word_1_403' title='bbox 1504 1612 1614 1650; x_wconf 83' lang='lat' dir='ltr'>gentis</span> 
     </span>
     <span class='ocr_line' id='line_1_63' title="bbox 916 1655 1616 1687; baseline -0.003 -2"><span class='ocrx_word' id='word_1_404' title='bbox 916 1655 1045 1686; x_wconf 81' lang='lat' dir='ltr'>fuisset.</span> <span class='ocrx_word' id='word_1_405' title='bbox 1082 1656 1214 1687; x_wconf 87' lang='lat' dir='ltr'>Bellum</span> <span class='ocrx_word' id='word_1_406' title='bbox 1231 1656 1322 1685; x_wconf 88' lang='lat' dir='ltr'>enim</span> <span class='ocrx_word' id='word_1_407' title='bbox 1338 1655 1536 1685; x_wconf 86' lang='lat' dir='ltr'>Auruncum</span> <span class='ocrx_word' id='word_1_408' title='bbox 1554 1655 1616 1684; x_wconf 85' lang='lat' dir='ltr'>Po-</span> 
     </span>
     <span class='ocr_line' id='line_1_64' title="bbox 915 1698 1615 1739; baseline 0 -10"><span class='ocrx_word' id='word_1_409' title='bbox 915 1702 1055 1730; x_wconf 79' lang='lat' dir='ltr'>metiam</span> <span class='ocrx_word' id='word_1_410' title='bbox 1080 1699 1305 1739; x_wconf 83' lang='lat' dir='ltr'>compellitur.</span> <span class='ocrx_word' id='word_1_411' title='bbox 1351 1698 1415 1729; x_wconf 87' lang='lat' dir='ltr'>Ubi</span> <span class='ocrx_word' id='word_1_412' title='bbox 1440 1708 1548 1728; x_wconf 88' lang='lat' dir='ltr'>sermo</span> <span class='ocrx_word' id='word_1_413' title='bbox 1564 1704 1615 1729; x_wconf 85' lang='lat' dir='ltr'>est</span> 
     </span>
     <span class='ocr_line' id='line_1_65' title="bbox 915 1741 1615 1783; baseline 0 -11"><span class='ocrx_word' id='word_1_414' title='bbox 915 1743 955 1772; x_wconf 89' lang='lat' dir='ltr'>de</span> <span class='ocrx_word' id='word_1_415' title='bbox 980 1743 1155 1783; x_wconf 84' lang='lat' dir='ltr'>eruptione</span> <span class='ocrx_word' id='word_1_416' title='bbox 1180 1744 1213 1772; x_wconf 89' lang='lat' dir='ltr'>in</span> <span class='ocrx_word' id='word_1_417' title='bbox 1236 1744 1403 1773; x_wconf 82' lang='lat' dir='ltr'>Romanos</span> <span class='ocrx_word' id='word_1_418' title='bbox 1427 1741 1528 1779; x_wconf 79' lang='lat' dir='ltr'>facta,</span> <span class='ocrx_word' id='word_1_419' title='bbox 1546 1741 1615 1772; x_wconf 87' lang='lat' dir='ltr'>Au-</span> 
     </span>
     <span class='ocr_line' id='line_1_66' title="bbox 914 1785 1616 1824; baseline 0 -8"><span class='ocrx_word' id='word_1_420' title='bbox 914 1788 1009 1817; x_wconf 89' lang='lat' dir='ltr'>runci</span> <span class='ocrx_word' id='word_1_421' title='bbox 1034 1786 1108 1824; x_wconf 87' lang='lat' dir='ltr'>soli,</span> <span class='ocrx_word' id='word_1_422' title='bbox 1130 1786 1224 1816; x_wconf 85' lang='lat' dir='ltr'>nulla</span> <span class='ocrx_word' id='word_1_423' title='bbox 1247 1786 1496 1816; x_wconf 87' lang='lat' dir='ltr'>Pometinorum</span> <span class='ocrx_word' id='word_1_424' title='bbox 1523 1785 1616 1816; x_wconf 83' lang='lat' dir='ltr'>facta</span> 
     </span>
     <span class='ocr_line' id='line_1_67' title="bbox 915 1829 1613 1867; baseline -0.003 -7"><span class='ocrx_word' id='word_1_425' title='bbox 915 1831 1099 1867; x_wconf 82' lang='lat' dir='ltr'>mentione,</span> <span class='ocrx_word' id='word_1_426' title='bbox 1117 1832 1347 1860; x_wconf 81' lang='lat' dir='ltr'>nominantur.</span> <span class='ocrx_word' id='word_1_427' title='bbox 1390 1829 1543 1867; x_wconf 79' lang='lat' dir='ltr'>Denique</span> <span class='ocrx_word' id='word_1_428' title='bbox 1560 1829 1613 1859; x_wconf 88' lang='lat' dir='ltr'>hic</span> 
     </span>
     <span class='ocr_line' id='line_1_68' title="bbox 914 1872 1614 1913; baseline -0.003 -10"><span class='ocrx_word' id='word_1_429' title='bbox 914 1880 1133 1913; x_wconf 79' lang='lat' dir='ltr'>opponuntur</span> <span class='ocrx_word' id='word_1_430' title='bbox 1155 1873 1320 1903; x_wconf 84' lang='lat' dir='ltr'>Auruncis</span> <span class='ocrx_word' id='word_1_431' title='bbox 1336 1872 1540 1913; x_wconf 86' lang='lat' dir='ltr'>principibus</span> <span class='ocrx_word' id='word_1_432' title='bbox 1559 1883 1614 1902; x_wconf 88' lang='lat' dir='ltr'>co-</span> 
     </span>
     <span class='ocr_line' id='line_1_69' title="bbox 914 1916 1613 1948; baseline 0 -2"><span class='ocrx_word' id='word_1_433' title='bbox 914 1917 982 1948; x_wconf 87' lang='lat' dir='ltr'>loni</span> <span class='ocrx_word' id='word_1_434' title='bbox 1007 1917 1073 1948; x_wconf 88' lang='lat' dir='ltr'>alii.</span> <span class='ocrx_word' id='word_1_435' title='bbox 1118 1917 1283 1947; x_wconf 83' lang='lat' dir='ltr'>Veniebat</span> <span class='ocrx_word' id='word_1_436' title='bbox 1307 1917 1340 1946; x_wconf 90' lang='lat' dir='ltr'>in</span> <span class='ocrx_word' id='word_1_437' title='bbox 1366 1921 1514 1946; x_wconf 86' lang='lat' dir='ltr'>mentem</span> <span class='ocrx_word' id='word_1_438' title='bbox 1539 1916 1613 1946; x_wconf 87' lang='lat' dir='ltr'>fieri</span> 
     </span>
     <span class='ocr_line' id='line_1_70' title="bbox 913 1959 1612 2001; baseline -0.001 -11"><span class='ocrx_word' id='word_1_439' title='bbox 913 1960 1052 1992; x_wconf 82' lang='lat' dir='ltr'>fortasse</span> <span class='ocrx_word' id='word_1_440' title='bbox 1087 1962 1234 2001; x_wconf 80' lang='lat' dir='ltr'>potuisse</span> <span class='ocrx_word' id='word_1_441' title='bbox 1264 1966 1316 1997; x_wconf 89' lang='lat' dir='ltr'>ut,</span> <span class='ocrx_word' id='word_1_442' title='bbox 1347 1969 1449 1998; x_wconf 84' lang='lat' dir='ltr'>quum</span> <span class='ocrx_word' id='word_1_443' title='bbox 1489 1959 1612 1999; x_wconf 78' lang='lat' dir='ltr'>duplex</span> 
     </span>
     <span class='ocr_line' id='line_1_71' title="bbox 914 2003 1614 2042; baseline -0.001 -9"><span class='ocrx_word' id='word_1_444' title='bbox 914 2004 1034 2035; x_wconf 86' lang='lat' dir='ltr'>Suessa</span> <span class='ocrx_word' id='word_1_445' title='bbox 1057 2005 1112 2042; x_wconf 89' lang='lat' dir='ltr'>sit,</span> <span class='ocrx_word' id='word_1_446' title='bbox 1129 2004 1233 2034; x_wconf 82' lang='lat' dir='ltr'>altera</span> <span class='ocrx_word' id='word_1_447' title='bbox 1256 2003 1465 2040; x_wconf 86' lang='lat' dir='ltr'>Volscorum,</span> <span class='ocrx_word' id='word_1_448' title='bbox 1483 2011 1556 2041; x_wconf 82' lang='lat' dir='ltr'>quae</span> <span class='ocrx_word' id='word_1_449' title='bbox 1577 2009 1614 2033; x_wconf 83' lang='lat' dir='ltr'>et</span> 
     </span>
     <span class='ocr_line' id='line_1_72' title="bbox 914 2047 1614 2084; baseline -0.004 -6"><span class='ocrx_word' id='word_1_450' title='bbox 914 2048 1067 2078; x_wconf 85' lang='lat' dir='ltr'>Pometia</span> <span class='ocrx_word' id='word_1_451' title='bbox 1095 2048 1280 2084; x_wconf 83' lang='lat' dir='ltr'>dicebatur,</span> <span class='ocrx_word' id='word_1_452' title='bbox 1306 2047 1413 2077; x_wconf 83' lang='lat' dir='ltr'>altera</span> <span class='ocrx_word' id='word_1_453' title='bbox 1436 2048 1614 2076; x_wconf 82' lang='lat' dir='ltr'>Aurunco-</span> 
     </span>
     <span class='ocr_line' id='line_1_73' title="bbox 913 2089 1612 2130; baseline -0.001 -9"><span class='ocrx_word' id='word_1_454' title='bbox 913 2101 1001 2129; x_wconf 86' lang='lat' dir='ltr'>rum,</span> <span class='ocrx_word' id='word_1_455' title='bbox 1020 2093 1163 2121; x_wconf 87' lang='lat' dir='ltr'>nominis</span> <span class='ocrx_word' id='word_1_456' title='bbox 1187 2101 1296 2121; x_wconf 86' lang='lat' dir='ltr'>errore</span> <span class='ocrx_word' id='word_1_457' title='bbox 1314 2091 1472 2130; x_wconf 80' lang='lat' dir='ltr'>deceptus</span> <span class='ocrx_word' id='word_1_458' title='bbox 1496 2089 1612 2120; x_wconf 76' lang='lat' dir='ltr'>Livius</span> 
     </span>
     <span class='ocr_line' id='line_1_74' title="bbox 914 2133 1612 2170; baseline -0.003 -6"><span class='ocrx_word' id='word_1_459' title='bbox 914 2134 948 2164; x_wconf 88' lang='lat' dir='ltr'>id</span> <span class='ocrx_word' id='word_1_460' title='bbox 974 2135 1014 2165; x_wconf 86' lang='lat' dir='ltr'>ad</span> <span class='ocrx_word' id='word_1_461' title='bbox 1045 2136 1200 2165; x_wconf 79' lang='lat' dir='ltr'>Suessam</span> <span class='ocrx_word' id='word_1_462' title='bbox 1227 2135 1413 2166; x_wconf 76' lang='lat' dir='ltr'>Pometiam</span> <span class='ocrx_word' id='word_1_463' title='bbox 1444 2133 1612 2170; x_wconf 81' lang='lat' dir='ltr'>retulerit,</span> 
     </span>
     <span class='ocr_line' id='line_1_75' title="bbox 913 2178 1612 2217; baseline -0.004 -9"><span class='ocrx_word' id='word_1_464' title='bbox 913 2179 1001 2217; x_wconf 83' lang='lat' dir='ltr'>quod</span> <span class='ocrx_word' id='word_1_465' title='bbox 1017 2178 1056 2208; x_wconf 90' lang='lat' dir='ltr'>de</span> <span class='ocrx_word' id='word_1_466' title='bbox 1079 2179 1198 2209; x_wconf 79' lang='lat' dir='ltr'>Suessa</span> <span class='ocrx_word' id='word_1_467' title='bbox 1220 2179 1380 2208; x_wconf 85' lang='lat' dir='ltr'>Aurunca</span> <span class='ocrx_word' id='word_1_468' title='bbox 1402 2181 1574 2207; x_wconf 84' lang='lat' dir='ltr'>narratum</span> <span class='ocrx_word' id='word_1_469' title='bbox 1592 2185 1612 2206; x_wconf 81' lang='lat' dir='ltr'>a</span> 
     </span>
     <span class='ocr_line' id='line_1_76' title="bbox 913 2219 1610 2262; baseline -0.001 -12"><span class='ocrx_word' id='word_1_470' title='bbox 913 2223 1151 2252; x_wconf 79' lang='lat' dir='ltr'>vetustioribus</span> <span class='ocrx_word' id='word_1_471' title='bbox 1178 2226 1357 2262; x_wconf 84' lang='lat' dir='ltr'>repererat.</span> <span class='ocrx_word' id='word_1_472' title='bbox 1404 2221 1487 2251; x_wconf 79' lang='lat' dir='ltr'>Haee</span> <span class='ocrx_word' id='word_1_473' title='bbox 1510 2219 1610 2259; x_wconf 84' lang='lat' dir='ltr'>paulo</span> 
     </span>
     <span class='ocr_line' id='line_1_77' title="bbox 913 2265 1608 2304; baseline -0.004 -9"><span class='ocrx_word' id='word_1_474' title='bbox 913 2266 1070 2296; x_wconf 80' lang='lat' dir='ltr'>audacior</span> <span class='ocrx_word' id='word_1_475' title='bbox 1096 2266 1289 2304; x_wconf 82' lang='lat' dir='ltr'>conjectura</span> <span class='ocrx_word' id='word_1_476' title='bbox 1314 2265 1469 2295; x_wconf 83' lang='lat' dir='ltr'>firmatur</span> <span class='ocrx_word' id='word_1_477' title='bbox 1495 2267 1608 2293; x_wconf 86' lang='lat' dir='ltr'>tamen</span> 
     </span>
     <span class='ocr_line' id='line_1_78' title="bbox 910 2307 1609 2348; baseline -0.004 -9"><span class='ocrx_word' id='word_1_478' title='bbox 910 2319 949 2339; x_wconf 80' lang='lat' dir='ltr'>ex</span> <span class='ocrx_word' id='word_1_479' title='bbox 966 2320 1005 2339; x_wconf 85' lang='lat' dir='ltr'>eo</span> <span class='ocrx_word' id='word_1_480' title='bbox 1021 2309 1120 2348; x_wconf 85' lang='lat' dir='ltr'>quod,</span> <span class='ocrx_word' id='word_1_481' title='bbox 1139 2319 1242 2348; x_wconf 85' lang='lat' dir='ltr'>quum</span> <span class='ocrx_word' id='word_1_482' title='bbox 1258 2308 1432 2348; x_wconf 82' lang='lat' dir='ltr'>oppidum,</span> <span class='ocrx_word' id='word_1_483' title='bbox 1451 2307 1537 2346; x_wconf 86' lang='lat' dir='ltr'>quod</span> <span class='ocrx_word' id='word_1_484' title='bbox 1555 2307 1609 2336; x_wconf 89' lang='lat' dir='ltr'>hic</span> 
     </span>
     <span class='ocr_line' id='line_1_79' title="bbox 911 2350 1609 2393; baseline -0.004 -11"><span class='ocrx_word' id='word_1_485' title='bbox 911 2362 930 2382; x_wconf 85' lang='lat' dir='ltr'>a</span> <span class='ocrx_word' id='word_1_486' title='bbox 951 2353 1110 2384; x_wconf 83' lang='lat' dir='ltr'>Romanis</span> <span class='ocrx_word' id='word_1_487' title='bbox 1135 2354 1277 2393; x_wconf 83' lang='lat' dir='ltr'>capitur,</span> <span class='ocrx_word' id='word_1_488' title='bbox 1294 2352 1443 2381; x_wconf 84' lang='lat' dir='ltr'>dirutum</span> <span class='ocrx_word' id='word_1_489' title='bbox 1465 2350 1609 2387; x_wconf 82' lang='lat' dir='ltr'>dicatur,</span> 
     </span>
     <span class='ocr_line' id='line_1_80' title="bbox 911 2395 1609 2436; baseline -0.004 -11"><span class='ocrx_word' id='word_1_490' title='bbox 911 2396 997 2426; x_wconf 73' lang='lat' dir='ltr'>infra</span> <span class='ocrx_word' id='word_1_491' title='bbox 1022 2406 1117 2436; x_wconf 87' lang='lat' dir='ltr'>capp.</span> <span class='ocrx_word' id='word_1_492' title='bbox 1146 2398 1198 2427; x_wconf 69' lang='lat'>22.</span> <span class='ocrx_word' id='word_1_493' title='bbox 1225 2402 1260 2425; x_wconf 83' lang='lat' dir='ltr'>et</span> <span class='ocrx_word' id='word_1_494' title='bbox 1287 2397 1339 2426; x_wconf 75' lang='lat'>⁶25.</span> <span class='ocrx_word' id='word_1_495' title='bbox 1365 2395 1506 2434; x_wconf 84' lang='lat' dir='ltr'>septimo</span> <span class='ocrx_word' id='word_1_496' title='bbox 1534 2398 1609 2433; x_wconf 87' lang='lat' dir='ltr'>post</span> 
     </span>
     <span class='ocr_line' id='line_1_81' title="bbox 911 2437 1608 2470; baseline -0.003 0"><span class='ocrx_word' id='word_1_497' title='bbox 911 2449 999 2470; x_wconf 90' lang='lat' dir='ltr'>anno</span> <span class='ocrx_word' id='word_1_498' title='bbox 1032 2441 1186 2470; x_wconf 84' lang='lat' dir='ltr'>Suessam</span> <span class='ocrx_word' id='word_1_499' title='bbox 1217 2439 1405 2469; x_wconf 80' lang='lat' dir='ltr'>Pometiam</span> <span class='ocrx_word' id='word_1_500' title='bbox 1437 2437 1608 2468; x_wconf 69' lang='lat' dir='ltr'>videamus</span> 
     </span>
     <span class='ocr_line' id='line_1_82' title="bbox 910 2481 1608 2522; baseline -0.003 -10"><span class='ocrx_word' id='word_1_501' title='bbox 910 2492 976 2513; x_wconf 91' lang='lat' dir='ltr'>non</span> <span class='ocrx_word' id='word_1_502' title='bbox 995 2483 1094 2513; x_wconf 80' lang='lat' dir='ltr'>modo&#39;</span> <span class='ocrx_word' id='word_1_503' title='bbox 1108 2483 1337 2522; x_wconf 83' lang='lat' dir='ltr'>superstitem,</span> <span class='ocrx_word' id='word_1_504' title='bbox 1353 2481 1411 2511; x_wconf 85' lang='lat' dir='ltr'>sed</span> <span class='ocrx_word' id='word_1_505' title='bbox 1426 2481 1464 2510; x_wconf 88' lang='lat' dir='ltr'>iis</span> <span class='ocrx_word' id='word_1_506' title='bbox 1480 2486 1513 2509; x_wconf 82' lang='lat' dir='ltr'>et</span> <span class='ocrx_word' id='word_1_507' title='bbox 1530 2481 1608 2510; x_wconf 87' lang='lat' dir='ltr'>viri-</span> 
     </span>
     <span class='ocr_line' id='line_1_83' title="bbox 909 2524 1608 2565; baseline -0.006 -9"><span class='ocrx_word' id='word_1_508' title='bbox 909 2526 983 2561; x_wconf 85' lang='lat' dir='ltr'>bus,</span> <span class='ocrx_word' id='word_1_509' title='bbox 1000 2536 1073 2565; x_wconf 78' lang='lat' dir='ltr'>quae</span> <span class='ocrx_word' id='word_1_510' title='bbox 1097 2527 1218 2556; x_wconf 83' lang='lat' dir='ltr'>morari</span> <span class='ocrx_word' id='word_1_511' title='bbox 1238 2526 1424 2555; x_wconf 85' lang='lat' dir='ltr'>exercitum</span> <span class='ocrx_word' id='word_1_512' title='bbox 1449 2524 1608 2553; x_wconf 76' lang='lat' dir='ltr'>victorem</span> 
     </span>
     <span class='ocr_line' id='line_1_84' title="bbox 908 2568 1610 2609; baseline -0.006 -9"><span class='ocrx_word' id='word_1_513' title='bbox 908 2571 1047 2609; x_wconf 85' lang='lat' dir='ltr'>possint,</span> <span class='ocrx_word' id='word_1_514' title='bbox 1065 2575 1097 2599; x_wconf 86' lang='lat' dir='ltr'>et</span> <span class='ocrx_word' id='word_1_515' title='bbox 1113 2569 1245 2609; x_wconf 82' lang='lat' dir='ltr'>opibus,</span> <span class='ocrx_word' id='word_1_516' title='bbox 1262 2578 1336 2607; x_wconf 79' lang='lat' dir='ltr'>quae</span> <span class='ocrx_word' id='word_1_517' title='bbox 1353 2568 1490 2608; x_wconf 80' lang='lat' dir='ltr'>direptae</span> <span class='ocrx_word' id='word_1_518' title='bbox 1507 2577 1610 2606; x_wconf 80' lang='lat' dir='ltr'>egeu-</span> 
     </span>
     <span class='ocr_line' id='line_1_85' title="bbox 906 2610 1609 2651; baseline -0.003 -9"><span class='ocrx_word' id='word_1_519' title='bbox 906 2621 976 2643; x_wconf 85' lang='lat' dir='ltr'>tem</span> <span class='ocrx_word' id='word_1_520' title='bbox 985 2613 1126 2643; x_wconf 85' lang='lat' dir='ltr'>militem</span> <span class='ocrx_word' id='word_1_521' title='bbox 1138 2617 1336 2642; x_wconf 85' lang='lat' dir='ltr'>recrearent.</span> <span class='ocrx_word' id='word_1_522' title='bbox 1350 2611 1434 2651; x_wconf 70' lang='lat' dir='ltr'>Quae</span> <span class='ocrx_word' id='word_1_523' title='bbox 1444 2610 1484 2641; x_wconf 86' lang='lat' dir='ltr'>de</span> <span class='ocrx_word' id='word_1_524' title='bbox 1493 2611 1609 2640; x_wconf 85' lang='lat' dir='ltr'>Pome-</span> 
     </span>
     <span class='ocr_line' id='line_1_86' title="bbox 905 2653 1608 2695; baseline -0.004 -9"><span class='ocrx_word' id='word_1_525' title='bbox 905 2656 955 2686; x_wconf 78' lang='lat' dir='ltr'>tia</span> <span class='ocrx_word' id='word_1_526' title='bbox 969 2656 1000 2685; x_wconf 86' lang='lat' dir='ltr'>vi</span> <span class='ocrx_word' id='word_1_527' title='bbox 1025 2660 1123 2695; x_wconf 81' lang='lat' dir='ltr'>capta</span> <span class='ocrx_word' id='word_1_528' title='bbox 1141 2660 1175 2685; x_wconf 90' lang='lat' dir='ltr'>et</span> <span class='ocrx_word' id='word_1_529' title='bbox 1191 2656 1304 2686; x_wconf 90' lang='lat' dir='ltr'>diruta</span> <span class='ocrx_word' id='word_1_530' title='bbox 1318 2659 1432 2685; x_wconf 83' lang='lat' dir='ltr'>narrat</span> <span class='ocrx_word' id='word_1_531' title='bbox 1454 2654 1518 2684; x_wconf 89' lang='lat' dir='ltr'>hoc</span> <span class='ocrx_word' id='word_1_532' title='bbox 1535 2653 1608 2683; x_wconf 91' lang='lat' dir='ltr'>loco</span> 
     </span>
     <span class='ocr_line' id='line_1_87' title="bbox 907 2697 1608 2739; baseline -0.004 -10"><span class='ocrx_word' id='word_1_533' title='bbox 907 2699 1033 2737; x_wconf 86' lang='lat' dir='ltr'>Livius,</span> <span class='ocrx_word' id='word_1_534' title='bbox 1050 2699 1165 2729; x_wconf 84' lang='lat' dir='ltr'>eadem</span> <span class='ocrx_word' id='word_1_535' title='bbox 1188 2698 1257 2728; x_wconf 78' lang='lat' dir='ltr'>sere</span> <span class='ocrx_word' id='word_1_536' title='bbox 1280 2698 1459 2739; x_wconf 81' lang='lat' dir='ltr'>Dionysius</span> <span class='ocrx_word' id='word_1_537' title='bbox 1483 2697 1523 2727; x_wconf 89' lang='lat' dir='ltr'>de</span> <span class='ocrx_word' id='word_1_538' title='bbox 1545 2697 1608 2726; x_wconf 88' lang='lat' dir='ltr'>Ca-</span> 
     </span>
     <span class='ocr_line' id='line_1_88' title="bbox 909 2740 1608 2780; baseline -0.004 -8"><span class='ocrx_word' id='word_1_539' title='bbox 909 2743 1024 2780; x_wconf 88' lang='lat' dir='ltr'>meria,</span> <span class='ocrx_word' id='word_1_540' title='bbox 1035 2743 1155 2773; x_wconf 84' lang='lat' dir='ltr'>veteris</span> <span class='ocrx_word' id='word_1_541' title='bbox 1166 2742 1257 2773; x_wconf 85' lang='lat' dir='ltr'>Latii</span> <span class='ocrx_word' id='word_1_542' title='bbox 1268 2741 1367 2772; x_wconf 87' lang='lat' dir='ltr'>urbe:</span> <span class='ocrx_word' id='word_1_543' title='bbox 1382 2741 1421 2772; x_wconf 81' lang='lat' dir='ltr'>de</span> <span class='ocrx_word' id='word_1_544' title='bbox 1435 2740 1520 2771; x_wconf 83' lang='lat' dir='ltr'>bello</span> <span class='ocrx_word' id='word_1_545' title='bbox 1528 2749 1608 2770; x_wconf 87' lang='lat' dir='ltr'>cum</span> 
     </span>
     <span class='ocr_line' id='line_1_89' title="bbox 908 2782 1607 2816; baseline -0.006 0"><span class='ocrx_word' id='word_1_546' title='bbox 908 2787 1077 2816; x_wconf 88' lang='lat' dir='ltr'>Auruncis</span> <span class='ocrx_word' id='word_1_547' title='bbox 1107 2786 1245 2816; x_wconf 88' lang='lat' dir='ltr'>omnino</span> <span class='ocrx_word' id='word_1_548' title='bbox 1275 2785 1362 2815; x_wconf 83' lang='lat' dir='ltr'>silet.</span> <span class='ocrx_word' id='word_1_549' title='bbox 1418 2782 1607 2814; x_wconf 82' lang='lat' dir='ltr'>Fatendum</span> 
     </span>
     <span class='ocr_line' id='line_1_90' title="bbox 909 2826 1606 2869; baseline -0.007 -9"><span class='ocrx_word' id='word_1_550' title='bbox 909 2833 961 2860; x_wconf 80' lang='lat' dir='ltr'>est</span> <span class='ocrx_word' id='word_1_551' title='bbox 976 2835 1128 2861; x_wconf 78' lang='lat' dir='ltr'>veterum</span> <span class='ocrx_word' id='word_1_552' title='bbox 1143 2829 1277 2861; x_wconf 86' lang='lat' dir='ltr'>illorum</span> <span class='ocrx_word' id='word_1_553' title='bbox 1296 2832 1487 2869; x_wconf 75' lang='lat' dir='ltr'>temporum</span> <span class='ocrx_word' id='word_1_554' title='bbox 1503 2826 1606 2856; x_wconf 83' lang='lat' dir='ltr'>histo-</span> 
     </span>
    </p>
   </div>
   <div class='ocr_carea' id='block_1_8' title="bbox 961 2878 1050 2915">
    <p class='ocr_par' dir='ltr' id='par_1_14' title="bbox 961 2878 1050 2915">
     <span class='ocr_line' id='line_1_91' title="bbox 961 2878 1050 2915; baseline 0.011 -1"><span class='ocrx_word' id='word_1_555' title='bbox 961 2878 1050 2915; x_wconf 75' lang='lat' dir='ltr'>HS</span> 
     </span>
    </p>
   </div>
   <div class='ocr_carea' id='block_1_9' title="bbox 1951 1861 1991 3250">
    <p class='ocr_par' dir='ltr' id='par_1_15' title="bbox 1951 1861 1991 3250">
     <span class='ocr_line' id='line_1_92' title="bbox 1951 1861 1991 3250; baseline 0 0"><span class='ocrx_word' id='word_1_556' title='bbox 1951 1861 1991 3250; x_wconf 95' lang='lat' dir='ltr'> </span> 
     </span>
    </p>
   </div>
  </div>
 </body>
</html>
