1991 3250
376 114 455 149 364
929 109 1067 148 TITI
1106 108 1277 146 LIVII

167 216 209 248 U.
226 216 263 248 C.
279 220 353 252 370.
379 211 447 260 tit,
472 209 594 252 Deos
610 210 740 266 atque
760 210 956 252 homines
978 211 1282 260 obtestantem,
1302 215 1348 249 ut
1374 208 1442 249 M.
1465 207 1646 260 BIanlio,
1669 208 1819 251 libera-

164 261 206 291 A.
222 262 260 292 C·
275 263 349 293 382.
376 267 458 307 tori
477 280 563 318 suo,
578 267 746 322 parenti
761 267 893 322 plebis
915 267 1126 318 Romame,
1145 267 1326 323 gratiam
1350 265 1545 322 referant.
1600 266 1817 322 Acceptus

375 324 596 378 extemplo
619 324 663 365 in
696 324 1002 366 tumultuosam
1032 325 1199 364 turbam
1232 333 1274 363 et
1306 323 1395 377 ipse
1425 321 1654 362 tumultum
1685 335 1817 378 auge-

378 381 468 430 bat,
500 380 721 422 cicatrices
754 390 951 436 acceptas
984 379 1169 430 Veienti,
1202 379 1386 429 Gallico,
1406 378 1583 432 aliisque
1614 378 1816 434 deinceps

378 436 499 478 bellis
520 446 752 479 ostentans,
786 436 840 478 Se
859 436 1118 489 militantem,
1136 450 1174 476 se
1194 438 1463 489 restituentem
1482 449 1630 476 eversos
1644 442 1821 489 penates,

379 496 411 517 ⁵⁵
423 493 541 533 multi
540 493 650 547 plici,
652 494 740 547 jam
754 500 856 534 sorte
867 492 1061 542 exsoluta,
1073 491 1343 548 mergentibus
1356 507 1506 546 semper
1519 499 1661 533 sortem
1673 491 1821 542 usuris,

379 550 566 590 obrutum
576 549 726 603 timore
744 563 844 591 esse:
866 549 1002 590 videre
1019 549 1157 598 lucem,
1164 547 1327 604 jbrum,
1340 549 1490 589 civium
1506 563 1592 599 ora,
1613 547 1676 589 M.
1692 546 1820 589 Μἰινι-

379 605 429 645 lii
444 598 591 661 opera‘:
611 606 743 646 omnia
758 613 974 659 parentum
997 604 1185 659 beneficia
1206 605 1255 645 ab
1275 604 1344 645 illo
1366 620 1406 645 se
1426 605 1593 645 habere.-
1616 605 1681 645 illi
1700 604 1818 645 devo-

380 677 470 703 vere
488 663 662 716 corporis
680 663 858 717 vitaeque
875 677 921 702 ac
937 662 1145 717 sanguinis
1159 661 1266 717 quod
1276 663 1461 716 supersit.
1475 661 1750 717 quodcumque
1761 662 1819 701 si-

382 718 423 758 bi
436 733 523 759 cum.
538 719 697 772 patria,
713 718 924 773 penatibus
940 717 1116 773 publicis
1134 733 1180 758 ac
1196 716 1658 774 privatisjurisfiterit,
1673 717 1718 758 id
1730 731 1820 757 cum

375 789 458 815 -uno
496 775 651 815 homine
681 789 770 816 esse.
830 775 912 816 His
947 775 1123 816 vocibus
1157 775 1374 816 instinctas
1392 775 1534 830 plebes
1572 789 1700 829 quum
1727 773 1821 828 jain

380 832 504 871 unius
527 832 713 872 hominis
733 842 858 883 esset,
879 830 1025 873 addita
1041 832 1125 871 alia
1147 832 1442 872 commotioris
1472 833 1524 872 acl
1555 832 1700 872 omnia
1731 840 1821 871 tur-

380 888 522 928 banda
549 888 725 939 consilii
747 902 826 929 res.
887 888 1085 929 Fundum
1119 887 1162 928 in
1196 887 1380 937 Veienti,
1401 897 1531 942 caput
1554 887 1821 942 patrimonii,

382 946 412 970 '³⁹
426 945 614 999 subjecit
643 945 859 999 praeconit
894 943 958 986 Ne
988 958 1106 999 quem
1137 942 1327 994 υεετνᾶνη,
1358 945 1511 998 inquit,
1538 943 1731 994 Quirites,
1752 943 1823 984 do-

380 1015 448 1041 nec
469 1001 692 1057 quidquam
713 1002 758 1042 in
778 1015 822 1042 re
844 1016 930 1042 mea
952 1000 1162 1056 supererit,
1179 1000 1419 1055 judicatum
1448 1000 1701 1042 addictumve
1728 1000 1822 1041 duci

371 1058 536 1112 patiar.
597 1057 648 1099 Id
680 1073 779 1099 vero
811 1058 871 1099 ita
900 1058 1096 1099 accendit
1126 1059 1306 1106 animos,
1338 1067 1385 1097 ut
1418 1071 1490 1112 per
1520 1070 1647 1098 omne
1679 1057 1740 1098 fas
1773 1072 1823 1098 ac

380 1114 500 1155 nefas
523 1115 710 1156 secuturi
734 1114 946 1156 vindicem
979 1114 1186 1155 libertatis
1216 1114 1478 1154 viderentur.
1537 1113 1606 1154 Ad
1637 1113 1720 1154 hoc
1749 1113 1827 1154 do-

379 1172 454 1221 mi,
491 1172 787 1212 concionantis
822 1172 864 1212 in
896 1171 1086 1221 modum,
1118 1185 1331 1211 sermones
1369 1170 1481 1225 pleni
1520 1170 1747 1211 criminum
1781 1171 1825 1211 in

382 1227 556 1269 Patres:
590 1229 698 1269 inter
730 1242 852 1283 qum,
872 1230 1050 1283 ⁶⁰qnum
1072 1228 1231 1268 omisso
1262 1227 1521 1277 discrimine,
1543 1240 1643 1268 vera
1674 1241 1728 1267 an
1753 1241 1825 1267 va-

381 1297 436 1325 na
448 1285 629 1339 jaceret,
650 1287 680 1311 ⁶¹
698 1283 902 1326 thesauros
935 1284 1095 1326 Gallici
1125 1283 1219 1325 auri
1249 1283 1444 1325 occultari
1474 1298 1500 1324 α
1532 1282 1735 1324 Patribus
1756 1281 1830 1338 je?

381 1341 441 1382 cit
458 1358 468 1383 2
498 1355 567 1382 nec
571 1342 668 1397 jam
682 1341 934 1397 possidendis
949 1340 1129 1396 publicis
1149 1339 1264 1396 agris
1281 1346 1479 1382 contentos
1499 1353 1589 1390 esse,
1606 1340 1686 1381 nisi
1701 1353 1828 1394 pecu-

380 1398 493 1439 niam
522 1412 678 1454 quoque
701 1398 914 1453 publicam
942 1404 1155 1439 avertant:
1187 1411 1233 1438 ea
1263 1412 1325 1438 res
1345 1397 1380 1438 si
1403 1396 1656 1452 palamfiat‚
1677 1395 1827 1438 exsolvi

372 1454 532 1508 plebem
555 1470 630 1496 are
651 1455 782 1496 alieno
798 1469 925 1510 posse.
969 1455 1081 1501 Quae
1101 1455 1175 1495 ubi
1198 1453 1372 1508 objecta
1391 1467 1486 1509 spes
1506 1462 1585 1504 est,
1605 1453 1827 1494 enimvero

381 1512 606 1567 indignum
627 1512 793 1553 facinus
815 1511 965 1563 videri,
987 1525 1119 1567 quum
1139 1510 1445 1552 conferendum
1462 1509 1516 1551 ad
1533 1509 1826 1552 redimendam

380 1568 599 1609 civitatem
625 1584 650 1609 a
671 1568 806 1609 Gallis
828 1583 978 1609 aurum
1010 1568 1152 1619 fuerit,
1172 1569 1204 1590 ⁶²
1219 1568 1381 1608 tributo
1411 1566 1703 1608 conlationem
1737 1566 1828 1608 fac-

380 1633 495 1666 tam:
529 1625 638 1665 idem
669 1639 832 1676 aurum,
853 1639 907 1666 ex
941 1625 1136 1666 hostibus
1170 1634 1362 1679 captum,
1383 1623 1426 1664 in
1452 1637 1684 1678 paucorum
1721 1637 1829 1679 prae-

380 1681 477 1722 dam
502 1682 691 1723 cessisse.
743 1681 895 1737 Itaque
914 1683 944 1706 ⁶³
959 1695 1061 1722 exse
1096 1681 1302 1722 uebantur
1323 1680 1570 1736 quaerendo,
1594 1679 1668 1720 ubi
1692 1688 1825 1720 tantae

380 1739 439 1778 rei
475 1737 633 1779 furtum
666 1737 977 1780 occultaretur:
1016 1696 1338 1792 diilferenteque,
1370 1745 1416 1777 et
1447 1745 1639 1792 tempore
1671 1749 1747 1777 suo
1782 1749 1827 1777 se

380 1795 668 1842 indicaturum
701 1795 887 1846 dicente,
919 1795 1071 1836 ceteris
1107 1794 1289 1845 omissis,
1323 1808 1375 1835 eo
1407 1807 1538 1834 versae
1574 1800 1700 1833 erant
1733 1806 1827 1833 om·

380 1851 496 1892 nium
521 1866 659 1893 curae:
690 1851 1022 1907 adparebatque,
1043 1865 1122 1892 nec
1145 1852 1231 1892 veri
1254 1850 1400 1892 indicii
1422 1850 1604 1905 gratiam
1624 1848 1827 1900 mediam,

380 1922 460 1949 nec
481 1907 575 1949 falsi
597 1907 899 1955 obfensionem¹
919 1908 1026 1950 fore.

1129 2025 1182 2063 ees
1207 2026 1286 2047 vera
1315 2027 1361 2047 an
1383 2027 1470 2048 vana
1492 2018 1608 2048 vicinae
1631 2021 1711 2049 sunt
1732 2017 1832 2049 verbo

1120 2065 1264 2099 jaceret,
1281 2070 1300 2090 a
1322 2071 1387 2100 quo
1403 2065 1437 2091 et
1452 2062 1530 2101 ipsae
1547 2066 1723 2100 reguntur.

380 2022 465 2053 erat,
504 2017 591 2056 quod
627 2022 754 2047 veteres
787 2017 943 2054 Romani,
981 2025 1085 2056 quum

383 2060 531 2090 nondum
559 2070 602 2090 aes
616 2061 787 2099 signatum
805 2060 980 2096 haberent,
995 2064 1086 2099 post-

382 2113 486 2142 eaque
518 2104 620 2133 etiam
645 2113 749 2142 quum
774 2105 898 2134 assibus
917 2103 1085 2134 libralibus

381 2152 571 2183 uterentur,
595 2146 828 2187 appendebant
849 2157 907 2185 aes,
935 2156 1001 2177 non
1025 2156 1088 2176 nu-

383 2190 569 2220 nit-rabant.

426 2236 465 2265 58
490 2233 667 2273 Multiplici
689 2231 766 2274 jam
797 2234 895 2271 sorte]
926 2233 1087 2263 Exsoluta

378 2277 449 2313 jam
473 2286 531 2316 per
555 2286 669 2307 usuras
692 2277 742 2306 ea'
762 2277 912 2317 pecuniae
941 2286 1085 2313 summa,

383 2329 456 2358 qnae
474 2319 587 2350 inultis
611 2320 759 2359 partibus
783 2325 996 2359 exsuperaret
1019 2329 1086 2349 sor—

381 2371 465 2400 tem,
489 2364 556 2393 sive
581 2362 612 2393 id
636 2363 723 2402 quod
746 2363 846 2393 debiti
871 2367 969 2401 eaput
992 2366 1083 2400 crat3

383 2408 490 2435 usuris
507 2416 576 2436 sese
591 2416 722 2445 semper
736 2415 836 2446 snpra
858 2412 981 2436 sortem
1006 2416 1084 2444 quo-

383 2449 560 2480 dammodo
618 2449 900 2487 coacervantibus,
946 2459 1085 2487 eamque

383 2493 475 2530 quasi
514 2492 789 2532 deprimentibus,
821 2503 859 2523 ac
899 2493 1085 2523 vetantibus

383 2545 562 2574 emergere.

427 2583 467 2612 519
486 2577 627 2619 Snbjecie
646 2588 787 2618 pra’com
825 2579 988 2609 Praeconis
1004 2588 1084 2608 voce

384 2621 488 2651 seri-‘tlt
503 2632 534 2651 in
553 2623 688 2661 proponi
700 2623 813 2659 jussit.

429 2665 469 2694 60
493 2666 603 2705 ‚Quum
619 2667 729 2695 amm-o
745 2665 948 2704 discrimine]
971 2666 1085 2706 ‚Quum

376 2707 502 2748 jacere!
528 2708 645 2746 inulta,
665 2709 774 2738 omisso
795 2709 991 2744 discrimine,
1009 2718 1086 2738 vera

387 2761 430 2781 un
446 2761 542 2788 vana,
559 2751 687 2790 supple,
702 2749 840 2791 jaceret.
885 2752 1007 2782 Omisit
1031 2752 1084 2782 Li-

386 2794 455 2824 vius
473 2803 586 2824 vocent
609 2796 727 2830 nuilla,
744 2794 793 2824 vel
817 2794 915 2825 aliam
939 2795 1082 2833 aliquam

386 2837 539 2875 similem,
553 2838 593 2869 ob
610 2847 681 2867 eain
700 2847 845 2874 eausam,
859 2839 944 2876 (ruod
963 2838 1012 2869 bae
1031 2848 1084 2868 vo-

1174 2103 1211 2133 61
1240 2103 1418 2135 Thesauros
1439 2104 1662 2145 Gallie-ianm]
1680 2105 1830 2135 Fortasse

1131 2145 1209 2176 huic
1246 2147 1470 2178 criminationi
1500 2157 1614 2178 ansam
1645 2148 1832 2188 praebuerat

1129 2199 1246 2220 aurum
1263 2190 1351 2229 quod
1367 2190 1468 2222 Gallis
1491 2197 1643 2230 ereptum
1669 2195 1752 2229 erat,
1768 2191 1831 2221 sub

1128 2232 1219 2262 Jovis
1233 2233 1314 2263 sella
1329 2234 1473 2273 positum
1487 2247 1493 2263 τ
1511 2244 1577 2272 qua
1591 2235 1630 2265 de
1645 2244 1679 2264 re
1695 2234 1758 2264 vid.
1774 2243 1829 2264 su-

1131 2285 1189 2315 pra
1204 2276 1242 2306 V.
1261 2281 1312 2307 50.
1338 2276 1374 2307 ld
1390 2278 1479 2308 enim
1496 2278 1596 2317 vulgo
1621 2285 1738 2308 notum
1763 2286 1830 2307 non

1131 2319 1245 2357 fuisse,
1270 2320 1448 2351 admodum
1479 2320 1656 2351 verisimile
1683 2324 1745 2356 est,
1772 2320 1830 2351 sed

1130 2364 1287 2401 primores
1306 2364 1441 2394 Patrum
1459 2374 1528 2394 rem
1546 2364 1634 2394 inter
1649 2372 1683 2394 se
1697 2363 1829 2394 silentio

1129 2407 1293 2446 pressisse.
1318 2407 1414 2438 Unde
1430 2407 1562 2438 liberior
1576 2407 1718 2438 dabatur
1733 2406 1830 2436 Man-

1129 2449 1172 2479 lio
1188 2449 1327 2480 facultas
1350 2451 1508 2490 arguendi
1534 2450 1644 2481 Patres
1666 2449 1749 2480 illud
1771 2459 1831 2480 au·

1131 2502 1203 2522 rum
1222 2494 1360 2524 insuam
1379 2493 1523 2534 proedam
1541 2493 1685 2524 vertisse.

1172 2538 1212 2566 623
1240 2537 1370 2568 Tributo
1384 2538 1580 2567 collationem
1591 2534 1742 2576 factam]
1769 2537 1831 2566 Su-

1130 2589 1187 2618 pra
1202 2579 1239 2609 V.
1258 2583 1310 2611 50.
1333 2581 1465 2620 scripsit
1488 2580 1601 2611 Livius
1624 2588 1644 2609 a
1667 2581 1827 2609 matronis

1129 2622 1286 2653 wollinum
1325 2632 1457 2659 aurum,
1490 2628 1529 2653 ut
1558 2631 1692 2653 summa
1722 2628 1828 2662 pacta

1130 2667 1288 2697 mercedis
1311 2666 1414 2696 Gallis
1437 2665 1614 2704 confieret5
1648 2663 1741 2696 nulla
1769 2666 1830 2696 tri-

1130 2709 1201 2739 buti
1219 2710 1387 2740 mentione
1403 2708 1500 2739 sacta.

1172 2753 1212 2782 63
1237 2751 1523 2791 kls-sequebamur]
1544 2751 1734 2782 Instabam:
1760 2761 1831 2783 rem

1128 2795 1267 2826 ulterius
1293 2795 1385 2833 quasi
1409 2796 1693 2834 persequebantur
1721 2798 1755 2825 et
1778 2796 1829 2825 in-

1127 2839 1343 2878 vestigabant.
1370 2838 1472 2870 uid.
1488 2844 1555 2869 not.
1572 2843 1623 2873 90.
1642 2838 1683 2869 ad
1699 2838 1761 2871 111.
1778 2840 1832 2869 20.
