1925 3239
528 107 677 147 .LIB.
704 107 792 146 Vll.
830 107 960 145 CAP.
987 108 1073 146 XV.
1460 117 1534 150 415

98 210 231 254 duces
274 210 512 262 Gallorum,
548 226 634 253 non
676 210 950 251 descensuros
995 209 1036 249 in
1074 223 1242 264 aequum
1287 210 1506 254 Romanos
1522 232 1532 264 ς
1548 236 1589 267 U.
1609 235 1645 266 C.
1662 237 1735 269 397.

101 269 269 319 deinde,
292 269 365 309 ubi
387 274 416 295 ⁸³
433 268 652 323 degressos
688 275 860 321 repente
883 267 1096 317 viderunt,
1119 276 1161 306 et
1195 267 1275 323 ipsi
1309 270 1418 309 avidi
1443 284 1532 310 cer·
1549 280 1585 310 A.
1601 279 1636 310 C.
1653 282 1725 310 3551.

103 325 273 366 taminis
307 325 350 365 in
387 325 587 379 proelium
621 333 777 365 ruunt:
814 323 1013 378 priusque
1045 337 1190 378 pugna
1223 326 1372 380 coepit,
1405 341 1531 380 quain

103 382 272 437 signum
294 382 349 423 ab
370 381 549 423 ducibus
566 381 749 422 daretur.
774 420 778 422 ,
1473 434 1475 437 ⁴

161 437 266 480 XV.
296 438 446 479 Acrius
469 439 658 479 invasere
680 434 794 477 Galli
826 434 1020 476 dextrum
1053 450 1211 477 cornu:
1244 451 1379 492 neque
1411 439 1536 478 susti-

104 496 192 536 neri
225 495 477 550 potuissent,
500 495 542 534 ni
576 493 684 534 forte
713 507 765 533 eo
795 491 891 532 loco
912 492 1096 533 dictator
1127 492 1290 543 fuisset,
1315 495 1414 534 Sex.
1436 494 1707 543 'l'ul-Proelium‚

105 551 208 592 lium
234 551 640 606 nomineincrepans
662 550 961 605 rogitansque:
983 549 1140 590 Siccine
1152 558 1406 605 pugnaturos
1426 552 1533 592 mili-
1549 553 1747 604 quoi-*inquu-

104 615 161 649 tes
182 606 486 663 spopondisset?
515 607 586 647 ubi
610 606 673 647 illi
695 606 884 646 clamores
904 606 986 646 siut
1009 620 1124 646 arma
1148 608 1398 661 poscentium
1416 608 1436 647 Γ)
1467 609 1538 650 ubl
1550 598 1602 623 tu‘
1617 595 1709 624 ‘'an''

102 664 220 704 mina:
245 665 398 720 injussu
416 663 671 719 imperatoris
684 661 876 717 proelium
896 663 1070 703 inituros
1086 662 1108 702 52
1138 677 1184 703 en
1205 663 1334 717 ipsum
1366 664 1538 719 impera-

103 728 228 762 torem
247 722 362 761 clara
382 733 475 761 voce
493 734 635 761 vocare
655 719 710 760 ud
723 718 929 774 praelium,
944 726 979 760 et
1000 719 1058 760 ire
1071 726 1275 760 armatum
1295 728 1386 761 ante
1402 722 1538 776 prima

101 778 233 832 signa.
252 777 384 833 ecquis
403 785 631 832 sequeretur
662 790 812 825 eorum,
833 775 905 831 qui
938 775 1051 816 modo
1085 775 1252 816 ducturi
1270 776 1466 833 silenter,-
1496 780 1539 820 in

104 833 427 890 castrisferoceS,
450 834 493 874 in.
515 834 600 875 acie
613 832 757 888 pavidi
771 831 792 872 '3
823 833 935 873 Vera
954 833 1199 873 audiebant.
1223 834 1365 888 itaque
1399 846 1538 876 tantos

107 891 244 946 pudor
266 890 458 932 stimulos
480 891 746 939 admovit,ut
768 899 936 930 ruerent
959 890 1000 930 in
1025 889 1212 930 hostium
1237 891 1332 941 tela,
1347 891 1539 933 alienatis

105 963 130 988 a
153 947 355 988 memoria
377 947 550 1002 periculi
573 947 739 988 animis.
772 945 860 987 Hic
883 948 1021 1001 primo
1044 947 1212 1002 inpetus
1239 962 1369 1003 prope
1393 963 1539 989 vecors

108 1003 295 1045 turbavit
314 1003 480 1046 hostes:
503 1018 631 1059 eques
652 1002 806 1044 deinde
827 1004 1004 1044 emissus
1028 1004 1218 1044 turbatos
1242 1006 1407 1045 avertit.
1443 1005 1539 1060 1p<e

105 1061 303 1111 dictator,
324 1065 358 1085 ⁸⁴
370 1071 596 1116 postquam
619 1060 832 1100 labantem
855 1074 939 1100 una
970 1071 1088 1115 parte.
1111 1061 1216 1101 vidit
1238 1062 1387 1111 aciem,
1409 1066 1440 1086 ⁸5
1455 1064 1540 1118 sig-

107 1131 162 1158 na
182 1117 224 1158 in
247 1116 402 1157 laevum
425 1132 556 1158 cornu
579 1116 761 1167 confert,
781 1131 867 1170 quo
891 1117 1056 1158 turbam
1080 1117 1265 1158 hostium
1288 1120 1539 1175 congregari

106 1174 331 1226 cernebat3
353 1182 396 1214 et
417 1173 482 1224 iis,
503 1174 576 1229 qui
599 1175 640 1214 in
664 1183 810 1214 monte
831 1183 966 1224 erant,
988 1175 1172 1229 signum,
1195 1175 1309 1228 quod
1331 1190 1542 1216 convene-

108 1239 189 1280 rat,
212 1230 343 1271 dedit.
385 1230 471 1271 Ubi
505 1230 602 1271 inde
623 1244 793 1285 quoque
817 1245 949 1271 novus
973 1231 1132 1271 clamor
1153 1242 1285 1280 ortus,
1307 1241 1348 1272 et
1372 1233 1542 1273 tendere

105 1286 283 1343 obliquo
307 1295 450 1327 monte
470 1287 523 1328 ad
554 1297 690 1328 castra
713 1286 932 1328 Gallorum
958 1288 1033 1327 visi
1066 1297 1190 1338 sun13
1226 1299 1313 1328 tum
1338 1300 1467 1340 metu,
1490 1304 1542 1329 ne

106 1343 449 1394 excluderentur,
470 1344 627 1384 omissa
651 1358 797 1399 pugna
817 1354 895 1394 est,
918 1358 1127 1398 cursuque
1157 1344 1292 1385 effuso
1323 1346 1373 1385 ad
1406 1356 1544 1386 castra

107 1400 367 1441 ferebantur.
387 1400 462 1441 ubi
483 1414 614 1455 quum
641 1401 899 1442 obem-risset
929 1401 988 1440 eis
1023 1400 1088 1441 M.
1113 1401 1318 1451 Valerius,
1343 1403 1544 1458 magister

107 1457 316 1512 equitum,
336 1457 443 1512 (qui,
472 1459 505 1482 ⁸⁶
522 1457 752 1512 profligato
783 1458 936 1498 dextro
967 1472 1114 1508 cornu,
1137 1459 1414 1512 obequitabat
1447 1459 1544 1500 hos-

107 1514 217 1554 tium
239 1513 532 1564 munimentis)
543 1515 592 1554 ad
619 1522 784 1554 montes
803 1514 1013 1568 silvasque
1028 1524 1197 1555 vertunt
1220 1514 1363 1570 fugam
1382 1533 1391 1557 t
1416 1516 1546 1571 pluri-

106 1571 251 1626 mique
273 1570 332 1610 ibi
355 1585 379 1610 a
402 1569 541 1612 fallaci
573 1572 765 1625 equitum
797 1571 938 1626 specie
961 1577 991 1600 ’³⁷
1007 1572 1351 1627 agasonibusque
1371 1575 1542 1628 excepti

109 1637 233 1668 sunt:
254 1636 298 1667 et
318 1641 480 1676 eorum,
502 1642 609 1682 quos
633 1642 763 1682 pavor
784 1627 1014 1682 pertulerat
1037 1629 1078 1668 in
1103 1628 1242 1677 silvas,
1260 1640 1382 1669 atrox
1405 1632 1544 1671 caedes

108 1694 206 1739 post
243 1683 433 1724 sedatum
476 1683 677 1738 proelium
710 1683 804 1724 fuit.
865 1685 957 1725 Nee
989 1683 1094 1724 alius
1127 1696 1222 1740 post
1253 1685 1319 1725 Μ.
1354 1686 1543 1738 Furium,

106 1754 236 1795 quam
281 1739 333 1781 C.
365 1739 594 1794 Sulpicius,
618 1741 848 1795 justiorem
879 1741 931 1781 de
963 1741 1098 1782 Gallis
1129 1742 1217 1796 egit
1263 1743 1706 1806 triumphumssulpich„

106 1797 195 1837 auri
219 1811 389 1852 quoque
410 1811 464 1837 ex
488 1797 668 1838 Gallicis
690 1797 835 1852 spoliis
867 1798 968 1838 satis
1001 1812 1204 1853 magnum
1237 1801 1416 1854 pondus,
1439 1813 1736 1851 saxotriumpim,

107 1854 315 1908 quadrato
357 1864 540 1909 septum,
573 1855 615 1895 in
658 1853 875 1910 Capitolio
906 1855 1102 1894 sacravit.
1162 1854 1324 1896 Eodem
1363 1872 1472 1898 anno
1503 1867 1547 1899 et

110 1925 135 1950 a
153 1910 396 1950 consulibus
423 1911 538 1951 vario
559 1920 714 1951 eventu
740 1911 956 1952 bellatum.
979 1925 1075 1951 nam
1100 1910 1278 1953 Hernici
1301 1928 1325 1953 a
1347 1913 1397 1953 C.
1423 1914 1685 1958 Plau-Hernici

109 1967 170 2007 tio
199 1966 357 2007 devicti
389 1968 638 2023 subactique
670 1978 780 2009 sunt.
841 1968 999 2008 Fabius
1036 1968 1201 2024 collega
1242 1969 1333 2023 ejus
1377 1971 1639 2012 incautevicti·

107 2033 236 2077 atque
278 2023 517 2065 inconsulte
557 2025 756 2065 adversus
797 2023 1123 2079 Tarquinienses
1174 2027 1380 2081 pugnavit
1399 2045 1407 2068 :
1464 2042 1752 2086 ⁰0⁰00ntra'rar-

109 2081 152 2119 in
193 2079 285 2120 acie
328 2089 492 2121 tantum
534 2081 592 2121 ibi
635 2081 765 2122 cladis
796 2091 1038 2136 acceptum,
1069 2097 1195 2136 quam
1233 2084 1346 2137 quod
1380 2094 1540 2126 trecen·
1551 2100 1723 2138 quinienses

108 2147 174 2176 tos
197 2147 356 2190 septem
389 2137 542 2178 milites
577 2138 793 2178 Romanos
824 2148 973 2193 captos
1003 2137 1327 2193 Tarquinienses
1362 2141 1599 2182 immola-res
1613 2144 1691 2172 male

108 2201 218 2233 runt.
240 2207 325 2247 qua
347 2192 545 2235 foeditate
566 2195 764 2250 supplicii
787 2195 1003 2249 aliquanto
1026 2195 1262 2249 ignominia
1285 2198 1428 2252 populi
1455 2198 1540 2238 Ro-
1551 2190 1648 2225 gesta.

108 2249 221 2290 mani
245 2249 490 2308 insignitior
512 2251 606 2292 fuit.
667 2251 861 2292 Accessit
890 2252 939 2292 ad
973 2266 1066 2292 eain
1097 2252 1264 2293 cladem
1295 2266 1336 2294 et
1362 2257 1543 2296 vastatio

150 2367 190 2394 83
215 2362 412 2402 Regressus]
442 2363 493 2393 Sic
530 2363 613 2393 bene
650 2365 804 2401 Sigonius
849 2366 1026 2403 exercitus,
1051 2366 1205 2397 adversus
1237 2368 1322 2406 quorl
1356 2370 1547 2408 congregari

108 2417 167 2447 pro
181 2407 347 2446 digressos.
393 2406 467 2437 Vid.
487 2413 556 2436 not.
573 2411 624 2437 ὀί).
641 2408 681 2437 ad
699 2409 754 2437 ¹11.
774 2411 803 2439 8.
848 2416 881 2438 et
898 2408 1092 2446 conglobari
1105 2410 1232 2440 videbat
1247 2411 1367 2440 hostes.
1399 2411 1402 2412 ⁷

106 2459 218 2490 supra.

151 2496 193 2524 84
218 2493 396 2533 Postquam
427 2493 586 2523 labantem
617 2503 685 2523 una
707 2499 806 2532 purte

105 2538 185 2567 vidit
199 2536 316 2575 aciem]
343 2537 498 2575 Intellige
514 2537 620 2566 aciem
645 2537 804 2573 hostium,

107 2581 125 2598 ²¹*
140 2589 214 2618 quae
238 2580 347 2610 labare
364 2581 483 2619 incipit
506 2580 546 2609 ab
563 2589 628 2610 una
651 2585 755 2619 parte,
776 2581 807 2610 id

108 2629 172 2660 cst,
202 2633 222 2653 a
251 2623 384 2652 sinistro
422 2632 523 2652 cornu
555 2633 627 2660 suo,
657 2633 721 2661 quo
759 2623 808 2653 in-

109 2671 262 2702 vaserant
309 2666 462 2697 dextrum
500 2675 602 2696 cornu
642 2666 807 2696 Romano-

111 2718 196 2739 rum.

152 2751 338 2791 85¹¹·Se‘gna
360 2753 395 2782 in
419 2753 532 2782 loevum
550 2762 647 2781 cornu
670 2750 805 2792 confieri]

107 2794 208 2825 Venit
231 2805 307 2825 eum
333 2796 370 2825 iis
395 2796 496 2834 signis
527 2795 694 2834 copiisque
729 2805 809 2834 quas

110 2838 198 2869 circa.
212 2847 246 2868 se
264 2838 406 2869 habebat
426 2838 470 2868 ad
493 2837 612 2868 laevum
636 2847 736 2870 cornu
760 2840 811 2868 sui

892 2453 933 2482 86
958 2451 1140 2492 Prtfiigato
1156 2453 1265 2484 dea-tro
1280 2454 1390 2494 forme]
1416 2455 1480 2494 Qui
1507 2455 1551 2484 le-

851 2502 905 2534 get
922 2497 1085 2525 attentius
1104 2496 1201 2534 liujus
1219 2508 1337 2537 pugnae
1355 2499 1544 2537 descriptio>

851 2548 940 2574 nem,
965 2538 1062 2568 facile
1085 2545 1241 2577 agnoscet
1274 2541 1325 2570 hic
1355 2551 1413 2580 pro
1435 2542 1547 2571 dextra

851 2591 948 2611 cornu
964 2583 1190 2621 reponendum
1207 2593 1275 2613 esse
1290 2586 1424 2614 sinistro.

896 2628 932 2657 87
959 2625 1233 2665 Agasoulhusqm]
1269 2628 1419 2666 Sigonius
1444 2635 1545 2656 testa-

852 2671 906 2696 tur
930 2666 994 2705 legi
1018 2668 1052 2697 in
1069 2674 1148 2697 vett.
1168 2668 1241 2698 libb.
1259 2672 1452 2708 agasonibus
1476 2672 1545 2700 sine

854 2710 886 2739 τὸ
901 2720 979 2750 que:
1002 2716 1037 2740 et
1060 2711 1089 2740 ei
1113 2713 1339 2743 assentiuntur
1354 2714 1418 2742 «luo
1435 2725 1451 2742 e
1476 2723 1548 2742 uo<-

853 2754 925 2783 tris.
970 2754 1098 2793 Nempe
1115 2755 1210 2785 fallax
1229 2755 1284 2785 ina
1307 2752 1453 2795 erinitum
1480 2767 1550 2794 sps:-

855 2796 919 2826 cies
944 2796 1028 2826 nihil
1051 2795 1140 2827 aliud
1164 2806 1246 2836 erat,
1273 2809 1369 2838 quam
1395 2809 1549 2837 agasones

857 2839 1127 2878 mulisjmpozin.
