1925 3239
126 217 170 248 U.
187 216 225 246 C.
241 217 316 249 394.

129 262 167 289 A.
186 259 223 289 C.
240 261 314 290 358.

129 305 165 332 C.
181 302 319 340 Sulpicio

128 347 170 376 11
187 347 221 375 C
238 345 319 374 Lici-

129 388 236 460 amuli.
245 389 332 416 (oss.
345 388 453 427 sent,
483 381 792 421 revertentibus
824 381 922 421 inde
951 381 1010 420 cis
1040 380 1238 421 Tiburtes
1280 389 1423 442 portas
1455 381 1654 420 clausere.

160 442 174 460 e
202 441 251 460 um
263 440 333 460 cum

129 474 325 504 Tiburtibus.

128 560 167 588 T
183 558 304 589 Quinc·
343 548 430 589 lum
452 547 618 588 Tiburti
649 549 808 604 populo
829 549 1100 590 indiceretur.

337 111 418 147 403
897 109 1036 148 ΤΙΤῙ
1070 108 1238 147 L1V11

398 207 486 249 IX.
517 207 764 264 Insequenti
798 186 925 262 anno,
956 224 1087 265 quum
1120 209 1172 251 C.
1195 208 1411 265 Sulpicius
1433 217 1478 250 et
1509 209 1561 252 C.
1585 210 1774 253 Licinius

341 264 498 306 Calvus
519 267 743 307 consules
735 282 778 308 in
801 267 1013 309 Hernicos
1035 267 1269 308 exercitum
1293 265 1529 317 duxissent,
1550 281 1684 322 neque
1705 269 1771 309 in-

344 322 481 362 ventis
503 322 546 362 in
567 337 671 378 agro
693 325 902 374 hostibus,
927 323 1198 364 Ferentinum
1229 323 1376 363 urbem
1399 337 1543 364 eorum
1567 324 1608 364 vi
1637 324 1774 379 cepis-

1713 379 1776 422 Ea

347 435 494 476 ultima
517 435 599 475 fuit
619 451 779 486 caussa,
803 451 933 491 quum
966 437 1111 477 multae
1133 447 1242 476 ante
1236 451 1258 475 ι
1277 437 1553 491 querimoniae
1583 436 1694 476 ultro
1716 437 1778 477 ci-

345 502 493 547 troque
519 491 695 546 jactatae
726 503 880 543 essent,
903 507 991 542 cur,
1016 507 1088 546 per
1110 493 1279 534 feciales
1308 493 1431 532 rebus
1463 492 1668 547 repetitis,
1690 491 1778 532 bel-

1161 548 1428 589 Dictatorem
1451 547 1500 589 T.
1525 548 1777 595 Quinctium

130 603 194 630 ²¹⁰³
210 602 541 646 Pe¹¹¹¹¹¹⁵Pennum
564 618 615 645 eo
637 616 735 645 ante
758 606 900 655 inisse,
923 605 1024 646 satis
1045 615 1227 656 constat,
1249 615 1291 645 et
1313 605 1563 659 magistrum
1583 605 1775 668 equiturn

131 645 272 673 dictator.

130 958 254 988 Bellum

130 1002 294 1032 Gallicum.

344 661 432 701 Ser.
457 661 703 701 Cotnelium
730 661 1088 717 Maluginensem.
1122 661 1271 702 Macer
1297 662 1482 702 Licinius
1504 661 1777 702 comitiorum

342 718 632 758 habendorum
665 733 827 768 caussa,
850 728 893 758 et
923 719 976 758 ab
1013 710 1176 758 Licinio
1207 717 1380 758 consule
1415 718 1578 758 dictum
1612 717 1778 767 scribit,

340 774 456 828 quia,
478 773 642 829 collega
673 777 704 798 ⁵⁰
722 775 897 815 comitia
929 774 1037 815 bello
1070 773 1221 829 praefei
1226 788 1267 814 re
1299 774 1538 824 festinante,
1560 784 1608 814 ut
1635 774 1776 814 conti-

339 839 491 870 nuaret
512 830 796 880 consulatum,
818 831 988 872 obviam
1011 831 1197 871 eundum
1232 845 1371 886 piavae
1390 830 1615 886 cupiditati
1635 830 1774 871 fuerit.

343 887 539 933 Quaesita
569 901 619 927 ea
651 891 831 942 propriae
863 887 1036 928 i'atniliae
1068 887 1156 927 laus
1189 886 1390 927 leviorem
1411 897 1629 927 auctorem
1662 887 1775 927 Lici-

341 944 459 984 nium
484 943 611 984 facit.
624 958 772 1008 quum·
779 944 1036 985 mentionem
1059 943 1152 998 ejus
1175 943 1232 984 1ei
1256 944 1295 983 in
1321 944 1622 984 vetustioribus
1643 957 1775 984 anua-

340 1000 452 1041 libus
475 1000 631 1041 nullam
658 1002 886 1052 inveniam,
908 1001 1058 1055 magis,
1080 1010 1128 1041 ut
1157 999 1255 1041 belli
1278 999 1434 1041 Gallici
1464 1014 1622 1041 caussa,
1640 1000 1776 1041 dicta-

340 1066 476 1098 torem
499 1067 688 1098 creatum
713 1057 907 1106 arbitrer,
927 1058 1103 1097 inclinat
1121 1057 1301 1098 animus.
1319 1070 1370 1096 eo
1392 1065 1506 1098 certe
1527 1070 1638 1097 anno
1660 1055 1774 1098 Galli

330 1114 392 1155 ‘ad
418 1114 589 1155 tertium
609 1114 791 1169 lapidem
816 1117 843 1138 ⁵¹
861 1113 1022 1154 Salaria
1037 1114 1104 1154 via
1121 1124 1234 1154 trans
1257 1121 1428 1168 pontem
1442 1113 1619 1154 Anienis
1639 1122 1776 1154 castra

339 1171 542 1212 habuere.
604 1169 815 1221 Dictator,
843 1185 973 1234 quum
1005 1176 1037 1197 ⁵2
1052 1170 1255 1210 tumultus
1287 1169 1441 1210 Gallici
1474 1184 1633 1211 caussa
1645 1170 1776 1233 justi-

340 1228 448 1268 tium
471 1227 688 1278 edixisset,
703 1241 848 1268 omnes
863 1227 1056 1281 juniores
1078 1236 1342 1267 sacramento
1356 1226 1513 1281 adegit,
1527 1226 1777 1282 ingentique

340 1284 532 1325 exercitu
561 1285 615 1325 ab
648 1259 750 1324 ui-be
779 1284 1041 1338 profectus,'
1033 1298 1074 1324 m
1097 1284 1291 1324 citeriore
1321 1283 1414 1338 ripa
1432 1283 1611 1323 Anienis
1640 1290 1778 1324 castra

340 1340 500 1396 posuit.
562 1340 677 1381 Pons
708 1341 749 1382 iu
781 1341 921 1381 medio
951 1349 1055 1389 er,at
1078 1341 1235 1380 neutris
1266 1353 1361 1380 eum
1395 1340 1704 1395 rumpentibus,
1724 1353 1778 1379 ne

340 1398 508 1438 timoris
531 1397 737 1438 indicium
759 1408 882 1437 esset.
942 1396 1104 1438 Proelia
1123 1397 1176 1437 de
1185 1396 1444 1460 *occupando
1470 1405 1600 1451 ponte
1629 1396 1777 1437 crebra

340 1464 486 1504 etant;
525 1467 618 1503 nec,
648 1454 720 1508 qui
761 1454 1014 1518 potirentur,
1046 1453 1218 1494 incertis
1249 1453 1424 1504 viribus,
1453 1452 1554 1494 satis
1595 1452 1777 1494 discerni

339 1520 521 1567 poterat.
579 1509 691 1551 Tum
730 1511 889 1551 eximia
929 1510 1119 1565 corporis
1169 1509 1465 1573 magnitudine
1511 1509 1556 1550 in
1594 1523 1777 1550 vacuum

341 1575 517 1623 pontem
542 1567 689 1607 Gallus
711 1567 942 1621 processit3
973 1577 1016 1607 et
1044 1575 1249 1621 quantum
1276 1566 1465 1607 maxima
1484 1580 1589 1607 voce
1621 1566 1777 1621 potuit,

346 1624 472 1678 Quem
492 1637 608 1673 nunc,
630 1624 783 1678 inquit,
805 1623 939 1664 Roma
959 1620 1394 1678 1·z-·rumf01cissinmm¹
1415 1622 1547 1673 habet,
1566 1622 1778 1677 procedat,

341 1679 525 1735 agedum,
547 1679 603 1720 ad
624 1695 820 1736 pugnam,
842 1687 886 1720 ut
914 1688 1045 1721 noster
1073 1680 1244 1720 duorum
1276 1686 1434 1721 ezentus
1465 1679 1662 1730 ostendat,
1680 1686 1778 1720 utra

341 1751 438 1792 gens
458 1735 560 1776 bello
582 1736 636 1776 sit
655 1715 808 1778 melior.

402 1793 464 1834 X.
507 1792 596 1833 Diu
627 1793 736 1834 inter
768 1794 970 1848 primores
994 1794 1204 1849 junenum
1236 1792 1525 1834 Romanorum
1562 1791 1777 1840 silentium

344 1850 442 1901 fuit,
463 1863 592 1905 quum
626 1859 668 1891 et
700 1850 884 1891 abnueie
916 1862 1129 1892 certamen
1164 1859 1417 1902 vererentur,
1438 1859 1482 1890 et
1515 1849 1775 1905 praecipuam

777 1940 785 1962 ¹
797 1942 1008 1981 fortissimum
1022 1944 1121 1973 virum
1137 1943 1232 1978 Gron.
1249 1943 1340 1972 Crev.

382 2020 451 2051 50*
466 2019 600 2049 Comitia
616 2019 692 2049 bello
701 2017 838 2059 proeferv
840 2019 877 2059 ·e]
898 2019 1041 2050 Comitia
1089 2019 1265 2057 Gallicum,
1279 2019 1362 2058 quod
1376 2024 1447 2050 erae
1470 2019 1577 2050 Iealt'ae
1586 2019 1775 2059 finitimus.-

344 2063 466 2093 habere
505 2070 686 2101 autequam
723 2062 764 2092 ad
809 2061 931 2093 bellum
976 2064 1039 2094 ii·-e
1075 2067 1238 2103 proeeetca
1268 2064 1396 2092 nullum
1427 2065 1605 2093 tumultum
1630 2064 1777 2093 uome'na'-

343 2111 412 2136 tur.
1078 2105 1169 2136 bant.
1221 2105 1360 2135 Gmm'ns
1373 2110 1483 2136 autem
1500 2107 1679 2136 tumultum
1701 2115 1778 2142 esse,

389 2151 424 2179 51
440 2148 575 2179 Salaria
586 2158 605 2177 t
608 2146 654 2186 ia]
669 2147 862 2179 Salariavia
873 2150 1039 2189 appellata

344 2197 401 2229 est,
431 2198 565 2222 auctore
597 2191 704 2228 Festo,
734 2193 811 2230 quia
839 2191 951 2222 Sabini
975 2201 1038 2231 per

343 2245 416 2266 eam
431 2237 481 2265 sal
493 2245 515 2265 a
531 2235 617 2264 mari
633 2233 828 2274 deyk’rebant.
853 2235 1037 2276 Incipiebat

343 2288 365 2310 a
380 2285 475 2319 porta
491 2277 632 2308 Collina.

389 2323 429 2353 52
455 2320 631 2352 Tumultus
652 2320 783 2360 Gallici]
802 2320 888 2360 Quid
904 2321 946 2351 sit
963 2330 1038 2360 pro-

344 2365 414 2406 prie
437 2366 610 2401 tumultus,
627 2363 722 2394 docet
745 2364 812 2394 Cic.
829 2363 933 2394 Vl11·.
952 2363 1036 2394 Phil.

346 2408 494 2438 numeris
525 2410 557 2439 2.
581 2412 615 2436 et
641 2409 671 2437 3.
693 2407 743 2437 his
767 2407 883 2438 verbis.
929 2407 1037 2438 Potest

345 2452 462 2481 bellum
491 2460 554 2481 esse
580 2451 648 2480 siue
677 2451 843 2481 tumultu:
881 2451 1040 2480 tumultus

344 2504 407 2524 esse
421 2495 488 2524 si'ue
507 2494 583 2523 bello
604 2502 665 2523 non
680 2497 793 2532 potest.
837 2493 933 2534 ‚Quid
952 2494 1037 2523 enim

345 2542 390 2567 est
421 2536 513 2566 aliud
540 2538 714 2572 tumultus,
745 2538 804 2566 nIsi
835 2538 1040 2576 perturbatio

344 2585 451 2615 lanta,
477 2584 512 2609 ue
543 2577 646 2619 major
674 2581 770 2610 timor
797 2579 950 2610 oriatur?
980 2589 1040 2609 un-

342 2624 382 2654 ‹le
407 2624 502 2653 eiiam
521 2632 633 2652 nomen
649 2622 782 2652 ductum
803 2627 849 2653 est
870 2624 1040 2654 tumultus.

348 2665 543 2706 (Tumultus
574 2675 692 2704 nempe
723 2666 851 2696 videtur
886 2666 1036 2696 Ciceroni

346 2709 454 2739 dictus
471 2718 553 2744 esse,
569 2709 659 2746 quasi
677 2710 774 2739 timot·
791 2711 930 2741 multus.-
960 2709 1037 2738 licet

346 2751 444 2781 hodie
461 2751 549 2781 docti
568 2751 734 2781 deducant
749 2753 858 2791 potius
875 2762 894 2781 a
909 2751 1035 2788 tumeo.)

310 2811 313 2814 ·
352 2795 462 2835 ltaque
478 2793 614 2833 majores
628 2796 725 2824 nostri
748 2798 926 2825 tantaleam
946 2796 1039 2825 Itali-

345 2849 430 2878 vum,
447 2839 527 2879 quod
542 2842 612 2868 erut
627 2838 812 2869 domenicus
825 2852 834 2870 .-
859 2840 1038 2887 tuinultum

1081 2158 1180 2189 quam
1203 2149 1332 2185 bellum,
1348 2149 1420 2179 Ιιὶηι·
1434 2150 1573 2188 intellig-1
1595 2150 1678 2187 licet,
1695 2148 1780 2188 quod

1081 2193 1156 2222 bello
1171 2193 1350 2222 vacationes
1366 2193 1486 2230 valent,
1496 2193 1642 2223 tumultu
1649 2202 1710 2222 nm
1717 2200 1775 2222 va-

1082 2236 1157 2265 lent.
1203 2236 1294 2265 Idem
1312 2234 1402 2265 aliud
1425 2235 1553 2275 agendo
1568 2235 1722 2266 describit
1737 2244 1777 2265 ea

1081 2287 1154 2316 quae
1170 2278 1356 2308 tumultum
1370 2278 1521 2309 comitari
1538 2277 1704 2317 solebant,
1719 2277 1773 2308 V⁵.

1081 2320 1167 2351 Phil.
1192 2330 1224 2350 n.
1247 2324 1300 2352 31.
1347 2320 1551 2359 Tantaleam,
1574 2322 1697 2361 inquit,
1719 2321 1774 2351 de-

1080 2365 1180 2402 cerni,
1195 2363 1366 2405 justitium
1381 2365 1491 2401 indici,
1506 2375 1588 2405 saga
1601 2365 1688 2395 sumi
1705 2364 1774 2394 dico

1081 2411 1234 2448 oportere,
1251 2408 1406 2438 delectum
1430 2409 1539 2438 haberi
1558 2407 1694 2439 sublatis
1714 2416 1772 2438 va-

1082 2451 1258 2489 cationibus
1273 2452 1306 2480 in
1323 2452 1400 2481 urbe
1414 2455 1443 2481 et
1458 2452 1491 2480 in
1506 2451 1619 2482 IMR«.
1658 2450 1702 2481 Et
1717 2460 1773 2480 eo-

1082 2493 1156 2523 dem
1176 2493 1271 2523 inodo
1290 2493 1400 2523 Livius
1416 2493 1502 2523 infra
1517 2503 1544 2523 c.
1559 2494 1612 2524 28.
1656 2493 1771 2534 „Quum

1087 2537 1184 2576 (quod
1199 2547 1260 2576 per
1276 2546 1408 2575 magnos
1421 2538 1578 2567 [umidius
1592 2537 1679 2573 solet)
1697 2535 1773 2577 jus-

1084 2581 1154 2609 titio
1168 2580 1295 2617 indicto,
1311 2580 1449 2610 delectus
1469 2581 1536 2609 sine
1557 2581 1774 2610 vacationibus

1087 2624 1212 2653 habitus
1226 2629 1313 2653 essee.
1357 2623 1440 2663 Qum
1461 2627 1573 2652 tamen
1598 2623 1710 2653 omnia
1726 2623 1772 2654 ita

1082 2666 1274 2705 accipienda
1288 2672 1379 2703 suut,
1397 2669 1433 2695 ut
1455 2665 1634 2702 tumultus,
1650 2671 1772 2706 praeter

1081 2708 1166 2738 hanc
1182 2709 1380 2738 strictiorem
1395 2715 1427 2738 et
1452 2710 1592 2738 maxime
1606 2710 1771 2749 propriam

1084 2752 1372 2791 significationem,
1396 2752 1496 2782 etiam
1529 2752 1650 2782 laxiore
1673 2760 1771 2782 sensu

1082 2794 1264 2833 quamlibet
1281 2795 1563 2834 perturbationem
1577 2804 1614 2824 ac
1629 2794 1771 2834 trepida-

1081 2837 1206 2869 tionem
1226 2838 1371 2869 denotet.
1416 2837 1490 2869 vid.
1507 2848 1535 2868 c.
1552 2840 1604 2869 2⁸6.
1621 2837 1642 2869 l.
1661 2838 1701 2870 11.
