1991 3250
393 116 470 155 372
855 128 861 132 Χ
932 112 1070 151 ΤῙΤΙ
1108 113 1277 152 LlVII

188 221 283 253 uc.
301 222 373 253 371.
397 211 541 252 lucum
571 213 603 238 ⁹⁶
615 219 738 252 extra
768 220 936 267 portam
967 212 1282 253 Nomentanam
1301 213 1329 262 ⁸³,
1354 211 1464 252 unde
1495 218 1748 267 conspectus
1781 209 1825 252 in

188 264 370 295 A.c.381.
399 265 664 323 Capitolium
699 283 785 309 non
818 279 942 319 esset,
963 270 1194 310 concilium
1227 268 1370 323 populi
1411 267 1618 309 indictum
1652 278 1729 310 est.
1763 268 1823 308 ibi

188 309 373 338 Damnatur.
397 325 556 366 crimen
578 324 725 374 valuit,
747 334 790 366 et
808 325 1035 367 obstinatis
1056 326 1208 366 animis
1231 325 1348 365 triste
1372 324 1600 379 judicium,
1622 325 1826 364 invisum-

397 395 481 436 que
501 381 629 422 etiam
645 381 880 435 judicibus,
901 381 1073 424 factum.
1135 382 1244 422 Sunt
1265 383 1336 436 qui
1370 395 1441 436 per
1472 381 1734 431 duumviros,
1750 380 1824 434 qui

390 439 452 478 >de
481 438 766 493 perduellione
795 438 1081 492 anquirerent,
1110 448 1288 488 creatos,
1318 448 1513 489 auctores
1541 438 1626 478 sint
1652 437 1827 478 damna-

399 503 505 539 tum.
530 494 715 535 tribunie
735 495 788 535 de
818 509 922 535 saxo
955 493 1138 548 Tarpeio
1174 494 1447 549 dejecerunt:
1479 494 1682 548 locusque
1715 492 1826 533 idem

399 551 443 591 in
474 565 559 591 uno
590 551 763 592 homine
793 559 836 590 et
865 551 1035 591 eximiae
1068 551 1216 607 gloriae
1248 562 1571 592 monumentum
1603 560 1646 590 et
1682 562 1829 604 poenae

398 607 562 648 ultimae
604 607 699 647 fuit.
758 606 954 660 Adjectae
995 618 1164 648 mortuo
1205 618 1319 648 notae
1351 617 1473 649 sunt:
1517 606 1687 662 publica
1718 619 1830 655 una3

398 663 528 718 quod,
559 678 691 717 quum
731 663 882 704 domus
922 663 1014 718 ejus
1055 663 1216 714 fuisset,
1248 664 1320 704 ubi
1361 679 1475 704 nunc
1504 663 1662 704 ⁹⁷aedes
1702 671 1830 716 atque

400 720 574 760 officina
595 719 789 760 NIonetae
811 728 888 770 est,
908 719 1039 760 latum
1063 720 1116 761 ad
1151 721 1352 775 populum
1388 731 1465 770 est,
1487 734 1540 760 ne
1571 720 1664 775 quis
1698 718 1828 775 patri-

400 776 554 816 ciusrin
579 790 674 816 arce
695 786 770 816 aut
793 775 1010 831 Capitolio
1033 775 1267 818 habitaret:
1299 777 1517 832 gentilicia
1536 777 1692 827 altera3
1714 774 1831 831 quod

400 832 541 886 gentis
581 831 760 873 Manliae
800 833 971 874 decreto
1011 843 1185 874 cautum
1217 844 1294 884 est,
1335 848 1387 874 ne
1424 833 1517 887 quis
1556 833 1710 874 deinde
1761 830 1831 872 M.

401 888 594 929 Manlius
619 898 851 930 vocaretur.
912 889 1043 930 Hunc
1060 890 1224 931 exitum
1244 889 1394 930 habuit
1416 892 1492 940 vir,
1513 890 1592 931 nisi
1624 890 1666 930 iu
1697 889 1832 930 libera

399 945 576 986 civitate
599 955 720 986 natus
742 958 865 996 esset,
890 946 1190 987 memorabilis.
1223 946 1435 1001 Populum
1458 947 1587 996 brevi,
1606 956 1831 1001 postquam

400 1001 636 1058 periculum
658 1003 712 1043 ab
733 1017 783 1043 eo
804 1002 966 1043 nullum
991 1013 1094 1053 erat,
1118 1017 1190 1058 per
1219 1017 1261 1043 se
1292 1004 1403 1058 ipsas
1435 1004 1727 1044 recordantem
1747 1002 1832 1042 vir-

401 1067 528 1109 tutes,
549 1058 802 1100 desidetium
826 1059 917 1114 ejus
939 1060 1090 1100 tenuit.
1123 1060 1364 1114 pestilentia
1383 1059 1512 1100 etiam
1545 1060 1662 1100 brevi
1683 1072 1832 1101 conse-

400 1124 515 1165 cuta,
538 1115 661 1155 nullis
683 1116 1006 1156 obcurrentibus
1030 1126 1160 1157 tantae
1183 1116 1311 1157 eladis
1333 1116 1506 1166 caussis,
1527 1130 1579 1156 ex
1606 1115 1830 1157 lssanliano

401 1171 612 1226 supplicio
633 1186 798 1228 magnae
818 1173 923 1228 parti
940 1173 1069 1213 videri
1093 1184 1184 1213 orta
1204 1190 1213 1214 :
1240 1173 1441 1214 violatum
1463 1172 1726 1227 Capitolium
1743 1185 1834 1213 esse

402 1228 610 1283 sanguine
631 1230 871 1270 servatoris.
895 1244 972 1270 nec
996 1229 1091 1271 Diis
1113 1230 1230 1270 cordi
1255 1229 1384 1270 fuisse
1407 1244 1579 1285 poenam
1602 1229 1695 1284 ejus
1716 1228 1835 1270 obla-

403 1294 490 1325 tam
514 1300 643 1340 prope
665 1285 798 1327 oeulis
820 1286 922 1338 ευίε,
943 1300 968 1327 a
996 1301 1082 1342 quo
1113 1301 1188 1327 sua
1220 1286 1377 1342 templa
1405 1295 1551 1341 erepta
1579 1301 1603 1326 e
1635 1283 1833 1329 manibus

403 1341 592 1382 hostium
615 1352 768 1383 essent.

189 1407 229 1437 U-
245 1406 369 1457 [3372.
462 1398 601 1439 XXI.
625 1399 917 1440 Pestilentiam
940 1399 1086 1455 inopia
1107 1399 1292 1455 frugum,
1314 1411 1358 1441 et
1380 1399 1594 1454 vulgatam
1617 1399 1836 1453 utriusque

191 1450 370 1522 ss·‡jal{8g·
406 1455 505 1517 mali
530 1455 686 1519 famam
708 1470 819 1497 anno
851 1456 1100 1511 insequente
1131 1457 1353 1513 multiplex
1390 1457 1545 1498 bellum
1575 1456 1762 1511 excepit,
1786 1454 1836 1496 L.

191 1515 243 1565 ῃ),
261 1537 315 1565 &a
328 1536 382 1565 Tr.
408 1511 437 1551 V
450 1511 579 1553 aleno
600 1523 813 1567 quartum,
834 1512 889 1553 A.
914 1512 1083 1554 Manlio
1106 1514 1293 1564 tertium,
1314 1514 1403 1554 Ser.
1423 1513 1614 1569 Sulpicio
1648 1515 1836 1562 tertium,

192 1579 262 1608 Mil.
410 1567 460 1608 L.
483 1568 697 1619 Lucretio,
720 1570 769 1611 L.
790 1569 965 1611 AEmilio
995 1571 1182 1621 tertium,
1205 1570 1272 1611 M.
1293 1569 1523 1622 Trebonio,
1547 1569 1726 1610 tribunis
1756 1569 1838 1610 mi-

407 1624 528 1666 litum
566 1625 778 1667 consulari
818 1635 1042 1682 potestate.
1102 1627 1261 1668 Hostes
1308 1627 1422 1677 novi,
1465 1625 1836 1682 p1·aeter‡Volscos

408 1682 521 1722 velut
545 1692 657 1723 sorte
680 1683 862 1738 quadam
894 1697 1024 1738 prope
1054 1684 1097 1724 in
1128 1693 1334 1725 aeternum
1366 1684 1606 1724 exercendo
1639 1682 1836 1723 Romano

189 1743 276 1778 Novi
291 1747 395 1795 ¹¹.⁰⁵.¹‘'³
407 1739 531 1779 militi
553 1739 689 1790 datos,
713 1739 987 1794 Circeiosque
1007 1749 1050 1780 et
1064 1740 1245 1781 Velitras
1266 1740 1453 1782 colonias
1469 1740 1637 1794 jamdiu
1659 1739 1838 1780 molien-

193 1792 359 1821 Lanuvini.
407 1805 469 1836 tes
489 1795 790 1846 defectionem,
811 1805 854 1837 et
877 1807 1120 1852 suspectum
1148 1798 1330 1848 Latium,
1355 1796 1562 1837 Lanuvini
1585 1796 1728 1847 etiam,
1741 1810 1838 1851 quae

406 1851 652 1893 fidelissima
673 1853 772 1893 urbs
791 1852 942 1904 fuerat,
965 1854 1108 1894 subito
1139 1856 1294 1896 exorti.
1354 1852 1404 1894 ld
1444 1853 1590 1894 Patres
1621 1853 1699 1893 rati
1735 1867 1838 1894 con·

408 1918 543 1949 temtu
575 1910 783 1960 accidere,
806 1910 921 1964 quod
944 1910 1170 1951 Veliternis
1201 1912 1365 1953 civibus
1398 1911 1484 1950 suis
1520 1910 1677 1950 tamdiu
1712 1910 1837 1964 inpu-

407 1965 499 2006 nita
520 1965 706 2007 defectio
729 1977 854 2017 esset,
874 1967 1166 2018 decreverunt,
1188 1978 1235 2009 ut
1269 1968 1404 2024 primo
1441 1981 1611 2022 quoque
1647 1976 1839 2021 tempore

409 2022 461 2062 ad
511 2022 719 2079 populum
761 2022 940 2064 ferretur
980 2024 1032 2065 de
1083 2025 1193 2066 bello
1232 2026 1293 2066 eis
1333 2023 1575 2064 indicendo.
1617 2023 1668 2064 ad
1709 2037 1838 2078 quam

411 2078 606 2120 militiam
641 2094 726 2134 qno
763 2079 949 2134 paratior
989 2081 1132 2136 plebes
1173 2093 1297 2132 esset,
1329 2080 1632 2135 quinqueviros
1679 2080 1838 2136 Pomp-⁴

192 2153 375 2189 Nepetew-
413 2135 502 2175 tino
540 2151 644 2191 agro
684 2136 930 2188 dividendo,
968 2147 1012 2178 et
1051 2139 1296 2180 triumviros
1339 2137 1504 2191 Nepete
1545 2136 1726 2179 coloniae
1768 2138 1841 2178 de-

195 2195 289 2225 tonza.
407 2191 614 2234 ducendae
635 2203 898 2234 creaverunt.
957 2193 1082 2246 Tum,
1105 2206 1152 2235 ut
1188 2195 1340 2237 bellum
1373 2194 1589 2248 juberent,
1623 2192 1756 2236 latum
1789 2194 1842 2236 ad

538 2277 554 2298 ι’
574 2277 813 2312 Flumentanam
827 2283 923 2312 Gron.
940 2284 1029 2313 Crev.
1170 2289 1183 2303 ⁰
1203 2286 1276 2315 sint.
1291 2286 1472 2317 damnatum
1487 2288 1604 2317 tribuni
1616 2288 1712 2318 Gron.

451 2353 494 2387 96
524 2353 639 2386 Extra
665 2361 797 2395 portam
828 2357 1098 2399 Flumentanam]
1146 2366 1360 2400 term-umque
1398 2362 1533 2393 collium
1572 2363 1748 2393 adimebat.
1792 2361 1838 2392 Et

409 2397 510 2426 Porta
524 2397 747 2430 Flumentana
768 2401 879 2431 ibatur
894 2401 928 2430 in
945 2411 1100 2442 campum
1146 2404 1279 2442 quidem
1297 2405 1362 2435 duo
1375 2416 1391 2435 e
1408 2407 1530 2436 nostris
1545 2405 1764 2445 antiquissimi
1781 2404 1839 2434 ha-

409 2439 586 2478 Martium,
603 2447 740 2481 eratque
757 2443 813 2473 illa
828 2443 1006 2474 admodum
1024 2445 1101 2475 vici·
1145 2447 1224 2477 bent
1241 2448 1504 2479 Numenmnam:
1522 2449 1579 2479 sed
1595 2449 1630 2479 in
1647 2458 1714 2478 uno
1725 2447 1837 2479 littera

410 2492 454 2512 na
484 2484 662 2523 Capitolio,
693 2487 780 2525 quod
817 2487 953 2526 proinde
991 2497 1031 2517 ex
1063 2498 1102 2518 ea
1147 2491 1188 2521 N
1201 2497 1251 2521 est
1268 2502 1287 2521 a
1301 2492 1447 2522 secunda
1465 2501 1576 2522 manu.

409 2527 554 2565 conspici
579 2534 720 2567 poterat.
770 2529 845 2560 ldeo
871 2530 1052 2568 Nardinus,
1078 2532 1097 2561 Ι.
1185 2538 1225 2567 97
1265 2534 1372 2565 AEdcs
1399 2539 1498 2574 atque
1524 2534 1652 2576 ‹gffi'cina
1681 2532 1834 2572 Ahnetoe]

410 2567 661 2600 1V.doctiss·imi
685 2574 806 2612 operis,
824 2574 877 2603 cni
901 2573 1020 2603 titulus
1036 2580 1098 2612 est,
1143 2577 1241 2608 AEdes
1266 2578 1409 2608 ¹lunonis
1437 2578 1595 2615 Monetae,
1624 2577 1663 2606 de
1690 2587 1754 2616 qua
1770 2575 1836 2607 vid.

410 2610 514 2642 Roma
530 2616 1100 2655 vetus‚c.4.eensethiclugendum
1146 2620 1232 2650 infra
1261 2621 1336 2651 vlt.
1369 2623 1422 2652 ⁸28.
1451 2626 1484 2651 et
1525 2621 1656 2650 officina
1693 2619 1834 2650 cudendi

408 2663 479 2684 esse
506 2656 614 2694 potius
639 2663 733 2688 extra
758 2665 889 2698 portam
916 2661 1101 2691 Numerata·
1145 2664 1370 2701 numismatis,
1422 2664 1475 2693 cni
1527 2667 1655 2694 monetet
1714 2672 1834 2693 nomeu

406 2707 498 2734 nam,
514 2699 581 2728 sive
599 2700 857 2739 Nomentanam,
878 2713 951 2742 qua:
967 2705 1099 2742 quidem
1145 2706 1288 2736 inditum
1319 2713 1369 2737 est
1401 2717 1420 2736 a
1448 2706 1580 2736 Juuone
1605 2706 1754 2742 Moneta,
1778 2715 1835 2735 cu-

408 2747 506 2779 porta
527 2752 546 2771 a
577 2741 739 2782 Capitolio
769 2746 991 2776 remotissima
1020 2747 1096 2784 fuit,
1136 2750 1193 2787 jus
1210 2751 1249 2779 nd
1265 2750 1370 2779 aedem
1387 2749 1568 2781 cudebatur
1590 2756 1626 2779 et
1650 2750 1833 2780 asservaba-

408 2783 615 2822 ducebatque
633 2785 665 2814 in
684 2796 760 2816 eum
777 2787 900 2825 locum,
919 2790 971 2818 vui
999 2800 1099 2830 aggi-r
1143 2799 1210 2823 tur.

408 2827 477 2857 Ser.
493 2827 594 2858 Tullii
618 2835 833 2867 conspectum
862 2832 1016 2871 Capitolii
1045 2844 1097 2862 ve-
