1991 3250
599 109 724 148 LIB.
756 109 788 148 1.
827 107 964 146 CAP.
991 105 1142 146 XLIII.
1182 112 1186 116 “
1545 113 1593 147 59

154 205 371 249 centurias
394 205 630 249 distributi.
674 207 706 231 ⁹⁶
720 204 931 248 Undecim
955 202 1143 244 millibus
1167 201 1261 244 haee
1282 201 1426 244 classis
1449 217 1595 245 cense-

155 265 296 306 batur.
357 263 458 306 Hoc
490 264 630 305 minor
660 276 812 303 census
836 260 1041 325 reliquam
1074 259 1396 301 multitudinem
1428 260 1594 302 habuit.

153 321 256 363 inde
287 337 371 362 una
401 321 595 363 centuria
625 319 740 360 facta
769 328 832 360 est
862 318 1050 360 inmunis
1081 317 1249 359 militia.
1312 316 1378 358 Ita
1409 318 1595 382 pedestri

153 380 350 420 exercitu
375 389 526 420 ornato
558 377 890 432 distributoque,
911 375 1106 431 equitum
1128 389 1183 416 ex
1207 375 1467 430 primoribus
1490 375 1595 416 civi-

155 437 257 477 tatis
279 436 506 477 duodecim
541 434 715 490 scripsit
743 434 973 488 centurias
1019 435 1050 459 2⁷
1068 432 1154 473 Sex
1187 433 1290 473 item
1323 432 1425 472 alias
1447 442 1595 473 centu-

154 493 238 534 rias
262 495 397 534 tribus
419 493 472 534 ab
497 491 685 532 Romulo
712 491 920 532 institutis
944 490 1023 531 sub
1047 489 1212 540 iisdem,
1234 489 1425 544 quibus
1416 503 1596 546 inaugu-

155 561 259 591 ratae
299 560 434 601 erant,
467 549 714 589 nominibus
749 548 868 590 fecit.
928 547 996 589 Ad
1035 562 1167 602 equos
1202 522 1407 587 5emendos
1441 547 1598 588 ⁰⁸dena

157 608 292 648 millia
326 607 422 648 aeris
454 621 506 646 ex
547 606 720 661 publico
757 607 882 652 data:
924 608 1028 654 ²⁹et,
1062 605 1218 659 quibus
1255 618 1389 659 equos
1422 604 1597 654 alerent,

160 665 300 706 xiduae
335 663 580 714 adtributae,
611 678 708 719 quae
743 664 846 704 bina
872 639 1008 703 ’millia
1037 662 1133 702 aeris
1163 661 1206 702 in
1238 676 1372 702 annos
1405 661 1597 716 singulos

157 722 404 778 penum-,ent
465 720 578 762 Haec
616 720 762 762 onmia
800 722 842 762 in
882 720 992 760 dites
1028 735 1053 759 a
1092 719 1350 782 pauperibus
1393 718 1598 759 inclinata

157 793 298 819 onera.
343 777 512 819 Deinde
534 786 599 818 est
619 778 758 819 honos
780 777 967 819 additus.
994 790 1078 817 non
1102 790 1217 816 enlm
1240 782 1308 826 (ut
1330 776 1384 817 ab
1408 776 1597 817 Romulo
1609 785 1774 825 Suffragia

158 836 358 876 traditum
385 835 512 876 ceteri
537 846 808 876 servaverant
831 836 970 890 reges)
995 833 1153 873 viritim
1176 832 1430 888 suffragium
1449 834 1599 874 eadem

157 892 198 933 vi
220 893 457 956 eodemque
480 892 580 948 jure
614 893 856 948 promiscue
879 891 1080 932 omnibus
1110 890 1258 932 datum
1282 899 1372 931 est:
1404 890 1478 931 sed
1502 906 1598 946 gra-

156 950 236 991 dus
260 948 378 1001 faeti,
401 957 448 990 ut
481 964 617 1005 neque
639 950 839 991 exclusus
872 950 1098 1013 qwuisquam
1130 946 1337 1002 suffragio
1368 948 1600 1013 videretur,

158 1015 202 1048 et
233 1007 293 1048 vis
316 1007 455 1047 omnis
488 1021 618 1071 penes
642 1008 848 1063 primores
871 1005 1060 1046 civitatis
1087 1014 1214 1045 esset.
1277 1003 1456 1060 Equites
1485 1007 1600 1047 enim

157 1056 424 1105 vocabantur
444 1064 603 1128 *primi3
639 1065 865 1121 octoginta
895 1064 935 1103 it,
923 1063 994 1103 de
1017 1062 1166 1118 primae
1189 1061 1335 1103 classis
1367 1063 1599 1104 centuriae:

157 1121 219 1162 ibi
249 1123 282 1144 ⁵0
297 1122 329 1162 si
365 1122 562 1173 variaret,
592 1122 707 1176 quod
743 1137 837 1163 ι3ιο
873 1120 1106 1169 incidebat,
1138 1128 1186 1160 ut
1224 1119 1422 1160 secundae
1456 1119 1603 1161 classis

157 1191 438 1221 vocarentur:

159 1235 331 1286 infimos
366 1236 651 1292 perveniiment

155 1319 288 1357 tributi,
319 1319 413 1349 haud
441 1319 540 1349 facile
572 1325 624 1349 est
668 1319 858 1350 decernere.

160 1363 312 1393 Aecensos
326 1362 497 1402 colligitur
508 1374 547 1392 cx
566 1363 663 1393 Festo
681 1363 714 1392 in
723 1364 858 1393 vocibus

161 1406 298 1436 Adcensz'
314 1411 344 1436 ec
360 1407 578 1446 Adscriptz'tiz',
591 1412 626 1436 et
642 1418 680 1436 ex
698 1407 859 1444 Varrone,

164 1449 188 1479 1.
215 1449 277 1479 lIl.
303 1450 342 1479 de
370 1450 439 1479 vita
467 1460 542 1489 pop.
567 1450 724 1488 Romani,
752 1450 860 1480 dictos

161 1503 215 1524 eos
231 1493 345 1530 fuisse,
364 1494 420 1531 qui
445 1493 631 1532 legionibus
659 1494 800 1523 adscribi
825 1498 859 1523 et

161 1537 328 1567 accenseri
359 1537 516 1574 solerent,
545 1540 639 1566 extra
677 1547 858 1567 numerum

161 1590 366 1618 censumque
383 1580 566 1619 legionum,
580 1588 616 1610 ut
634 1581 668 1610 iu
686 1581 857 1610 demortu-

159 1634 255 1654 orum
281 1623 390 1652 locum
418 1624 693 1663 subrogarentur,
718 1624 856 1654 interim

163 1667 252 1697 inter
263 1665 379 1697 leviter
391 1672 537 1697 armatos
546 1668 740 1707 pugnaturi.
767 1668 858 1698 Hinc

161 1720 306 1740 accensos
330 1711 364 1740 in
388 1710 518 1749 legione
536 1716 777 1741 commemorat
802 1712 859 1742 Li-

161 1754 350 1791 vius‚VlII.
366 1758 396 1784 8.
411 1755 467 1793 qui
483 1755 601 1784 leviter
615 1756 735 1785 armati
751 1761 860 1793 erant,

162 1806 196 1828 et
213 1799 246 1827 in
263 1803 467 1837 postremam
489 1799 596 1828 aciem
613 1799 861 1838 reJiciebantur.

161 1842 212 1872 Ex
242 1841 292 1870 his
324 1851 454 1880 quoque
494 1841 661 1873 dabantur
691 1842 860 1881 adjutores

163 1885 428 1921 centurionibus,
450 1889 536 1915 teste
566 1886 681 1916 eodem
714 1886 860 1916 Varrone

163 1928 300 1959 ibidem.
344 1928 619 1959 Nominabantur
643 1922 770 1960 accensi
791 1930 860 1960 sive

163 1973 304 2010 adcensi,
332 1975 509 2012 propterea
538 1973 625 2012 quod
654 1973 696 2004 ad
722 1983 860 2004 censum

163 2015 335 2055 legionum
352 2015 458 2046 additi
473 2016 595 2047 forent.
620 2017 684 2047 Sed
700 2016 754 2047 hic
770 2026 862 2056 quae-

164 2060 270 2090 rimus
295 2059 439 2099 speciale
463 2059 597 2099 aliquod
621 2060 860 2099 ministerium,

166 2101 254 2142 quod
285 2103 342 2141 qui
372 2107 579 2140 exercerent,
609 2109 747 2144 possent
782 2114 861 2134 cum

165 2145 390 2176 cornicinibus
420 2147 691 2187 tubicinibusque
727 2158 862 2188 compa—

165 2189 243 2220 rari.
288 2190 423 2220 Accensa·
449 2191 551 2220 etiam
578 2191 671 2221 fuere
698 2192 732 2222 in
756 2192 862 2231 magi-

165 2236 334 2263 stratuum
353 2234 608 2273 apparitoribus,
625 2233 739 2272 dasem,
757 2239 797 2265 ut
812 2236 861 2265 vi—

166 2277 274 2312 detur,
295 2282 329 2306 et
346 2277 494 2313 nomine,
510 2280 544 2306 et
558 2278 630 2317 ipsa
645 2289 678 2309 re
695 2279 736 2309 ab
748 2288 860 2309 accen-

164 2321 210 2350 εἱς
238 2320 303 2350 illis
333 2320 542 2350 militaribus.
587 2321 776 2353 Videndum
817 2332 861 2353 an

168 2364 256 2394 credi
273 2363 393 2394 debeat
409 2363 481 2400 hos,
498 2365 554 2403 qui
569 2370 602 2394 et
619 2366 862 2406 imperatorum

169 2409 205 2437 in
222 2406 306 2437 bello
323 2413 357 2437 et
374 2408 633 2447 magistratuum
651 2409 683 2438 in
702 2409 781 2439 urbe
799 2410 862 2440 im-

166 2450 477 2491 periisfexequeudis
493 2455 614 2490 prae‘sto
627 2457 749 2490 essent,
763 2452 864 2483 fuisse

169 2495 205 2524 in
232 2503 334 2524 unam
361 2494 565 2535 peculiarem
582 2497 768 2526 centuriam
787 2506 867 2526 con-

163 2538 285 2577 jectos,
312 2543 346 2569 et
370 2539 410 2581 de
435 2539 475 2569 iis
503 2538 564 2568 hoe
591 2539 663 2569 loco
691 2549 788 2579 agere
810 2539 866 2570 Li-

169 2590 269 2611 vium.

215 2626 255 2655 ²25
281 2624 318 2655 T
323 2625 476 2665 bicinee]
467 2625 575 2666 Magis
590 2623 739 2667 placeret
755 2627 868 2657 tuIn'ci-

167 2677 232 2698 nes.
282 2668 419 2708 Dionys
438 2670 536 2699 habet
556 2671 741 2700 Σάλπισται.

213 2711 254 2742 96
294 2712 451 2742 Undecim
481 2715 639 2752 millibus]
670 2713 863 2753 DionysiuS,

171 2752 344 2785 duodecim
364 2756 509 2786 millibus
523 2761 555 2786 et
572 2757 777 2796 quingentis.

214 2799 253 2831 27
281 2798 345 2829 Sex
360 2799 452 2838 item]
473 2800 598 2830 Praeter
613 2800 788 2830 duodecim
811 2810 864 2830 su—

172 2841 314 2881 periores
330 2844 498 2874 centurias
514 2844 681 2884 equitum,
698 2854 757 2875 sex
779 2845 861 2875 item

471 1193 550 1219 nec
573 1178 660 1220 fere
684 1193 886 1234 umquam
919 1177 1032 1218 intra
1055 1177 1113 1217 ita
1134 1175 1456 1228 descenderent,
1480 1188 1527 1218 ut
1548 1178 1603 1218 ad

701 1239 731 1260 ³¹
750 1236 844 1278 Nec
875 1235 1021 1276 mirari
1043 1244 1230 1291 opor,tet
1253 1234 1368 1275 hunc
1392 1235 1602 1286 ordinem,

902 1318 983 1348 alias
999 1318 1080 1347 feeit
1096 1328 1113 1347 e
1131 1318 1238 1348 tribus
1255 1319 1295 1349 ab
1307 1319 1450 1349 Romulo
1469 1320 1604 1350 institu-

901 1363 958 1392 tis.
1004 1362 1130 1392 Eadem
1147 1367 1262 1393 tamen
1281 1363 1319 1392 iis
1343 1363 1480 1393 uomina
1495 1374 1604 1393 serva-

902 1406 962 1442 vit,
980 1405 1098 1444 quibus
1115 1406 1325 1445 inauguratae
1341 1414 1448 1437 eraut,
1485 1406 1603 1446 Itaque

904 1448 1104 1479 dicebantur
1139 1449 1345 1480 Ramnenses
1370 1451 1482 1490 primi,
1501 1451 1602 1481 Ram-

907 1502 1028 1523 nenses
1045 1493 1183 1522 secundi
1199 1505 1208 1531 ;
1225 1492 1391 1524 Titienses
1409 1495 1521 1534 primi,
1540 1496 1602 1525 &c.

903 1536 992 1576 quod
1016 1535 1138 1566 diserte
1155 1535 1251 1566 docet
1270 1537 1398 1567 Festus.

946 1582 986 1611 ‘2ss
1032 1579 1151 1610 Deua>
1175 1581 1279 1610 millia
1324 1580 1410 1619 ceris]
1443 1582 1526 1621 Quae
1543 1591 1605 1611 ερε-

900 1623 1015 1653 timari
1045 1630 1187 1662 possunt
1224 1625 1342 1654 marcis
1380 1626 1511 1664 argenti
1553 1627 1602 1656 16.

904 1677 980 1696 cum
994 1668 1140 1706 quinque
1157 1668 1276 1698 unciis.
1299 1669 1390 1699 Bina
1401 1670 1505 1699 millia
1516 1672 1601 1708 ceris,

905 1714 936 1742 3.
955 1721 1030 1740 cum
1049 1720 1117 1741 una
1133 1712 1244 1741 uncia.

950 1756 992 1788 ‘29
1016 1754 1065 1784 Et
1089 1756 1202 1794 qulbus
1224 1765 1316 1794 equos
1338 1757 1476 1794 alerent,
1493 1757 1601 1787 vidus?

904 1798 1085 1837 attribzrtoe]
1119 1797 1200 1837 Quis
1226 1809 1372 1838 unquam
1397 1800 1443 1830 sic
1468 1800 1600 1831 locutus

905 1842 975 1872 est?
1000 1842 1106 1872 viduae
1121 1843 1234 1881 quibus
1248 1845 1374 1873 alerent
1388 1853 1489 1883 equos.
1516 1844 1601 1875 Rec-

903 1889 940 1915 te
970 1885 1156 1915 Gronovius
1189 1887 1321 1916 videtur
1349 1896 1530 1927 reponere:
1570 1892 1602 1918 et

904 1930 960 1969 qui
975 1939 1066 1969 equos
1089 1931 1227 1968 alerent,
1245 1930 1278 1960 id
1297 1933 1359 1968 est,
1376 1936 1415 1961 ut
1439 1931 1603 1962 haberent

905 1973 940 2002 in
957 1977 1143 2013 sumptum,
1161 1984 1226 2013 quo
1243 1974 1372 2004 alerent
1394 1984 1508 2014 equos.
1547 1976 1602 2006 Sic

906 2017 1036 2053 Cicer0‚
1060 2017 1081 2046 l.
1107 2016 1166 2046 XI.
1197 2017 1239 2047 ad
1266 2017 1336 2048 Att.
1354 2027 1405 2058 ep.
1430 2021 1478 2048 ll.
1503 2024 1542 2049 ut
1560 2021 1602 2050 sit

903 2061 960 2100 qui
983 2065 1132 2099 utamur,
1149 2065 1184 2091 et
1207 2059 1304 2091 XIII.
1328 2063 1380 2092 533.
1409 2063 1525 2093 habere
1546 2065 1603 2104 qui

906 2108 996 2134 utar.

950 2150 991 2178 30
1016 2147 1054 2178 Si
1068 2148 1229 2189 variaret]
1256 2148 1290 2178 Si
1309 2149 1344 2178 in
1361 2147 1504 2180 diversas
1528 2160 1603 2190 par-

905 2194 957 2221 tes
987 2191 1076 2221 irent
1102 2193 1209 2232 prima
1240 2191 1298 2221 illa
1336 2193 1495 2232 suffragia
1512 2217 1519 2223 .
1538 2217 1545 2224 .
1564 2217 1572 2223 .
1590 2217 1603 2232 ‚

903 2244 976 2265 mos
999 2234 1077 2273 fuit,
1096 2236 1162 2265 sive
1186 2236 1373 2275 oportebat,
1398 2241 1435 2267 ut
1456 2238 1603 2268 secundae

902 2279 1014 2309 classis
1038 2280 1199 2309 centuriae
1215 2285 1420 2311 vocarentur.
1464 2281 1522 2311 Sin
1545 2291 1604 2311 au-

904 2325 975 2352 tem
992 2323 1222 2353 consentirent
1235 2323 1419 2354 octodecim
1436 2325 1604 2363 equiturn,

906 2372 941 2395 et
963 2367 1136 2404 octogiuta
1153 2367 1267 2406 primae
1292 2367 1404 2408 classis
1428 2369 1603 2406 centuriae,

908 2409 991 2439 nihil
1008 2409 1080 2447 jam
1105 2420 1187 2449 opus
1214 2414 1286 2440 erat
1317 2410 1458 2449 reliquas
1484 2412 1604 2442 classes

909 2453 951 2483 ad
968 2453 1165 2493 suffragium
1183 2454 1302 2483 vocari.
1345 2454 1494 2485 Fuerunt
1511 2455 1608 2485 enim.

909 2497 1048 2527 omnino
1074 2494 1116 2527 ad
1146 2497 1230 2527 Livii
1263 2502 1411 2527 mentem
1441 2499 1605 2529 centuriae

914 2543 986 2574 191.
1027 2552 1067 2570 ex
1097 2540 1247 2580 Dionysii
1278 2546 1391 2570 autem
1421 2543 1604 2580 sententia,

915 2586 986 2618 193.
1037 2584 1190 2623 Utroque
1220 2587 1333 2614 autem
1366 2585 1466 2615 modo
1497 2587 1606 2624 prima

911 2627 1024 2657 classis
1053 2627 1124 2658 sola
1153 2637 1231 2656 cum
1259 2628 1412 2666 equitum
1443 2630 1605 2659 centuriis

908 2678 1035 2701 ceteras
1059 2680 1174 2700 omnes
1193 2670 1312 2701 classes
1329 2681 1468 2702 numero
1486 2673 1604 2703 suffra·

909 2714 1040 2753 giorum
1057 2713 1221 2744 vincebatL

952 2761 989 2788 31
1020 2758 1091 2787 Nec
1107 2759 1224 2787 mirari
1243 2757 1378 2797 oportet]
1402 2759 1474 2790 Nec
1490 2760 1606 2789 miraris

909 2806 1041 2841 oportet
1057 2801 1144 2831 hanc
1167 2802 1395 2832 centuriarum
1411 2803 1606 2843 descriptio—

908 2854 999 2881 nem,
1016 2855 1090 2885 quae
1115 2854 1205 2876 nunc
1221 2850 1284 2882 est,
1303 2854 1368 2875 non
1386 2846 1545 2885 quadrare
1565 2846 1605 2876 ad
