1991 3250
366 133 442 172 374
902 128 1037 168 T1T1
1080 128 1245 167 L1vil

155 239 197 271 U.
215 239 341 274 (2374.
370 241 458 269 rem
481 227 718 269 temeritate
735 228 826 284 ejus
857 229 1092 284 prolapsam
1129 228 1339 278 restituit3
1369 235 1410 268 et
1442 229 1654 282 privatim,
1676 230 1790 287 quod

156 283 196 315 Α·
214 284 251 314 C.
268 286 341 317 378.
370 298 425 325 ex
448 298 588 325 errore
607 286 786 341 gratiam
810 286 951 341 potius
972 286 1062 340 ejus
1085 286 1180 335 sibi,
1201 299 1327 339 quam
1350 299 1466 325 suam
1506 286 1699 340 gloriam,
1721 302 1794 342 pe·-

372 341 455 381 tiit.
516 339 691 382 Exactae
718 342 810 395 jam
843 343 980 382 aetatis
1003 341 1208 382 Camillus
1229 350 1332 390 erat,
1351 341 1620 397 comitiisque
1645 343 1790 397 jurare

370 403 518 452 parato
561 397 602 437 in
645 399 774 439 verba
812 398 1066 439 excusandae
1110 397 1335 438 valetudini
1388 397 1512 438 solita
1561 413 1791 440 consensus

370 452 516 509 populi
538 453 774 497 restiterat:
806 455 877 494 sed
900 464 1097 509 vegetum
1130 453 1348 509 ingenium
1380 454 1426 494 in
1446 454 1589 495 vivido
1623 466 1794 510 pectore

370 510 560 565 vigebat,
573 510 820 565 virebatque
841 511 1016 565 integris
1039 510 1243 560 sensibus,
1257 521 1300 550 et
1320 510 1464 550 civiles
1478 511 1571 565 jam
1592 525 1656 552 res
1678 511 1791 553 haud

370 579 630 622 magnopere
651 568 878 607 obeuntem
902 566 1010 607 bella
1025 567 1285 607 excitabant.
1337 567 1533 612 Quatuor
1555 567 1794 623 legionibus

370 622 626 676 quaternum
666 623 844 663 millium
886 623 1070 677 scriptis,
1105 624 1294 663 exercitu
1335 623 1496 664 indicto
1532 624 1582 664 ad
1626 634 1794 679 portam

372 677 635 733 Esquilinam
659 678 702 719 in
725 678 966 734 poste1·um‘¹
989 679 1116 729 diem,
1135 679 1185 720 ad
1210 679 1419 720 Satricum
1443 680 1673 735 profectuS.
1724 679 1793 722 Ibi

369 749 467 776 eum
491 744 807 790 expugnatores
829 735 1009 776 coloniae
1038 735 1363 790 haudquaquam
1398 736 1595 791 perculsi,
1620 737 1795 779 fidentes

369 791 557 832 militum
589 805 779 842 numero,
810 806 895 846 quo
924 791 1187 846 aliquantum
1222 792 1495 845 praestabant,
1516 794 1794 848 obperieban·

371 854 454 888 tur.
475 855 699 903 postquam
721 848 1059 904 adpropinquare
1083 848 1298 888 Romanos
1326 859 1560 900 senserunt,
1580 850 1798 904 extemplo

370 904 415 944 in
439 904 573 945 aciem
604 905 852 958 procedunt,
874 905 979 945 nihil
1010 905 1195 955 dilaturi,
1216 904 1320 959 quin
1351 905 1582 960 periculum
1615 920 1793 947 summae

371 974 508 1002 rerum
547 960 759 1002 facerent:
810 962 870 1002 ita
919 962 1123 1016 paucitati
1170 960 1357 1001 hostium
1408 961 1512 1002 nihil
1559 971 1668 1004 artes
1716 963 1797 1004 im·

373 1017 578 1073 peratoris
601 1018 730 1071 unic-i,
752 1018 904 1072 quibus
927 1017 1025 1058 solis
1047 1017 1325 1068 confiderent,
1349 1017 1590 1073 profuturas
1610 1033 1719 1060 esse.

433 1072 621 1115 XXIII.
654 1073 772 1115 Idem
796 1074 918 1115 ardor
951 1084 993 1114 et
1025 1075 1068 1115 in
1105 1074 1301 1114 Romano
1334 1075 1524 1116 exercitu
1557 1084 1663 1126 erat,
1685 1075 1793 1117 etin

373 1129 505 1170 altero
527 1131 658 1171 duce:
692 1145 770 1171 nec
801 1131 1018 1186 praesentis
1041 1131 1327 1172 dimicationis
1350 1130 1564 1172 fortunam
1600 1131 1685 1172 ulla
1715 1145 1796 1184 res,

372 1196 656 1242 praeterquam
687 1187 810 1228 unius
834 1188 909 1228 viri
933 1187 1155 1228 consilium
1179 1198 1306 1241 atque
1338 1187 1581 1242 imperium,
1599 1189 1797 1229 moraba÷

372 1253 464 1284 tur:
496 1244 569 1298 qui
603 1244 870 1285 occasionem
899 1244 1184 1299 juvandarum
1219 1245 1381 1284 ratione
1412 1245 1564 1285 virium
1588 1244 1795 1285 trahendo

374 1299 487 1340 bello
505 1301 737 1354 quaerebat.
790 1299 853 1341 Eo
877 1302 1011 1356 magis
1035 1301 1168 1341 hostis
1192 1301 1372 1350 instare;
1402 1315 1480 1341 nec
1496 1301 1586 1356 jam
1611 1315 1685 1356 pro
1707 1315 1798 1342 cas-2

374 1357 448 1396 tris
471 1364 635 1398 tantum
658 1357 744 1397 suis
764 1357 977 1412 explicare
998 1358 1149 1408 aciem,
1172 1357 1241 1398 sed
1275 1358 1500 1412 procedere
1532 1359 1580 1401 iu
1608 1357 1796 1401 medium

374 1413 535 1468 campi,
555 1424 597 1454 et
627 1413 740 1454 vallo
773 1428 906 1469 prope
937 1414 1122 1455 hostium
1156 1415 1280 1469 signa
1312 1413 1546 1464 inferendo,
1569 1415 1795 1470 superbam

375 1469 576 1511 fiduciam
611 1470 762 1510 virium
795 1479 1020 1511 ostentare.
1080 1469 1130 1511 Id
1164 1484 1278 1525 aegre
1312 1470 1551 1524 patiebatur
1575 1470 1796 1511 Romanus

165 1538 360 1576 nrurnte-
375 1525 523 1578 miles3
554 1526 689 1567 multo
724 1528 877 1582 aegrius
909 1527 1016 1569 alter
1046 1542 1099 1568 ex
1137 1526 1318 1568 tribunis
1351 1527 1534 1568 militum
1559 1528 1607 1568 L.
1633 1527 1797 1578 Furius,

162 1583 298 1613 meritas.
376 1582 497 1624 ferox
519 1597 652 1639 quum
676 1593 802 1624 aetate
821 1592 864 1623 et
887 1583 1074 1640 ingenio,
1092 1593 1179 1624 tum
1206 1583 1507 1634 multitudinis,
1529 1598 1582 1625 ex
1605 1584 1798 1625 incertis-

374 1640 483 1680 simo
505 1641 708 1681 sumentis
731 1640 910 1691 animos,
933 1655 1006 1695 spe
1026 1641 1212 1681 inflatus.
1263 1639 1351 1680 Hic
1374 1654 1448 1695 per
1467 1655 1510 1681 se
1526 1645 1618 1695 Jam
1640 1640 1796 1681 milites

373 1696 575 1737 incitatos
615 1697 785 1752 insuper
836 1697 1069 1752 instigabat
1108 1696 1328 1746 elevando,
1368 1711 1453 1750 qua
1492 1711 1576 1738 una
1618 1705 1797 1753 poterat,

375 1762 503 1793 aetate
524 1753 821 1794 auctoritatem
845 1753 1046 1810 collegae:
1071 1752 1301 1794 Jnvenihus
1325 1752 1429 1793 bella
1447 1752 1561 1803 data,
1578 1753 1796 1804 dictitans,

373 1816 412 1850 et
433 1824 522 1850 cum
545 1809 778 1864 corporibus
808 1810 943 1866 vigere
974 1817 1011 1851 et
1040 1809 1288 1864 deflorescere
1320 1809 1498 1859 animos‚·
1529 1816 1796 1867 cunctatorem

374 1880 422 1906 ex
442 1867 637 1907 acerrimo
661 1866 851 1907 bellatore
858 1865 1052 1922 factunm
1083 1873 1133 1917 et,
1154 1866 1226 1922 qui
1247 1865 1459 1907 adveniens
1489 1873 1623 1908 castra
1654 1866 1793 1907 urbes-

374 1937 451 1978 que
474 1922 608 1978 primo
631 1924 764 1979 inpetu
787 1938 929 1977 rapere
949 1924 1002 1964 sit
1021 1922 1174 1974 solitus,
1196 1937 1283 1964 eum
1308 1922 1473 1963 residem
1498 1924 1607 1963 intra
1642 1922 1796 1964 vallum

374 1988 526 2034 tempus
547 1987 696 2020 terere:
726 1980 825 2036 quid
841 1994 1089 2021 accessurum
1110 1981 1207 2030 suis,
1228 1979 1521 2020 decessurumve
1539 1979 1712 2020 liostiitm
1732 1979 1796 2021 vi-

373 2036 485 2077 ribus
506 2035 758 2091 sperantem?
787 2051 909 2092 quam
940 2037 1194 2087 occasionem,
1213 2035 1320 2091 quod
1350 2042 1512 2091 tempus,
1534 2051 1648 2091 quem
1667 2040 1681 2060 ³
1697 2036 1796 2077 insi*

376 2092 456 2133 diis
476 2093 716 2134 instruendis
737 2092 899 2133 locum?
913 2093 1076 2149 frigere
1095 2107 1141 2133 ac
1171 2099 1324 2148 torpere
1342 2093 1444 2133 senis
1471 2092 1655 2133 consilia.
1716 2091 1798 2133 Sed
1832 2090 1835 2093 ’

377 2147 554 2189 Camillo
575 2158 719 2205 quum²
740 2150 833 2190 vitae
863 2151 976 2201 satis,
997 2157 1080 2191 tum
1097 2150 1239 2205 gloria:
1260 2163 1347 2190 esse.
1371 2149 1469 2203 quid
1489 2148 1684 2200 adtinere,
1705 2163 1796 2189 cum

374 2207 540 2247 mortali
570 2221 729 2261 corpore
761 2221 852 2256 ιιηο,
881 2207 1070 2258 civitatis,
1105 2221 1225 2262 quam
1257 2205 1508 2246 inmortalem
1539 2220 1616 2247 esse
1646 2205 1796 2256 deceat,

368 2263 463 2317 pati
482 2277 744 2304 consenescere
765 2264 868 2303 vires
883 2262 905 2303 [l
936 2263 1017 2304 His
1040 2263 1303 2304 sermonibus
1328 2272 1418 2303 tota
1441 2263 1481 2303 in
1515 2277 1558 2303 se
1587 2271 1797 2303 averterat

375 2328 525 2360 castra.
548 2329 604 2370 et,
627 2335 757 2375 quum
780 2321 978 2361 omnibus
1001 2320 1104 2361 locis
1137 2330 1377 2374 posceretur
1399 2333 1557 2374 pugna,
1581 2318 1795 2368 Sassiam,

377 2377 530 2431 inquit,
552 2375 618 2416 M.
643 2376 761 2427 Furi,
783 2391 860 2416 non
877 2391 1081 2431 possumus
1114 2377 1289 2431 inpetum
1321 2375 1544 2415 militum‘:
1586 2382 1623 2416 et
1654 2374 1793 2424 hostis,

375 2434 489 2488 cujus
516 2433 668 2474 animos
705 2433 925 2474 cunctando
956 2433 1153 2483 (liminius,
1171 2434 1267 2487 jam
1298 2433 1457 2473 minime
1488 2429 1698 2473 toleranda
1727 2444 1792 2470 su—

368 2489 513 2544 perbia
537 2489 716 2530 insultat.
760 2489 866 2530 Cede
889 2504 988 2530 uuus
1010 2489 1205 2540 omnibus,
1223 2497 1257 2529 ct
1274 2496 1414 2543 patere
1431 2495 1470 2529 te
1489 2488 1595 2530 vinci
1613 2486 1793 2537 consilio,

165 2552 419 2591 ‹,amiilim0-ut
444 2546 640 2586 meacm-ius
673 2546 771 2586 bello
804 2546 952 2588 vim-as.
1012 2546 1078 2586 Ad
1115 2561 1164 2587 ca
1199 2545 1433 2586 Camillus:
1470 2542 1568 2587 Qua*
1604 2543 1705 2584 bella
1724 2557 1793 2583 sno

166 2607 293 2635 ⁴1⁴·rati0·
376 2602 492 2643 meins
512 2603 693 2658 auspicio
710 2609 822 2659 gesta
856 2603 912 2643 acl
932 2617 1016 2647 eam
1037 2603 1139 2643 diem
1175 2609 1324 2653 essent,
1341 2616 1484 2657 negare
1516 2601 1558 2640 in
1590 2601 1644 2640 eis
1672 2613 1793 2655 neque
1816 2601 1827 2615 '

439 2709 453 2730 θ
472 2715 625 2750 posteram
640 2713 735 2742 (ἐι-οη.
864 2718 876 2732 ‘
897 2717 962 2745 turn
976 2713 1072 2741 Gron.
1091 2712 1180 2744 Crev.
1312 2709 1322 2730 t·
1341 2710 1476 2739 rnilitum
1492 2710 1637 2747 impetum
1655 2707 1739 2738 Eaed.

375 2807 394 2848 3
422 2803 546 2835 Insidiis
575 2803 785 2842 i1estrue71dis]
822 2803 874 2833 Sic
905 2808 993 2834 recte
1023 2802 1217 2833 Gronovius.
1263 2800 1350 2832 Libri
1385 2799 1548 2831 habebant
1572 2801 1792 2832 instruentem.
