1925 3239
552 118 588 157 L
598 120 617 158 I
626 120 674 159 B.
700 119 771 159 lx.
808 121 839 158 C
849 120 883 158 A
893 120 937 158 P.
961 118 1135 160 XXXII.
1469 127 1543 162 533

101 218 210 262 hoste
230 219 373 264 militis
392 235 547 272 ‹sm-am,
567 219 800 278 reprehendi
814 235 953 275 posse.-
983 220 1036 261 ab
1057 235 1099 262 eo
1119 235 1159 262 se
1177 219 1363 263 dedecore
1382 223 1539 266 nullam
1550 233 1593 265 U.
1610 233 1648 266 C.
1664 231 1740 268 443.

102 291 184 318 rem
206 278 346 329 aliam,
368 293 489 334 quam
509 279 701 320 virtutem
733 277 925 328 militum,
946 277 1259 319 vindicaturam.
1290 281 1538 322 conniteren-
1548 277 1588 309 A.
1605 278 1642 310 C·
1660 282 1735 313 3⁰9·

100 341 172 374 tur
192 336 306 376 modo
326 350 404 376 uno
424 337 559 377 animo
591 350 720 376 omnes
752 334 943 376 invadere
971 334 1133 386 hostem,
1155 336 1304 376 victum
1320 338 1429 387 acie,
1451 353 1538 380 cas·
1778 338 1787 343 ”

99 391 176 432 tris
197 400 374 444 exutum,
396 393 593 433 nudatum
615 391 795 442 urbibus,
815 391 1006 432 ultimam
1035 406 1139 446 spem
1146 390 1274 447 farm
1296 393 1537 438 insidiarum

103 454 336 500 tentantem,
357 456 392 490 et
414 449 511 500 loco,
532 465 610 490 ηοιι
631 448 768 498 armis,
775 446 951 504 fretum.
1011 447 1092 489 Sed
1111 463 1225 504 quem
1246 464 1330 490 esse
1336 451 1431 505 jam
1452 452 1537 492 vir-

101 505 180 544 tuti
213 504 409 546 Romame
438 505 785 562 ineoepugnabilem
816 502 979 546 locum?
1016 505 1265 560 Fregellana
1297 521 1387 557 arx,
1409 507 1536 549 Sora-

102 575 254 615 naque,
278 574 319 602 et
342 563 602 618 ubicumque
635 563 782 618 iniquo
815 577 1057 604 successum
1081 574 1171 603 erat
1193 562 1302 614 loco,
1324 578 1534 606 memora·-

100 617 267 659 bantur.
330 619 412 661 His
445 634 649 661 accensus
681 620 816 671 miles,
838 620 1030 660 omnium
1067 619 1277 660 inmemor
1303 620 1534 663 difficulta-

101 674 223 725 tium‚
249 676 365 716 vadit
393 677 592 718 adversus
627 678 903 718 inminentem
935 676 1121 717 hostium
1145 677 1295 718 aciem.
1331 677 1390 717 ibi
1413 678 1534 732 paul-

96 729 212 772 ium⁰
234 732 388 774 laboris
412 733 508 785 fuit,
529 735 629 775 dum
655 734 695 774 in
719 735 941 775 adversum
964 734 1121 775 clivum
1144 733 1324 789 erigitur
1345 749 1498 790 agmen
1521 752 1531 777 :

95 799 302 839 ceterum,
324 799 546 845 postquam
584 792 718 847 prima
753 792 876 847 signa
911 791 1134 847 planiciem
1169 805 1376 831 summam
1407 806 1532 848 cepe-

97 856 209 895 runt,
233 847 448 902 sensitque
469 849 580 889 acies
604 863 728 904 aequo
751 863 794 888 se
808 848 899 902 jam
923 847 1129 888 institisse
1152 846 1264 897 loco,
1287 862 1432 889 versus
1453 863 1531 890 ex·

98 902 258 957 templo
280 913 345 944 est
366 912 499 944 terror
521 905 561 945 in
587 905 869 956 insidiatores,
887 905 1141 958 easdemque
1162 903 1359 955 latebras,
1374 906 1530 959 quibus

97 973 141 999 se
162 959 302 1014 paullo
334 972 434 1002 ante
467 971 677 1012 texerant,
702 962 830 1018 palati
865 971 992 1017 atque
1025 961 1205 1001 inermes
1229 960 1332 1016 fuga
1363 972 1528 1018 repete-

98 1016 225 1058 bant:
269 1017 341 1058 sed
379 1021 410 1045 ²⁷
426 1017 519 1059 loca
555 1019 760 1069 difficilia,
799 1019 908 1059 hosti
950 1018 1145 1073 quaesita,
1175 1018 1290 1074 ipsos
1329 1026 1419 1059 tum
1454 1034 1530 1061 sua

98 1071 246 1114 fraude
277 1074 570 1129 impediebant.
631 1075 782 1130 Itaque
817 1090 920 1131 ergo
952 1075 1174 1131 perpaucis
1210 1074 1418 1130 effugium
1454 1091 1530 1131 pa-

95 1129 202 1171 tuit:
234 1146 347 1171 caesa
369 1131 421 1172 ad
448 1133 598 1187 viginti
632 1133 765 1174 millia
796 1132 1033 1183 hominum,
1057 1132 1278 1187 victorque
1306 1131 1528 1175 Romanus

96 1187 148 1226 ad
173 1187 361 1228 oblatam
385 1188 496 1229 ultro
519 1190 572 1230 ab
595 1189 716 1231 hoste
738 1190 925 1245 praedam
951 1203 1151 1244 pecorum
1172 1189 1387 1230 discurrit.

150 1243 367 1285 XXXII.
400 1245 516 1286 Dum
560 1246 654 1287 haec
692 1256 896 1301 geruntur
933 1247 973 1286 iu
1018 1246 1208 1296 Samnio,
1244 1246 1337 1300 jam
1377 1261 1524 1288 omnes

95 1297 276 1342 Etruriae
308 1303 455 1357 populi
491 1313 645 1359 praeter
674 1304 926 1344 Arretinos¹³
957 1303 1010 1343 ad
1041 1317 1158 1343 arma
1188 1303 1338 1353 ierant,
1361 1303 1414 1343 ab
1445 1304 1521 1344 ob·
1534 1309 1659 1358 Etrusci
1681 1310 1737 1341 Su-

125 1358 326 1412 ugnando
355 1359 513 1410 Sutrio,
537 1375 632 1415 quae
665 1361 779 1411 urbs,
802 1360 915 1401 socia
947 1360 1168 1409 Romanis,
1193 1360 1308 1400 velut
1339 1357 1628 1401 claustra.thum
1644 1354 1698 1426 οἳ·

131 1414 274 1455 truriae
296 1426 400 1466 erat,
423 1417 572 1472 ingens
592 1418 674 1457 orsi
699 1417 871 1469 bellum.
932 1416 996 1457 Eo
1018 1417 1120 1457 alter
1137 1416 1358 1457 consulum
1384 1417 1522 1457 AEmi-
1533 1406 1660 1436 pugnan
1677 1418 1687 1427 '

89 1469 171 1510 lius
191 1485 289 1511 cum
311 1474 502 1514 exercitu
525 1474 578 1514 ad
601 1474 842 1514 liberandos
864 1474 1089 1515 obsidione
1110 1474 1249 1514 socios
1274 1473 1402 1513 venit.
1433 1473 1523 1515 Ad-

90 1528 361 1569 venientibus
383 1529 604 1581 Romanis,
627 1531 787 1571 Sutrini
811 1541 1074 1572 commeatus
1108 1530 1292 1585 benigne
1322 1530 1363 1570 in
1387 1539 1524 1572 castra

90 1592 188 1624 ante
210 1586 357 1626 urbem
379 1587 521 1641 posita
541 1587 767 1628 advexere.
826 1586 993 1633 Etrusci
1013 1588 1125 1628 diem
1149 1587 1333 1642 primum
1354 1588 1522 1629 consul-

91 1640 236 1692 tando,
259 1652 534 1694 maturarent,
557 1644 826 1685 traherentne
862 1645 1033 1694 beilum,
1057 1643 1353 1684 traduxerunt.
1415 1643 1522 1685 Pos-

90 1705 182 1738 tero
204 1698 287 1750 die,
309 1700 378 1740 ubi
398 1700 613 1751 celeriora,
632 1716 757 1756 qnam
781 1701 951 1751 tutiora,
973 1700 1150 1741 consilia
1168 1700 1302 1754 magis
1325 1699 1522 1755 placuere

89 1754 285 1806 ducibus,
306 1757 392 1798 sole
414 1769 508 1798 orto
531 1759 697 1813 signum
723 1773 879 1814 pugnae
904 1758 1169 1813 propositum
1189 1767 1267 1807 est,
1284 1758 1522 1813 armatique

89 1811 132 1851 in
163 1813 297 1853 aciem
333 1815 583 1869 procedunt.
655 1815 783 1861 Quod
821 1824 1045 1870 postquam
1076 1814 1240 1855 consuli
1270 1817 1523 1856 nunciatum

88 1878 168 1918 est,
186 1870 405 1925 extemplo
436 1874 466 1894 2⁸
485 1881 682 1912 tesseram
715 1872 804 1912 dari
829 1872 971 1927 jubet,
997 1882 1042 1912 ut
1065 1871 1266 1926 prandeat
1296 1871 1430 1921 mileS‚
1453 1871 1523 1911 fir-

88 1925 297 1980 matisque
318 1929 416 1968 cibo
440 1929 600 1969 viribus
628 1943 744 1969 arma
769 1930 926 1984 capiat.
956 1929 1074 1968 dicto
1097 1937 1280 1983 paretur.
1342 1927 1519 1978 Consul,

90 1982 161 2022 ubi
198 1993 382 2025 armatos
415 1995 669 2039 paratosque
702 1986 823 2036 vidit,
847 1987 968 2040 signa
997 1995 1120 2025 extra
1152 1984 1305 2025 vallum
1339 1984 1519 2040 proferri

81 2038 227 2092 jussit,
249 2050 292 2080 et
323 2040 435 2082 haud
471 2043 616 2097 procui
647 2042 768 2082 hoste
800 2043 1002 2083 instruxit
1033 2042 1183 2082 aciem.
1242 2040 1518 2095 Aliquamdiu

87 2096 239 2136 intenti
277 2098 488 2153 utrimque
521 2108 742 2149 steterunt,
769 2109 1066 2154 exspectantes
1102 2107 1149 2138 ut
1181 2099 1235 2138 ab
1269 2098 1536 2139 adversariis'

87 2152 247 2193 clamor
262 2163 306 2194 et
326 2169 469 2209 pugna
492 2155 710 2210 inciperet.
741 2165 785 2195 et
802 2157 917 2211 prius
937 2155 997 2195 sol
1020 2155 1195 2195 meridie
1214 2168 1257 2194 se
1279 2154 1519 2206 inclinavit,

87 2224 215 2263 quam
239 2210 367 2251 telum
391 2212 491 2252 hinc
513 2223 585 2253 aut
608 2212 723 2253 illinc
745 2213 944 2252 emissum
976 2220 1053 2252 est.
1085 2211 1198 2261 inde,
1220 2225 1273 2265 ne
1296 2210 1454 2251 infecta
1475 2225 1520 2252 re

87 2267 290 2317 abiretur‚
312 2268 471 2308 clamor
492 2265 546 2309 ab
581 2268 771 2310 Etruscis
802 2270 950 2319 oritur,
972 2269 1291 2322 concinuntque
1321 2267 1453 2317 tubae,
1475 2277 1520 2309 et
1544 2272 1557 2324 '-

86 2324 209 2378 signa
244 2323 494 2366 inferuntur.
557 2326 650 2366 Nec
683 2326 854 2381 segnius
887 2327 941 2366 ab
973 2324 1180 2366 Romanis
1207 2338 1350 2379 pugna
1372 2324 1518 2366 initur.

84 2390 345 2425 concurrunt
376 2381 551 2422 infensis
585 2383 754 2423 animis.
784 2397 961 2423 numero
992 2382 1141 2431 hostis,
1165 2382 1323 2421 virtute
1358 2380 1518 2421 Roma-

87 2451 165 2476 nus
189 2447 372 2491 superat.
431 2438 603 2494 Anceps
625 2439 826 2494 proelium
846 2438 1002 2480 multos
1029 2439 1255 2492 utrimque,
1272 2446 1314 2477 et
1337 2436 1519 2477 fortissi-

88 2507 201 2533 mum
235 2509 460 2548 quemque,
483 2495 692 2537 absumit:
726 2510 804 2536 nec
836 2496 947 2550 prius
972 2495 1174 2535 inclinata
1196 2508 1258 2534 res
1287 2504 1366 2545 est,
1388 2507 1517 2548 quam

87 2550 271 2591 secunda
301 2552 411 2591 acies
445 2551 641 2593 Romana
672 2552 722 2592 ad
755 2553 890 2607 prima
921 2552 1057 2608 signa,
1080 2551 1236 2606 integri
1266 2549 1401 2601 fessis,
1423 2564 1518 2591 suc·

374 2648 387 2662 ·
405 2644 583 2682 paullulum
599 2645 695 2673 Gron.
710 2645 799 2673 (πον.
928 2649 943 2669 Ρ
965 2644 1113 2673 Aretiuos
1127 2643 1223 2672 Gron'.

126 2712 166 2744 ²27
193 2711 280 2742 Loca
296 2713 442 2754 difficilia
460 2716 539 2744 hosti
557 2716 708 2753 quoesz'ta]
743 2714 780 2744 td
824 2714 988 2754 impediti,
1005 2722 1137 2744 suamet
1160 2714 1221 2754 ipsi
1243 2712 1361 2745 fraude
1377 2714 1519 2744 eircum-

86 2761 223 2792 egerant
247 2756 428 2794 Samnites,
447 2765 484 2787 ut
501 2758 643 2794 hostem,
660 2759 777 2788 Roma·
823 2758 1054 2787 veniebantur.

85 2806 180 2834 num,
206 2799 239 2828 in
267 2799 336 2828 loca
367 2799 513 2831 difficilia
540 2801 782 2840 pertraherent.
868 2803 908 2832 28
936 2799 1099 2830 Tesseram
1117 2798 1208 2840 dari]
1228 2799 1302 2831 Vid.
1318 2803 1389 2830 not.
1404 2799 1456 2830 61.
1479 2797 1519 2831 ad

86 2839 148 2871 Sed
167 2847 236 2871 tum
257 2842 327 2882 ip=a
345 2842 402 2873 ina
421 2843 618 2875 difficultate
635 2844 782 2876 locurum
826 2843 902 2874 Vll.
919 2846 971 2874 35.

861 2892 1008 2927 Mmss
