1991 3250
649 90 777 130 LIB.
803 90 836 128 1.
866 89 939 128 CA
953 89 995 127 P.
1024 89 1168 128 LVIII.
1200 111 1205 115 -
1565 92 1617 133 ⁷¹7

168 191 231 233 Ias
254 190 298 233 in
319 189 462 233 medio
486 190 645 233 aedium
667 190 886 232 sedentem
916 189 1158 230 inveniunt.
1218 186 1449 229 Muliebris
1481 199 1619 231 certa-

169 249 301 291 minis
330 249 421 289 laus
458 263 584 305 penes
610 248 854 289 Lucretiam
875 246 974 288 fuit.
1009 245 1239 287 adveniens
1273 245 1339 286 vir
1371 244 1618 301 Tarquinii·
1631 262 1778 293 Lucretia

170 319 255 361 que
276 307 450 363 excepti
477 306 675 360 benigne.
697 305 838 346 victor
866 304 1046 345 maritus
1076 304 1260 345 comiter
1288 303 1447 344 invitat
1476 305 1617 360 regios
1630 307 1804 346 praefertur.

166 363 366 418 juvenes.
428 363 496 404 Ibi
521 363 623 404 Sex.
660 360 944 417 Tarquinium
982 360 1092 403 mala
1126 360 1262 402 libido
1297 359 1510 402 Lucretiae
1544 375 1620 416 per

172 420 262 461 vim
285 421 530 476 stuprandae
548 419 680 475 capit.
706 427 797 460 tum
828 418 979 470 forma,
1001 428 1093 460 tum
1124 426 1318 474 spectata
1348 418 1522 459 castitas
1554 419 1619 459 in-

174 478 295 519 citat.
358 477 413 519 Et
435 486 526 518 tum
547 476 722 532 quidem
744 477 799 517 ab
822 486 1035 517 nocturno
1060 474 1246 532 juvenili
1268 474 1370 516 ludo
1402 475 1446 515 in
1479 486 1620 517 castra

175 535 371 576 redeunt.

234 590 400 633 LVIII.
433 589 589 631 Paucis
612 589 849 646 interjectis
871 589 1039 640 diebus,
1063 589 1165 631 Sex.
1186 587 1461 645 Tarquinius,
1482 589 1620 632 inscio
1633 603 1672 632 Ei
1686 603 1751 632 vim
1769 603 1817 633 in-

177 648 409 700 Collafino,
432 662 533 688 cum
555 649 715 689 comite
749 662 834 688 uno
871 646 1103 688 Collatiam
1135 647 1271 688 venit.
1305 647 1378 688 ubi
1411 657 1619 702 exceptus
1632 647 1835 696 fertTarqui·

175 705 361 762 benigne
382 706 436 746 ab
460 705 620 760 ignaris
641 705 829 756 consilii,
851 719 986 760 quum
1008 714 1107 760 post
1127 719 1302 745 coenam
1333 705 1376 744 iu
1409 704 1621 761 hospitale
1633 699 1714 720 mus.

173 762 422 804 cubiculum
453 763 663 804 deductus
693 771 821 813 esset,
843 776 988 802 amore
1017 762 1237 812 ardens„34
1253 770 1483 817 postquam
1518 763 1621 803 satis

176 825 290 861 tuta‘
317 821 444 870 circa,
467 820 683 875 sopitique
719 834 867 860 omnes
900 819 1173 868 videbantur,
1206 819 1355 860 stricto
1389 819 1533 874 gladio
1568 820 1622 861 ad

172 877 458 918 dormientem
479 877 722 918 Lucretiam
744 877 876 928 venit,
894 877 1152 931 sinistraque
1167 890 1297 916 manu
1315 876 1504 917 mulieris
1523 891 1623 933 pec-

174 943 268 975 tore
296 934 518 990 obpresw,
551 934 669 986 Tace,
693 934 903 984 Lucretia,
924 933 1082 989 inquit,
1104 931 1198 974 Sex.
1227 932 1475 989 Tarquinius
1505 948 1622 985 sum,·

161 988 329 1049 ferrum
349 991 394 1031 iu
414 1006 538 1032 manu
557 998 613 1032 est
628 1011 640 1035 .·
670 991 852 1041 mor-iere,
874 991 907 1031 si
928 990 1101 1032 emiseris
1119 1005 1268 1031 vocem.
1330 991 1478 1036 Quum
1502 992 1622 1046 pavi-

173 1048 228 1089 da
249 1054 327 1089 ex⁵
359 1063 512 1090 somno
535 1049 685 1090 mulier
713 1048 918 1089 ³⁵nullam
949 1062 1076 1103 opem
1099 1062 1249 1103 prope,
1276 1058 1462 1089 mortem
1495 1049 1623 1089 inmi-

172 1115 347 1148 nentem
397 1106 588 1158 videret3
639 1116 732 1147 tum
774 1104 1033 1160 Tarquinius
1075 1104 1202 1146 fateri
1240 1119 1444 1156 amorem,
1487 1120 1623 1156 orare,

172 1163 352 1205 miscere
373 1164 575 1219 precibus
598 1164 748 1213 minas,
771 1176 939 1204 versare
960 1164 1004 1204 in
1027 1177 1175 1204 omnes
1198 1172 1338 1217 partes
1368 1162 1624 1204 muliebrem

173 1220 382 1261 animum.
404 1221 479 1262 ubi
501 1221 764 1262 obstinatam
789 1221 976 1272 videbat,
997 1231 1042 1261 et
1063 1234 1117 1261 ne
1137 1221 1288 1260 mortis
1308 1220 1483 1275 quidem
1505 1231 1624 1261 metu

172 1277 386 1329 inclinari,
408 1278 530 1320 addit
551 1279 604 1319 ad
624 1287 787 1320 metum
810 1278 1020 1320 dedecus:
1052 1292 1152 1319 cum
1175 1288 1346 1318 mortua
1369 1277 1624 1333 jugulatum

174 1349 344 1376 servum
365 1335 528 1377 nudum
550 1336 809 1391 positurum,
831 1336 906 1386 ait,
929 1346 977 1376 ut
998 1336 1042 1375 in
1064 1335 1238 1376 sordido
1259 1333 1469 1375 adulterio
1496 1349 1625 1376 neca-

174 1401 219 1432 ta
240 1393 421 1433 dicatur.
485 1393 585 1439 Quo
608 1404 768 1433 terrore
797 1407 932 1447 quum
955 1393 1129 1433 vicisset
1157 1392 1422 1433 obstinatam
1455 1392 1625 1448 pudici-

174 1449 280 1490 tiam
313 1450 345 1472 ³⁶
362 1449 477 1490 velut
509 1450 668 1491 victrix
701 1449 854 1499 libido,
877 1449 1183 1505 profectusque
1216 1449 1316 1490 inde
1349 1448 1624 1504 Tarquinius,

174 1506 299 1547 ferox
334 1516 586 1563 expugnato
618 1508 773 1547 decore
806 1508 1021 1555 muliebri,
1045 1517 1181 1558 esset3
1219 1506 1435 1556 Lucretia,
1468 1516 1625 1547 moesta

175 1572 297 1604 tanto
323 1565 448 1615 malo,
472 1565 675 1606 nuncium
704 1564 889 1605 Romam
912 1564 1108 1606 eumdem
1133 1564 1187 1604 ad
1211 1574 1391 1618 patrem,
1413 1564 1622 1604 Ardeam-
1636 1582 1802 1612 Vocatiua

174 1635 258 1675 que
279 1620 332 1661 ad
355 1622 494 1662 virum
517 1621 668 1671 mittit,
689 1631 737 1662 ut
759 1635 858 1662 cum
887 1621 1066 1677 singulis
1089 1620 1288 1662 fidelibus
1322 1622 1471 1662 amicis
1504 1622 1622 1661 veni·
1636 1631 1754 1675 petrem
1769 1632 1802 1657 et

170 1687 271 1719 ant:
305 1678 366 1718 ita
387 1677 501 1719 facto
536 1687 839 1734 maturatoque
872 1693 980 1734 opus
1016 1693 1133 1730 esse3
1165 1692 1255 1718 rem
1289 1686 1480 1720 atrocem
1516 1679 1749 1720 inci-*¹¹⁰⁸*

171 1734 297 1776 disse.
359 1735 434 1791 Sp.
460 1736 684 1777 Lucretius
717 1750 815 1777 cum
852 1735 903 1777 Ρ.
926 1735 1098 1777 Valerio
1133 1735 1280 1777 Volesi
1314 1735 1419 1786 filio,
1443 1734 1624 1777 Collati-

172 1806 252 1833 nus
273 1807 372 1834 cum
396 1793 446 1834 L.
467 1793 602 1835 Junio
627 1793 764 1834 Bruto
796 1793 944 1845 venit3
976 1807 1073 1834 cum
1097 1807 1183 1849 quo
1205 1792 1317 1834 forte
1348 1793 1536 1835 Romam
1559 1808 1626 1835 re-

172 1849 293 1890 diens
317 1851 371 1891 ab
391 1851 552 1892 nuncio
586 1851 732 1892 uxoris
765 1862 855 1891 erat
885 1861 1138 1893 conventus,
1201 1850 1439 1892 Lucretiam
1475 1851 1626 1892 seden-

174 1915 262 1949 tem
286 1918 487 1948 moestam
511 1908 554 1948 in
582 1907 780 1949 cubiculo
812 1909 1051 1949 inveniunt.
1082 1908 1268 1949 adventu
1292 1923 1465 1949 suorum
1500 1908 1624 1950 lacri-

173 1977 257 2005 mae
288 1965 470 2006 obortae.
494 1967 789 2020 quaerentique
820 1966 928 2015 viro,
949 1970 981 1993 3⁷
1004 1964 1136 2006 Satin?
1157 1964 1315 2006 salvae?
1346 1964 1535 2017 Illinz'me,
1559 1966 1624 2007 in-

173 2022 295 2076 quit3
326 2023 425 2077 quid
444 2023 550 2063 enim
579 2023 684 2064 sal-ci
717 2030 771 2064 est
802 2021 976 2072 mulieri,
995 2022 1145 2064 amissa
1171 2020 1411 2077 pudicitia?
1445 2020 1624 2078 Vestigia

174 2078 257 2118 ‘ciri
277 2078 415 2131 alieni,
441 2078 660 2131 Collatiae,
682 2080 723 2120 in
742 2080 840 2121 lecto
858 2086 951 2121 sunt
969 2087 1051 2121 tuo.
1088 2078 1277 2122 Ceterum
1294 2094 1435 2135 corpus
1455 2086 1511 2120 est
1531 2087 1625 2121 tan-

175 2142 262 2175 tum
283 2135 492 2188 violatum,
510 2137 672 2179 animus
689 2138 835 2178 insons.
856 2152 962 2178 mors
978 2136 1087 2178 testis
1106 2138 1197 2179 erit.
1258 2137 1338 2179 Sed
1353 2137 1446 2178 date
1463 2137 1625 2178 dea-tras

164 2192 383 2248 fidemque,
406 2193 516 2234 haud
537 2195 684 2250 inpune
704 2194 888 2236 adultero
897 2193 1012 2251 fore.
1065 2193 1159 2237 Sex.
1184 2202 1244 2236 est
1270 2194 1531 2250 Tarquinius,
1554 2194 1625 2251 qui

175 2249 296 2290 hostis
309 2265 387 2304 pro
410 2250 559 2306 hospite
581 2252 718 2306 priore
748 2259 861 2294 nocte
890 2252 934 2293 τί
963 2259 1144 2293 armatus
1172 2252 1290 2305 mihi,
1310 2252 1466 2308 sibique
1494 2253 1528 2293 si
1558 2267 1625 2292 vos

173 2308 258 2349 viri
294 2309 398 2359 estis,
429 2307 669 2364 pestiferum
708 2310 800 2351 hinc
838 2309 1010 2351 abstulit
1042 2309 1256 2367 gaudium.
1319 2308 1438 2351 Dant
1475 2309 1625 2351 ordine

456 2430 468 2444 ¹·
488 2425 566 2454 satis
580 2426 683 2455 omnia
699 2429 769 2454 tuta
783 2426 880 2456 Gron.
896 2426 986 2457 Crev.
1161 2429 1173 2445 ¹
1193 2436 1209 2455 e
1225 2424 1309 2456 Eaed.

219 2530 262 2559 34
286 2527 465 2568 Postquam
488 2529 568 2558 satis
590 2529 700 2558 omnia
723 2532 798 2558 tuta
814 2530 879 2559 cir-
966 2529 1009 2560 36
1017 2528 1144 2559 *Velut
1158 2527 1295 2567 victrix]
1320 2528 1388 2558 Sibi
1404 2531 1567 2567 tanquam
1584 2526 1625 2557 de

175 2581 226 2608 ca,
243 2574 396 2612 sopitique
418 2572 537 2612 omnes]
566 2572 760 2611 Complures
784 2572 880 2603 MSS.
924 2573 1059 2612 egregia
1095 2572 1225 2603 scilicet
1268 2572 1408 2602 victoria
1452 2571 1626 2611 plaudens.

177 2625 197 2646 a
211 2615 464 2646 Jae.G1-onovio
487 2616 630 2653 excussi,
648 2621 683 2645 et
706 2618 849 2655 quatuor
863 2626 880 2645 e
927 2616 1086 2646 Ceterum
1125 2616 1179 2645 hic
1217 2615 1385 2646 offendere
1423 2620 1534 2655 potest
1567 2624 1627 2644 no-

177 2659 298 2689 nostris
321 2659 479 2698 ignorant
493 2669 608 2689 vocem
625 2660 743 2690 omnia.
787 2659 880 2699 Quin
924 2668 1003 2690 men
1022 2660 1141 2689 viceris
1156 2662 1226 2689 tam
1243 2659 1392 2690 w’cinum
1416 2659 1517 2689 verbo
1532 2659 1626 2688 vicis-

177 2707 214 2733 et
238 2703 437 2733 Sorbonicus
463 2703 565 2734 etiam
595 2702 629 2733 τὸ
654 2713 774 2741 omnes,
793 2702 882 2742 quod
925 2707 980 2733 set.
1026 2702 1178 2732 Fortasse
1192 2702 1320 2741 aliquid
1336 2701 1450 2733 mendi
1467 2702 1592 2732 subest.

178 2747 339 2785 sequitur,
355 2747 498 2778 omittit.
969 2749 1004 2780 37
1034 2745 1142 2776 Satin'
1157 2745 1270 2786 salvoe]
1297 2746 1420 2788 Supple
1445 2756 1495 2778 res
1517 2748 1627 2777 essent..

221 2789 444 2821 35²*Nullam
475 2800 564 2830 opem
590 2789 703 2834 prope]
735 2789 880 2824 Nullum
928 2789 1082 2822 For-mula
1094 2789 1273 2822 salutandi.

180 2832 341 2866 auxilium
357 2833 391 2866 in
407 2835 606 2876 propinque.
