1991 3250
14 1761 24 1958 l

13 1975 25 2147 g

20 2595 33 3111 ‘nsaw-“a
20 2372 28 2586 —-=2=:r--—-

388 136 466 171 250
805 126 809 130 “
937 132 1078 171 ΤιΤΙ
1116 131 1291 170 ωνιι

179 243 223 274 U.
240 243 277 274 c.
293 247 366 276 318
390 229 626 273 maximum
648 229 852 287 triumphi
879 232 1164 287 spectaculum
1196 231 1279 271 fuit
1310 229 1484 281 Cossus,
1506 230 1640 285 spolia
1667 232 1817 287 opima

178 286 218 317 A.
236 286 272 317 C·
288 290 361 319 43⁴·
391 287 502 343 regis
524 287 737 330 interfecti
770 302 933 344 gerens.
967 288 1013 329 in
1043 303 1139 329 eum
1173 288 1327 328 milites
1359 287 1549 328 carmina
1579 288 1812 339 incondita,

177 330 266 359 Cossi
281 331 378 369 spolia

176 373 292 411 opima.

397 353 614 399 aequantes
636 345 758 386 eum‘
770 321 991 395 ὃΒοηωΙο,
1013 359 1177 386 canere.
1236 343 1410 407 Spolia'
1402 358 1444 384 in
1466 343 1558 384 aede
1577 343 1698 385 Jovis
1731 345 1812 385 Fe-

389 401 505 441 retrii
538 415 669 456 prope
705 401 876 442 Romuli
911 400 1058 455 spolia,
1086 416 1199 455 quae,
1235 415 1368 455 pruna
1404 399 1564 454 Opima
1590 400 1814 455 adpellata,

390 456 481 498 sola
509 472 558 498 ea
592 467 844 513 tempestate
880 466 1014 507 erant,
1045 471 1142 498 cum
1181 457 1371 497 sollemni
1402 456 1670 497 dedicatione
1698 457 1815 497 dono

390 513 502 554 fixit.
538 523 826 568 averteratque
858 514 899 553 iu
933 528 975 554 se
1005 528 1029 553 a
1066 527 1188 554 curru
1221 513 1438 554 dictatoris
1468 513 1623 553 civium
1656 527 1742 564 ora,
1770 521 1816 553 et

391 570 648 612 celebritatis
677 570 768 624 ejus
789 570 871 610 diei
895 569 1080 610 fructum
1106 583 1235 625 prope
1257 569 1556 610 solus'tulerat.
1618 569 1815 610 Dictator

390 629 635 668 ⁹⁵corouam
659 640 827 666 auream
850 626 1000 666 libram
1024 626 1166 680 pondo
1187 640 1240 666 ex
1262 626 1430 680 publica
1455 626 1644 680 pecunia,
1669 625 1816 681 populi

384 682 523 737 jussu,
555 683 597 723 in
629 682 844 737 Capitolio
875 682 975 723 Jovi
1013 682 1171 722 donum
1208 683 1365 737 posuit.
1426 682 1587 723 Omnes
1617 693 1716 722 ante
1748 696 1816 722 me

388 750 581 779 auctores
604 748 788 788 secutus,
811 738 864 779 A.
888 737 1136 792 Cornelium
1170 738 1347 779 Cossum
1385 739 1596 779 tribunum
1633 738 1816 779 militum

391 795 578 835 secunda
599 795 731 850 spolia
752 796 897 849 opima
916 794 1038 837 Jovis
1062 793 1239 836 Feretrii
1267 795 1424 850 templo
1456 795 1659 844 intulisse,
1681 809 1819 850 expo-

391 851 471 891 sui.
493 861 695 902 ceterum,
716 861 993 907 praeterquam
1025 852 1139 905 quod
1170 855 1202 878 ⁹⁶
1216 866 1266 892 ea
1297 851 1374 891 rite
1404 853 1549 906 opima
1579 851 1712 915 spolia
1743 855 1818 892 ha-

390 907 556 958 bentur,
588 922 682 963 quae
713 909 798 949 dux
831 909 928 949 duci
961 908 1172 959 detraxit3
1202 922 1281 948 nec
1312 909 1462 948 ducem
1492 909 1703 958 noxiiuus,
1736 908 1816 949 nisi

391 963 514 1019 cujus
537 965 730 1020 auspicio
755 965 909 1006 bellum
939 965 1122 1020 geritur,
1155 965 1300 1004 titulus
1333 965 1436 1019 ipse,
1459 964 1604 1019 spoliis
1636 965 1817 1020 inscrip-

390 1029 472 1070 tus,
515 1021 654 1061 ⁹⁷illos
698 1036 846 1076 meque
879 1022 1032 1077 arguit,
1069 1022 1285 1062 consulein
1326 1035 1373 1061 ea
1415 1020 1596 1062 Cossum
1637 1022 1815 1085 cepisse.

388 1079 420 1103 ⁹⁸
439 1077 540 1119 Hoc
561 1093 643 1133 ego
664 1094 790 1133 quum
815 1078 1060 1134 Augustum
1088 1077 1315 1128 Caesarem,
1339 1077 1593 1132 templorum
1622 1079 1813 1119 omniurn

387 1135 653 1176 conditorem
668 1146 739 1176 aut
761 1136 1059 1185 restitutorem,
1074 1133 1309 1189 ingressum
1330 1134 1464 1175 aedem
1486 1134 1519 1173 1⁴
1521 1134 1659 1174 eretrii
1677 1133 1815 1185 Jovis,

388 1205 514 1245 quam
541 1200 749 1232 vetustate
771 1191 976 1246 dilapsam
1001 1191 1165 1243 refecit,
1188 1206 1231 1231 se
1252 1192 1391 1246 ipsum
1424 1192 1466 1231 in
1488 1194 1520 1217 9⁹
1537 1190 1705 1231 thorace
1735 1190 1816 1231 lin-

390 1257 460 1289 teo
502 1249 708 1303 scriptum
750 1248 901 1304 legisse
939 1248 1174 1298 audissem3
1224 1262 1356 1302 prope
1397 1247 1662 1302 sacrilegium
1701 1256 1816 1288 ratus

390 1319 496 1353 sum,
521 1304 656 1345 Cosso
676 1305 908 1360 spoliorum
930 1319 1100 1345 suorum
1133 1304 1361 1354 Caesarem,
1387 1304 1516 1359 ipsius
1540 1304 1686 1359 templi
1716 1319 1819 1345 auc-¹

389 1370 542 1412 torem,
573 1361 820 1402 subtrahere
853 1371 1016 1403 testem.
1049 1362 1148 1416 ¹qui
1180 1361 1214 1401 si
1244 1375 1292 1402 ea
1321 1361 1364 1401 in
1397 1375 1438 1402 re
1468 1361 1523 1401 sit
1551 1374 1680 1411 error,
1701 1360 1817 1416 quod

998 1466 1010 1480 ²
1032 1471 1100 1490 cum
1115 1462 1211 1491 Gron.

391 2841 519 2872 nimum
534 2850 632 2872 suuni
656 2842 790 2872 sentiat.

434 1551 476 1582 95
505 1548 659 1579 Coronam
675 1557 813 1578 auream
832 1549 947 1578 libram
960 1547 1079 1588 pondo]

391 1591 445 1620 Sic
467 1591 568 1629 jussit
591 1591 653 1630 legi
685 1592 881 1629 Gronovius,
906 1591 961 1620 lib.
993 1592 1018 1621 1.
1043 1591 1082 1620 de

390 1634 513 1664 Pecun.
530 1639 595 1665 vet.
611 1644 638 1664 c.
657 1635 687 1664 6.
732 1634 905 1664 vetustius
921 1634 1001 1663 editi
1025 1633 1083 1663 ha-

390 1677 471 1707 bent
495 1678 604 1708 libroe:
634 1677 747 1717 scripti
770 1687 885 1707 omnes
916 1677 1020 1707 nostri
1045 1678 1083 1707 Ii-

393 1721 462 1751 bra.

433 1764 475 1798 96
499 1763 555 1793 Ea
580 1765 643 1794 rite
658 1765 764 1803 opima
787 1766 886 1802 spolia
911 1765 1083 1800 habentur,

391 1816 462 1847 quae
476 1807 545 1837 dux
566 1807 640 1837 (luci
663 1807 820 1846 detraxit]
848 1807 927 1838 Haec
951 1806 1084 1846 quidem

393 1849 536 1889 vulgaris
553 1850 664 1888 opinio
682 1850 756 1880 fuit.
802 1851 864 1880 bed
888 1859 953 1880 non
978 1851 1023 1880 ita
1040 1851 1085 1879 vi-

390 1903 466 1923 sum
485 1893 634 1930 Varroni,
650 1894 706 1931 qui
723 1893 854 1923 disertis
878 1894 983 1923 verbis
998 1894 1084 1923 affir-

389 1942 471 1972 mat,
489 1944 580 1971 ut‚ex
598 1936 693 1966 Festo
710 1938 950 1975 cognoscimus,
968 1936 1084 1976 Opi-nm

387 1981 488 2018 spolia
504 1981 601 2010 eliam
619 1990 694 2016 exse,
709 1981 735 2010 ,ςὶ
759 1982 974 2020 manipularis
996 1983 1085 2010 miles

388 2023 581 2060 detraxerit,
620 2023 788 2052 dummodo
824 2025 898 2053 duci
934 2025 1082 2054 hostiam.

388 2065 440 2096 De
457 2076 496 2096 ea
512 2076 545 2096 re
562 2066 626 2096 vid.
646 2066 749 2096 Periz.
767 2066 941 2097 Animadv.
959 2067 1082 2098 Histor.

389 2118 417 2138 c.
435 2113 465 2142 7.

433 2155 472 2186 97
500 2151 574 2181 Illos
590 2161 700 2191 meque
715 2153 841 2193 arguit]
869 2148 1030 2183 A'dversus
1047 2153 1083 2183 il—

394 2195 442 2225 los
460 2203 576 2232 meque
594 2195 700 2234 ipsum
719 2196 847 2234 probat.

436 2240 476 2273 98
500 2237 572 2268 Hoc
593 2248 649 2277 ego
670 2248 770 2278 quum
788 2240 973 2278 Augusmm
1001 2261 1008 2268 .
1021 2261 1028 2267 .
1044 2260 1071 2268 ..

388 2281 525 2320 seipsum
556 2302 583 2310 ..
599 2303 626 2310 ..
655 2283 765 2320 legisse
790 2283 968 2321 audissem]
1009 2283 1083 2311 Post

391 2325 579 2363 Augustum
594 2322 740 2364 suppleri
757 2334 888 2356 necesse
913 2332 962 2354 cst
979 2325 1084 2354 dicen-

391 2371 465 2398 tem.
509 2367 622 2407 Quum
638 2368 802 2398 audissem
819 2379 880 2407 ego
895 2370 1082 2406 Angustum

391 2410 570 2447 «licentem,
594 2411 739 2450 seipsum
768 2410 883 2450 legisse
911 2411 983 2441 hoc.
1008 2411 1081 2441 vid.

390 2459 459 2483 not.
478 2457 528 2484 55³3.
548 2453 589 2483 ad
605 2463 632 2483 c.
649 2456 701 2484 23.
719 2454 740 2483 l.
760 2454 784 2484 Ι.

432 2500 472 2529 95)
500 2497 640 2527 Thorace
663 2498 772 2536 linteo]
795 2497 902 2536 Quem
930 2497 1083 2527 videlicet

391 2539 510 2569 Cossus
525 2539 704 2569 Tolumnio
720 2540 918 2570 detraxerat.

439 2585 448 2611 l
477 2583 544 2622 ..Qui
560 2583 601 2621 si]
632 2583 717 2613 Huic
735 2583 806 2613 loco
823 2593 943 2621 inagna
967 2583 1081 2613 obscu-

390 2625 470 2655 ritas
493 2625 592 2661 inest,
608 2632 643 2656 et
666 2627 802 2656 fortasse
829 2627 868 2656 ab
895 2627 964 2665 ipso
990 2625 1082 2656 Livio

390 2668 556 2706 affectata,
573 2668 651 2698 (lum
669 2669 738 2699 vult
764 2670 810 2699 ita
834 2670 982 2708 Augusto
1006 2680 1083 2698 eon-

391 2717 444 2740 tra
461 2712 506 2740 rei
524 2709 704 2741 veritatem
723 2713 897 2748 assentari,
914 2719 951 2742 ut
969 2719 1080 2743 tnnen

392 2754 591 2792 intelligenti
615 2762 646 2783 et
664 2760 795 2785 attento
811 2756 926 2786 lecturi
942 2756 1082 2785 subodo-

392 2797 530 2827 randum
549 2796 725 2836 relinquat,
743 2799 820 2836 quid
846 2800 913 2837 ipsc.
937 2799 1022 2838 apud
1047 2809 1080 2828 :1-

838 2842 917 2872 Hoec
940 2851 1018 2882 crgo
1035 2843 1080 2872 vi-

1127 1547 1225 1578 detur
1253 1557 1323 1578 esse
1352 1548 1451 1586 hujus
1481 1548 1721 1579 intricatissimi
1755 1548 1819 1580 loci

1132 1593 1310 1621 sententia.
1357 1593 1418 1622 Pro
1448 1599 1539 1622 certo
1569 1593 1664 1632 ponit
1694 1591 1820 1629 Livius,

1129 1644 1193 1663 non
1209 1645 1248 1664 ex
1272 1645 1331 1664 sua
1355 1635 1525 1670 nimirum,
1542 1635 1598 1665 sed
1622 1646 1661 1666 ex
1677 1636 1820 1675 Augusti

1128 1683 1253 1715 mente,
1269 1678 1373 1717 spolia
1399 1679 1510 1716 opima
1535 1678 1673 1708 Cossum
1700 1687 1820 1708 consu-

1128 1719 1192 1750 lem
1230 1722 1365 1760 cepisse.
1417 1721 1479 1750 sed
1509 1731 1611 1759 quum
1641 1722 1820 1760 scriptores

1128 1773 1242 1794 omnes
1260 1764 1292 1793 in
1309 1764 1396 1794 hunc.
1413 1774 1536 1794 annum
1563 1764 1666 1804 spolia
1691 1765 1762 1803 ejus
1785 1774 1820 1794 0-

1129 1807 1230 1846 pirna,
1262 1808 1294 1836 in
1327 1817 1466 1844 nonum,
1494 1808 1560 1837 sive
1591 1807 1701 1847 potius
1732 1807 1821 1837 deci-

1128 1859 1220 1879 muni
1249 1857 1322 1889 post
1349 1860 1473 1880 annum
1498 1850 1644 1887 ejusdem
1669 1849 1821 1881 consula-

1127 1901 1200 1923 tum
1227 1893 1422 1931 conferant,
1451 1895 1483 1924 in
1507 1894 1672 1924 alterutro
1692 1903 1821 1923 errave-

1128 1937 1208 1974 rint,
1226 1938 1363 1967 neeesse
1375 1942 1444 1968 est:
1470 1941 1504 1968 et
1526 1937 1576 1967 vel
1593 1938 1626 1967 iu
1648 1937 1738 1967 hune
1761 1947 1819 1967 an-

1128 1989 1207 2009 num
1225 1980 1426 2010 revocandus
1442 1987 1493 2011 est
1510 1981 1601 2012 Cossi
1614 1979 1820 2018 consulatus,

1128 2022 1179 2052 vel
1195 2023 1227 2052 in
1243 2023 1407 2053 decimum
1425 2029 1499 2064 post
1522 2034 1646 2054 annum
1671 2023 1821 2063 rejicien-

1128 2066 1169 2096 da
1185 2066 1300 2106 spolia.
1345 2066 1466 2097 Utrum
1483 2067 1702 2098 retrahendus
1717 2067 1761 2097 sit
1782 2068 1819 2097 in

1128 2108 1218 2139 hunc
1258 2119 1381 2140 annum
1423 2110 1513 2140 Cossi
1548 2110 1752 2147 consulatus,
1782 2111 1826 2141 in·

1128 2153 1236 2182 medio
1261 2153 1370 2183 Livius
1393 2153 1569 2192 relinquit:
1595 2155 1630 2184 iu
1652 2153 1820 2184 decimum

1127 2200 1201 2235 post
1216 2205 1339 2225 annum
1357 2196 1462 2236 spolia
1477 2197 1530 2227 vix
1545 2196 1595 2227 ac'
1606 2206 1648 2227 ne
1671 2197 1724 2227 vix
1747 2197 1820 2236 qui-

1128 2239 1202 2268 dem
1234 2239 1324 2276 rejici
1357 2250 1448 2278 posse
1474 2241 1531 2270 ait.
1578 2240 1722 2271 Debet-et
1747 2239 1822 2278 qui-

1127 2282 1216 2319 dem,
1241 2292 1342 2320 quum
1369 2283 1429 2312 hoc
1451 2282 1610 2315 ultimum
1633 2283 1704 2314 fieri
1727 2291 1822 2323 posse

1129 2325 1365 2365 propemodum
1405 2333 1517 2365 neget,
1554 2326 1636 2357 illud
1676 2326 1818 2356 alterum

1128 2368 1282 2408 amplecti
1315 2379 1352 2398 :ic
1379 2379 1437 2409 pro
1461 2370 1556 2399 firnio
1581 2369 1688 2401 tueri:
1721 2369 1820 2408 idque

1128 2411 1241 2450 pror-ul
1271 2411 1370 2441 (lubio
1407 2412 1551 2449 fecisset,
1579 2413 1605 2443 si
1636 2422 1675 2442 ex
1713 2412 1816 2442 animi

1127 2455 1295 2484 sententia
1339 2455 1489 2494 Augusto
1525 2464 1676 2486 assensus
1720 2460 1817 2486 esset.

1128 2498 1190 2528 Sed
1207 2499 1272 2527 veri
1291 2499 1320 2527 vi
1337 2499 1455 2536 victus,
1473 2508 1540 2528 rem
1566 2508 1630 2528 non
1654 2498 1754 2528 audet
1771 2499 1820 2528 ai'-

1130 2542 1273 2578 firmat-v,
1289 2551 1326 2570 m:
1344 2541 1476 2571 dubiam
1493 2541 1660 2580 relinquit.
1699 2541 1750 2579 Si,
1768 2543 1818 2572 in—

1127 2586 1210 2622 quit,
1228 2585 1248 2614 i.
1265 2596 1293 2614 υ,
1317 2594 1357 2613 :in
1381 2594 1420 2614 ea
1442 2586 1474 2614 in
1501 2595 1548 2620 re,
1564 2585 1630 2614 sive
1657 2585 1689 2614 in
1713 2595 1752 2613 co
1778 2588 1818 2615 sit

1128 2628 1180 2657 ille
1197 2638 1299 2664 error,
1319 2629 1445 2666 (eorum
1463 2637 1580 2667 nempe
1598 2627 1652 2666 qni
1679 2627 1816 2659 Cossum

1127 2671 1230 2711 spolia
1246 2672 1356 2710 opima
1371 2671 1541 2700 tribunum
1556 2670 1700 2700 militurn
1714 2672 1818 2711 cepis-

1125 2724 1159 2743 se
1184 2713 1312 2747 ‹licuntl
1339 2713 1425 2751 qnod
1447 2712 1537 2743 Cossi
1565 2712 1755 2744 consulatus
1781 2715 1816 2746 in

1127 2766 1263 2792 nonum,
1280 2756 1346 2785 sive
1363 2755 1526 2786 der-imum
1544 2757 1653 2795 potius
1670 2762 1740 2796 post
1759 2766 1818 2788 an-

1126 2809 1205 2830 num
1231 2800 1370 2837 reiectus
1393 2800 1449 2835 sit,
1465 2800 1656 2830 eaeiseimatio
1677 2810 1817 2831 commn-

1125 2844 1173 2873 m's
1201 2843 1342 2872 ouinibus
1364 2846 1420 2880 ese,
1448 2843 1469 2873 i.
1493 2851 1525 2873 e.
1549 2842 1687 2874 cuilibet
1710 2843 1751 2874 de
1779 2854 1818 2874 eu
