1991 3250
206 217 243 288 φφ

150 218 191 290 {⁸³:⁶²

256 217 275 290 ιῦῑῡ

153 736 242 766 eaesi.

278 220 297 290 0:20

299 217 331 290 ‚020

367 103 439 139 162
913 94 1055 134 TlTI
1097 94 1269 133 LIVII

366 201 541 256 sitisque
585 197 812 255 praesidiiS,
855 203 950 238 tuta
992 197 1138 238 omnia
1181 210 1231 237 ac
1278 195 1503 252 tranquilla
1535 197 1653 240 fecit.
1714 198 1805 241 Ita-

367 272 448 314 que
481 258 638 307 hostes,
668 255 815 311 praeda
854 269 908 296 ex
946 254 1153 310 proximis
1183 253 1289 294 locis
1319 261 1454 309 rapta,
1485 253 1804 312 adpropinqua-

366 330 410 356 re
440 314 535 356 urbi
566 327 651 354 non
686 312 792 362 ausi,
814 325 947 366 quum
969 311 1232 352 circumacto
1252 312 1423 367 agmine
1444 311 1642 364 redirent,
1669 328 1804 369 quan-

367 382 412 413 to
434 371 604 427 longius
627 370 681 411 ab
704 370 809 410 urbe
827 369 1015 410 hostium
1039 367 1332 420 abscederent,
1347 382 1397 408 eo
1418 367 1619 409 solutiore
1639 385 1740 412 cura
1761 372 1804 412 iu

368 429 612 470 Lucretium
651 425 848 467 incidunt
880 423 1116 475 consulem,
1145 424 1238 479 jam
1274 436 1373 465 ante
1411 424 1640 479 exploratis
1678 427 1805 469 itine-

366 486 482 527 ribus
517 485 603 526 suis
651 484 920 532 instructum,
960 489 1004 522 et
1043 481 1096 521 ad
1144 490 1359 522 certamen
1411 483 1638 523 intentum.
1711 483 1801 540 Igi-

368 552 435 583 tur
465 540 717 598 praeparatis
751 538 921 589 animis,
951 537 1174 592 repentino
1209 539 1619 594 pavoretperculsos
1652 540 1804 592 adorti,

365 599 581 654 aliquanto
605 596 824 652 pauciores
846 593 1162 635 multitudinem
1184 594 1403 650 ingentem
1428 595 1610 636 fundunt
1631 595 1806 652 fugant-

364 671 471 711 quc3
503 664 547 696 et
567 652 811 708 compulsos
834 651 878 692 in
899 666 1022 692 cavas
1044 650 1189 700 valles,
1211 666 1342 706 quum
1365 652 1506 692 exitus
1529 653 1641 694 baud
1666 654 1708 694 in
1741 654 1806 695 fa·

365 713 435 754 cili
457 720 612 762 essent,
633 708 986 751 circumveniunt.
1041 706 1106 748 Ibi
1130 707 1337 749 Volscum
1359 723 1513 750 nomen
1538 724 1671 766 prope
1692 711 1806 753 dele-

365 780 456 811 tum
487 778 564 809 est.
597 766 801 809 tredecim
835 765 968 806 millia
1008 764 1344 820 quadringentos
1383 768 1658 823 septuaginta
1692 769 1805 810 ceci-

364 827 475 868 disse
507 826 550 866 in
583 825 674 866 acie
707 837 758 865 ac
790 821 908 879 fuga,
942 821 1056 863 mille
1094 822 1302 863 ducentos
1334 823 1646 881 quinquaginta
1683 826 1805 867 vivos

364 893 528 938 captos,
550 882 672 939 signa
703 879 859 936 viginti
882 887 1042 935 septem
1075 878 1278 919 militaria
1308 879 1450 931 relata,
1474 881 1516 922 in
1547 882 1804 936 quibusdam

364 940 587 982 annalibus
627 939 815 979 invenio.
845 937 919 978 ubi
959 936 1038 977 etsi
1077 935 1293 991 adjectum
1332 935 1490 992 aliquid
1523 952 1697 979 numero
1735 940 1804 990 sit,

363 1013 523 1054 magna
542 1007 658 1038 certe
680 995 819 1036 caedes
850 993 947 1035 fuit.
1006 992 1156 1034 Victor
1177 992 1341 1043 consul,
1362 994 1528 1049 ingenti
1560 996 1706 1050 praeda
1726 1011 1807 1051 po-

364 1056 482 1108 titus,
503 1054 650 1096 eadem
684 1053 729 1093 in
763 1051 916 1092 stativa
945 1049 1087 1092 rediit·
1145 1048 1283 1091 Tum⁰
1304 1050 1497 1092 consules
1528 1061 1667 1093 castra
1700 1068 1807 1094 con-

357 1113 574 1169 jungunt:
605 1120 647 1151 et
680 1109 823 1150 Volsci
849 1108 1065 1164 AEquique
1097 1107 1291 1148 adflictas
1324 1108 1432 1149 vires
1465 1123 1559 1150 suas
1593 1109 1636 1150 in
1670 1125 1804 1152 unum

363 1169 598 1211 contulere.
656 1166 800 1208 Tertia
823 1165 892 1207 illa
921 1179 1068 1221 pugna
1099 1179 1150 1206 eo
1179 1179 1289 1206 anno
1324 1164 1419 1206 fuit.
1454 1166 1602 1207 eadem
1636 1165 1807 1209 fortuna

364 1224 744 1269 victoriamdedit.
768 1223 872 1264 fusis
893 1222 1104 1273 hostibus,
1126 1221 1256 1265 etiam
1277 1231 1415 1264 castra
1436 1231 1574 1278 capta.

419 1284 508 1325 IX.
541 1284 613 1324 Sic
635 1296 700 1323 res
723 1280 920 1322 Romana
941 1280 985 1320 in
1018 1279 1240 1335 antiquum
1274 1289 1431 1321 statum
1463 1280 1616 1322 rediit:
1650 1295 1803 1322 secun-

360 1341 513 1397 ‹laeque
536 1340 633 1382 belli
656 1353 721 1380 res
742 1336 961 1393 extemplo
993 1337 1178 1378 urbanos
1202 1346 1344 1378 motus
1374 1338 1687 1380 excitaverunt.
1749 1339 1806 1380 C.

148 1409 209 1436 Lex
233 1397 614 1440 Teren-Terentillus
635 1395 746 1437 Arsa
767 1395 963 1436 tribunus
988 1393 1123 1449 plebis
1145 1408 1196 1435 eo
1218 1408 1328 1434 anno
1360 1394 1457 1435 fuit.
1482 1395 1532 1445 is,
1553 1395 1802 1437 consulibus

142 1452 219 1482 xxixa.

358 1456 623 1505 absentibus,
660 1463 774 1494 ratus
805 1452 947 1494 locuni
982 1450 1224 1492 tribuniciis
1255 1451 1499 1492 actionibus
1532 1451 1695 1502 datum,
1728 1467 1803 1509 per

356 1514 519 1570 aliquot
540 1513 630 1554 dies
654 1510 828 1551 Patrnm
852 1508 1093 1564 superbiam
1116 1508 1168 1550 ad
1189 1508 1357 1564 plebem
1381 1508 1647 1560 criminatus,
1663 1510 1802 1551 maxi·

356 1586 425 1613 me
461 1571 503 1612 in
536 1567 758 1612 consulare
789 1565 1033 1623 imperium,
1065 1575 1278 1621 tamquam
1310 1566 1507 1617 nimium,
1538 1580 1618 1608 nec
1650 1566 1802 1608 tolera-

360 1629 441 1670 bile
463 1628 609 1669 liberae
631 1625 815 1676 civitati,
837 1622 1117 1665 invehebatur
1135 1639 1145 1665 ;
1178 1623 1334 1664 nomine
1353 1623 1458 1664 enim
1481 1630 1639 1664 tantum
1669 1623 1800 1666 minus

353 1685 612 1735 invidiosum,
636 1697 676 1724 re
697 1682 782 1737 ipsa
798 1695 924 1737 prope
943 1679 1133 1728 atrocius,
1155 1695 1276 1735 qnam
1298 1680 1465 1736 regium,
1487 1695 1577 1721 esse.
1641 1677 1800 1736 Quippe

353 1743 451 1784 decos
465 1757 544 1797 pro
568 1755 645 1782 uno
675 1738 863 1780 domino?
893 1744 1084 1793 acceptos,
1108 1736 1373 1788 inmoderata,
1394 1736 1557 1792 infinita
1574 1743 1767 1793 potestate
1781 1754 1795 1778 .·

353 1800 437 1855 qui,
467 1798 588 1840 soluti
620 1804 741 1853 atque
774 1794 956 1851 efftenati
992 1793 1085 1850 ipsi,
1107 1809 1236 1835 omnes
1266 1801 1389 1835 metus
1420 1795 1551 1850 legam
1586 1794 1798 1850 onmiaqne

354 1856 551 1912 supplicia
574 1859 767 1896 verterent
788 1853 832 1894 in
848 1851 1018 1907 plebem.
1082 1852 1181 1907 Qua:
1202 1866 1250 1892 ne
1270 1858 1416 1893 aterna
1438 1852 1521 1892 illis
1544 1851 1706 1892 licentia
1728 1852 1797 1902 sit,

352 1917 385 1937 ³²³
400 1914 523 1970 legem
544 1927 586 1953 se
609 1909 980 1967 promulgaturum,
1002 1916 1047 1950 ut
1069 1909 1243 1964 quinque
1263 1909 1344 1949 viri
1366 1916 1545 1950 creentur
1567 1908 1721 1964 legibus
1751 1908 1799 1949 de

354 1972 518 2027 imperio
542 1967 743 2011 consulari
764 1966 996 2008 scribendis.
1060 1967 1179 2020 Quod
1195 1965 1371 2021 populus
1399 1966 1443 2006 in
1472 1979 1510 2006 se
1526 1966 1601 2021 jus
1629 1965 1798 2016 dederit,

353 2044 396 2070 eo
430 2026 626 2069 consulem
657 2039 850 2067 usurum:
882 2039 961 2065 non
993 2023 1094 2079 ipsos
1128 2022 1338 2064 libidinem
1369 2038 1415 2064 ac
1449 2021 1653 2064 licentiam
1685 2037 1798 2064 suam

349 2100 424 2139 pro
457 2084 541 2141 lege
571 2082 790 2124 habituros.
851 2082 948 2128 Qua
980 2081 1248 2138 promulgata
1280 2080 1388 2137 lege,
1426 2094 1559 2136 quum
1593 2080 1794 2121 timerent

355 2143 516 2194 Patres,
539 2155 609 2191 ne,
628 2140 877 2181 absentibus
911 2138 1171 2189 consulibus,
1198 2138 1357 2194 jugum
1391 2137 1652 2192 acciperent,
1673 2151 1792 2178 sena·
1815 2178 1818 2182 ,

355 2210 421 2242 tus
443 2215 468 2240 a
491 2197 698 2254 praefecto
723 2196 838 2238 urbis
867 2196 923 2243 Q.
948 2195 1081 2237 Fabio
1117 2203 1316 2237 vocatur:
1349 2195 1421 2249 qui
1455 2195 1561 2235 adeo
1596 2194 1798 2236 atrociter

353 2258 395 2297 in
420 2256 686 2313 rogationem
711 2254 977 2309 latoremque
1000 2253 1140 2310 ipsum
1162 2260 1227 2293 est
1248 2252 1459 2303 invectus,
1491 2257 1521 2279 ³³
1538 2261 1584 2293 ut
1619 2251 1740 2304 nihil,
1763 2252 1797 2293 si

669 2346 684 2361 ⁰
709 2341 797 2380 Tunc
811 2341 908 2370 Gron.
925 2339 1016 2370 Crev,
1184 2345 1199 2365 Ρ
1222 2338 1357 2368 dominos
1371 2338 1454 2369 Eoed.

396 2416 436 2445 32
461 2415 584 2453 Legem
598 2411 948 2452 sepromulgaturum]
975 2409 1050 2440 Huc
1096 2410 1293 2448 consignata
1315 2408 1422 2447 fuere,
1439 2417 1512 2447 quae
1538 2406 1619 2449 legis
1645 2407 1712 2437 vim
1739 2406 1798 2438 ha-

352 2467 469 2498 ncque,
497 2463 584 2488 teste
617 2457 715 2487 Dion.
747 2455 822 2485 init.
854 2455 876 2485 l.
910 2455 952 2484 X.
978 2464 1052 2494 per·
1096 2453 1225 2483 herent,
1272 2453 1315 2482 At
1343 2462 1398 2482 eos
1421 2453 1508 2491 ipsos
1532 2450 1630 2481 libros
1653 2450 1714 2481 soli
1739 2460 1800 2481 no-

350 2504 475 2541 svripta
492 2510 559 2531 non
574 2507 669 2530 erant
687 2501 766 2539 jura
788 2499 913 2535 omnia,
931 2498 1051 2538 quibus
1097 2503 1172 2527 rant
1188 2502 1223 2526 et
1239 2496 1395 2535 legebant
1406 2494 1548 2535 patricii.
1592 2493 1797 2525 Terentilius

351 2546 469 2575 civitas
499 2548 718 2583 regerer-etur.
772 2542 836 2572 Sed
866 2542 1051 2581 antiquitus
1097 2541 1201 2579 igitur
1218 2539 1446 2579 .1liquodjuris
1470 2547 1587 2578 corpus
1612 2537 1683 2567 fieri
1707 2538 1796 2568 vole-

352 2598 469 2628 :egum
503 2587 637 2618 arbitrio
675 2587 750 2616 lites
782 2585 1046 2616 dirimebantur:
1093 2584 1162 2619 bat,
1190 2594 1254 2622 quo
1285 2584 1318 2613 in
1348 2581 1502 2613 omnibus
1530 2581 1686 2620 negotiis,
1718 2587 1795 2613 tum

352 2637 398 2667 et,
424 2631 511 2670 quod
533 2632 664 2670 justum
692 2630 740 2659 illi
765 2629 987 2666 judicassent,
1017 2628 1050 2658 id
1094 2627 1248 2667 publicis,
1271 2632 1346 2657 tuin
1370 2625 1517 2666 privatiS,
1541 2625 1657 2655 civitas
1681 2629 1794 2655 utere-

353 2685 410 2714 χιε-υ
442 2674 513 2713 lege
544 2677 625 2704 erat.
676 2673 800 2703 Eodem
824 2672 922 2703 modo
949 2681 1050 2712 pones
1094 2677 1165 2701 tur.

353 2718 505 2748 eonsules
536 2718 620 2757 juris
651 2717 789 2746 arbitria
827 2717 934 2746 fuere:
988 2716 1049 2746 nisi
1140 2717 1180 2745 :33
1211 2711 1254 2744 Ut
1279 2711 1376 2752 nihil]
1418 2711 1464 2742 Ut
1494 2709 1576 2741 nihil
1607 2716 1796 2752 superesset

351 2761 438 2800 quod
456 2769 622 2801 perpauca
646 2759 678 2790 in
704 2760 741 2789 iis
765 2759 869 2797 libris,
886 2769 967 2798 quos
990 2759 1052 2791 Di-
1095 2758 1263 2787 minarum
1296 2765 1334 2786 ac
1361 2755 1509 2791 terroris,
1532 2755 1620 2794 quod
1645 2756 1794 2785 intenta-

351 2805 484 2845 nnysius
511 2813 618 2834 sacros
646 2803 810 2839 nominat,
834 2804 956 2842 quique
986 2802 1051 2832 fni·-
1096 2808 1170 2831 rent
1201 2799 1367 2837 consistes,
1398 2800 1425 2828 si
1457 2799 1554 2830 ambo
1585 2797 1700 2830 infesti
1730 2800 1794 2830 cir-

351 2853 436 2879 tasse
461 2854 555 2878 erant
580 2846 777 2887 pontificum
804 2846 1048 2880 commentarii.
1096 2848 1302 2875 cumstarent
1319 2843 1504 2875 tribunum.
