1925 3239
126 235 166 265 [⁷.
182 233 217 263 C.
238 236 310 264 435.

128 278 165 308 A.
186 277 311 310 (2317.

127 1133 173 1165 U.
186 1133 222 1164 C.
238 1135 312 1166 433.

127 1178 166 1207 A.
184 1177 220 1208 C.
239 1179 312 1209 316.

129 1221 174 1250 M.
191 1222 304 1258 Foslio,

128 1265 160 1292 L.
176 1264 298 1294 Plautio

127 1308 211 1337 (toss.

337 124 414 157 520
906 119 1041 157 TIT}
1083 121 1247 158 LlVII

341 219 550 261 secturam
571 219 700 261 fuisse
722 234 814 261 reor
843 219 895 261 ad
935 235 1063 261 unum
1098 220 1270 262 bellum.
1301 228 1346 261 et
1373 220 1551 262 forsitan
1572 235 1702 276 quum
1724 227 1769 262 et

343 276 577 318 foederibus
607 277 953 332 vetustisjuticta
976 276 1138 318 Punica
1167 292 1230 318 res
1264 277 1470 318 Romanae
1497 285 1620 328 esset,
1641 286 1684 318 et
1714 276 1767 318 ti-

342 348 436 374 inm
468 348 543 388 pat
575 333 773 374 adversus
807 348 1077 375 communem
1116 334 1278 374 hostem
1309 334 1413 374 duas
1452 333 1767 389 potentissimas

342 390 468 431 armis
506 390 689 444 virisque
727 391 849 431 urbes
887 401 1082 440 armar,et
1120 390 1243 431 simul
1283 390 1448 431 Punico
1488 389 1768 454 Romanoque

341 447 520 488 obrutus
544 446 654 487 bello
675 455 797 487 esset.
859 446 957 488 Non
990 446 1159 501 quidem
1184 445 1428 487 Alexandio
1458 447 1580 496 duce,
1601 461 1679 487 nec
1702 447 1766 487 in·

341 503 473 558 tegris
505 502 818 544 Macedonum
819 505 966 553 rebus,
990 504 1058 543 sed
1093 504 1255 558 experti
1290 514 1431 544 tamen
1461 512 1559 544 sunt
1583 502 1766 543 Romani

343 559 632 601 Macedonem
655 559 819 601 hostem
849 559 1048 600 adveisus
1075 559 1355 611 Antiochum,
1381 559 1643 615 Philippum,
1667 558 1770 599 Per-

343 631 431 667 sen,
449 619 482 641 72
500 630 582 657 non
606 616 734 656 modo
752 631 851 657 cum
868 614 986 657 clade
1002 615 1102 666 ulla,
1118 616 1189 656 sed
1212 631 1264 657 ne
1274 631 1371 658 cum
1387 617 1573 672 peniculo
1595 615 1767 671 quidem

341 688 434 714 suo.
491 675 521 698 ⁷³
542 672 671 714 Absit
718 672 878 713 invidia
918 673 1081 713 v¹¹erbo
1086 704 1097 722 ,
1138 684 1181 712 et
1218 677 1251 699 ⁷4
1272 673 1414 714 civilia
1458 673 1564 713 bella
1603 672 1766 722 sileant,

341 718 621 784 75numquam
651 729 705 769 ab
736 729 878 784 equite
899 729 1036 780 hoste,
1060 743 1324 784 numquam
1313 745 1338 770 a
1359 729 1512 785 pedite,
1533 742 1767 792 numquam

342 796 488 841 aperta
508 786 612 836 acie,
635 800 867 840 numquam
889 785 1036 840 aequis,
1057 786 1204 840 utique
1234 800 1464 841 numquam
1487 786 1641 826 nostris
1661 785 1766 826 locis

342 842 642 883 laboravimus.
699 842 962 897 ⁷⁶Equitem‚
1005 843 1196 897 sagittaS,
1235 842 1364 883 saltus
1405 842 1633 897 inpeditos,
1671 842 1766 882 avia

341 899 652 940 commeatibus
672 898 767 939 loca
788 900 927 954 gravis
949 899 1074 939 armis
1102 899 1219 939 miles
1250 899 1397 940 timere
1429 908 1582 954 potest.
1643 897 1768 939 Mille

339 956 466 1006 acies,
489 956 704 1011 graviores
725 970 850 1010 quam
878 954 1170 996 Macedonum
1191 966 1318 1010 atque
1339 955 1768 1005 Alexand1·i,avertit,

340 1022 613 1067 avertetque3
647 1013 772 1052 modo
805 1013 860 1052 sit
894 1022 1122 1067 perpetuus
1153 1011 1295 1067 hujus,
1314 1027 1399 1067 qua
1428 1012 1625 1064 vivimus,
1651 1012 1766 1068 pacis

341 1083 459 1110 amor
479 1079 522 1109 et
542 1069 679 1110 civilis
702 1084 803 1109 cura
822 1069 1080 1110 concordiae.

399 1125 513 1167 XX.
547 1125 612 1167 M.
636 1125 802 1166 Foslius
841 1125 1108 1166 Flaccinator
1135 1124 1232 1166 inde
1263 1133 1305 1165 et
1328 1124 1377 1165 L.
1401 1123 1592 1165 Plautius
1613 1123 1766 1165 Venno

341 1182 535 1223 consules
558 1182 676 1223 facti.
738 1181 800 1222 Eo
823 1197 934 1223 anno
957 1183 1009 1223 ab
1040 1181 1329 1236 frequentibus
1350 1181 1606 1222 Samnitium
1631 1195 1768 1236 popu·-

341 1239 391 1279 lis
413 1239 465 1280 de
488 1239 648 1280 foedere
670 1239 913 1280 renovando
944 1238 1087 1295 legati,
1109 1253 1240 1293 quum
1274 1248 1464 1278 senatum
1497 1237 1614 1279 humi
1648 1238 1766 1278 strati

341 1296 587 1342 movissent,
610 1295 756 1350 rejecti
788 1295 840 1336 ad
870 1296 1075 1351 populum
1107 1294 1432 1349 haudquaquam
1465 1303 1550 1335 tam
1571 1294 1766 1335 efficaces

339 1352 557 1393 habebant
577 1367 735 1408 preces,
795 1351 961 1407 Itaque,
981 1352 1144 1393 foedeie
1164 1361 1347 1406 negato
1350 1382 1362 1401 ‚
1384 1351 1565 1392 induciae
1590 1351 1765 1414 biennii,

339 1424 470 1464 quum
505 1424 576 1466 per
608 1409 771 1464 aliquot
800 1409 890 1450 dies
921 1408 1172 1464 fitigassent
1196 1408 1383 1464 singulos
1410 1408 1652 1463 precibus,
1644 1421 1765 1462 mpe-

340 1476 475 1507 tratae.
537 1465 593 1507 Et
622 1480 675 1506 ex
707 1465 864 1520 Apulia
892 1443 1131 1506 Teanenses
1166 1464 1456 1527 Canusinique
1479 1463 1767 1519 populationi-

337 1522 416 1565 bus
440 1522 554 1574 fessi,
575 1522 796 1564 obsidibus
821 1522 867 1563 L.
902 1521 1070 1563 Plautio
1105 1521 1266 1562 consuli
1289 1521 1445 1570 datis,
1437 1535 1477 1561 in
1502 1521 1763 1561 deditionem

337 1589 554 1621 v·ene1unt.
614 1578 777 1620 Eodem
799 1593 912 1619 anno
934 1580 1117 1635 primum
1141 1584 1171 1605 77
1188 1577 1379 1634 praefecti
1400 1579 1431 1603 ⁷⁸
1447 1577 1610 1633 Capuae
1631 1577 1763 1618 cieari

603 1680 617 1694 1¹
642 1684 707 1703 vero
723 1674 819 1703 Gron.
836 1675 926 1703 Crev.
1054 1678 1068 1693 ³¹
1091 1673 1125 1702 de
1131 1672 1248 1710 soedere
1262 1678 1408 1712 negatum
1421 1674 1504 1703 Eaed.

380 1757 421 1788 7¹2
446 1755 521 1785 Non
539 1755 626 1784 modo
649 1764 721 1784 cum
737 1755 827 1784 clade
843 1753 925 1793 ulla]
951 1753 1027 1784 Non

338 1799 435 1829 modo
452 1808 528 1828 non.
551 1797 624 1827 vid.
644 1802 712 1827 not.
730 1800 781 1827 31.
796 1796 836 1827 ad
852 1798 892 1827 11.
912 1800 962 1826 4¹3.

380 1845 419 1876 73
430 1842 545 1872 *Absit
560 1841 680 1871 invidia
696 1840 782 1879 vero]
803 1841 876 1870 Non
890 1841 933 1869 sit
947 1839 1027 1870 mihi

337 1895 444 1923 neque
478 1885 635 1915 Romanis
673 1884 817 1921 invidiae,
851 1884 878 1913 si
914 1893 1026 1913 verum

337 1930 449 1958 dixero
464 1941 470 1957 ι
495 1927 592 1957 liceat
611 1927 716 1965 nobis,
733 1927 804 1957 sine
821 1927 952 1957 invidiae
969 1932 1029 1957 aut

336 1972 524 2001 offensionis
542 1976 646 2007 metu,
664 1981 701 2000 cx
720 1981 794 2000 vcro
811 1970 955 2008 gloriari.

380 2017 420 2048 74
449 2015 561 2044 Civilia
587 2014 666 2043 bella
689 2013 818 2054 sileant]
852 2014 903 2043 De
926 2012 1028 2043 civili·

337 2058 395 2088 bus
413 2057 505 2088 bellis
519 2066 584 2086 non
601 2057 659 2086 fiat
673 2057 810 2086 mentio.

378 2104 419 2134 75
444 2101 627 2139 ,Nunquam
637 2101 678 2130 ab
689 2100 804 2140 equite]
833 2099 911 2130 Haec
927 2099 1027 2129 verba

336 2153 401 2186 non
419 2149 557 2184 possunt
577 2153 615 2173 eo
631 2143 750 2183 exponi
771 2152 883 2180 sensu,
901 2149 938 2172 ut
961 2142 1025 2172 Ro-

337 2188 426 2217 mani
452 2196 622 2225 nunquam
654 2187 694 2216 ab
720 2186 871 2224 equitatu
901 2185 1026 2226 pidita-

335 2229 482 2260 tuvehos
485 2230 534 2259 tili
547 2229 732 2259 victifuissc
743 2230 906 2259 dicantur:
923 2238 1025 2268 quum

337 2278 370 2302 et
387 2274 455 2313 ipse
471 2272 584 2303 Livius
600 2282 671 2311 cap.
687 2281 784 2312 prmo.
808 2277 977 2311 agnoscat,
993 2277 1027 2302 et

337 2326 388 2346 res
405 2318 474 2356 ipsa
489 2315 610 2346 clamet
635 2316 799 2346 Romanos
817 2315 929 2345 multis
946 2325 1027 2355 prae—

339 2360 388 2389 liis
419 2360 522 2389 victos
552 2369 633 2389 esse.
680 2359 760 2389 llaec
791 2359 892 2398 igitur
927 2358 1027 2388 fuisse

337 2402 469 2432 videtur
498 2412 589 2432 mens
626 2401 721 2432 Livii.
775 2401 955 2440 Nunquam
987 2401 1028 2431 ob

336 2455 408 2475 eain
427 2455 559 2475 causam
576 2445 807 2482 laboravimus,
823 2445 910 2484 quod
927 2445 1028 2474 hostis

336 2495 392 2518 aut
417 2489 618 2527 equitatum,
634 2492 692 2518 aut
715 2489 899 2528 peditatum
918 2492 1027 2518 nostro

335 2532 504 2561 meliorem
523 2531 669 2561 haberet.
714 2531 811 2570 Quod
829 2535 941 2561 tamen
960 2540 1026 2560 non

334 2579 488 2604 acnurate
505 2584 615 2604 vorum
634 2584 702 2604 esse
719 2575 835 2614 probat
851 2574 905 2604 ille
922 2573 1024 2604 Anni—

333 2617 414 2647 balis
438 2618 605 2655 equitatus
629 2617 723 2654 longe
753 2618 902 2648 Romano
927 2627 1024 2657 supe-

335 2662 411 2695 rior,
439 2661 508 2700 ipso
538 2666 622 2690 teste
649 2660 753 2697 Livio,
785 2660 876 2690 XXI.
906 2663 958 2693 47.
989 2665 1024 2689 vt

332 2703 454 2733 XXVI.
480 2706 532 2733 391.
572 2703 635 2733 Hic
663 2713 781 2743 nempe
807 2703 939 2734 deflexit
967 2713 1023 2733 no-

312 2760 314 2762 *
331 2752 437 2777 strum
456 2757 475 2775 a
491 2756 564 2775 vero
588 2746 746 2777 Romanae
775 2746 879 2777 laudis
903 2746 1023 2776 nimius

331 2799 434 2819 unior.
477 2789 629 2828 Quonam
653 2790 742 2819 enim
769 2789 866 2819 modo
889 2790 943 2828 qui
966 2789 1021 2820 Al-

332 2832 443 2864 liensis
466 2832 713 2872 caunensisque
737 2832 880 2865 cladium
904 2833 1021 2864 memi-

1073 1754 1172 1790 nerit,
1190 1754 1319 1791 jactare
1348 1758 1457 1794 potest
1487 1754 1652 1784 Romanos
1678 1763 1764 1785 nun-

1073 1807 1170 1835 quam
1189 1802 1305 1836 aperta
1319 1799 1386 1827 acie
1401 1796 1563 1828 laborasse
1576 1798 1588 1826 ?
1759 1821 1761 1824 .

1114 1841 1156 1873 76
1180 1840 1348 1880 Equitem]
1384 1839 1606 1870 Numa-rosum
1633 1843 1763 1880 equita-

1070 1889 1168 1919 tum;
1193 1885 1375 1923 praesertim
1401 1884 1433 1913 in
1458 1884 1647 1923 patentibus
1672 1894 1762 1914 cam-

1071 1927 1134 1966 pis,
1152 1926 1320 1956 Romanus
1344 1926 1438 1956 miles
1461 1927 1568 1966 gravis
1591 1928 1691 1957 armis
1721 1929 1763 1958 ti-

1072 1979 1161 1999 mere
1178 1973 1297 2009 potest.
1339 1969 1466 2000 Alludit
1494 1969 1583 2000 hand
1606 1970 1703 2000 dubie
1720 1971 1762 2003 ad

1073 2012 1263 2043 Parthicum
1288 2013 1489 2052 equitatum,
1505 2017 1540 2044 et
1565 2014 1672 2044 Crassi
1696 2013 1765 2044 cla-

1069 2055 1156 2086 dem.

1112 2102 1150 2132 77
1180 2099 1346 2139 Prql'ecti]
1373 2100 1760 2141 Crearicoeptiapopulo

1067 2142 1217 2173 Romano
1250 2143 1410 2183 praefccfi,
1440 2143 1494 2182 qui
1530 2143 1679 2183 capuam
1718 2143 1760 2175 ad

1062 2185 1141 2223 jura
1165 2185 1329 2215 reddenda
1346 2186 1570 2216 mitterentur.
1619 2186 1682 2216 Hic
1706 2185 1760 2217 Li-

1072 2231 1141 2258 vius
1152 2229 1388 2266 conditionem,
1399 2239 1437 2259 ac
1448 2229 1586 2259 fortasse
1598 2230 1760 2269 originem

1072 2271 1341 2311 praefecturarum
1370 2273 1484 2313 paucis
1508 2273 1628 2312 tangit.
1675 2273 1762 2303 Prae-

1072 2315 1208 2345 secturae
1226 2322 1320 2346 eraut
1335 2315 1439 2346 ltaliae
1454 2315 1586 2356 oppida,
1603 2325 1676 2355 quae
1693 2325 1761 2347 non

1072 2357 1199 2397 legibus
1225 2360 1305 2396 suis,
1333 2369 1398 2389 non
1423 2369 1442 2388 a
1469 2359 1716 2398 magistratibus
1740 2369 1760 2389 e

1072 2411 1206 2441 corpore
1222 2412 1281 2432 suo
1305 2403 1423 2432 creatis
1450 2402 1670 2441 regebantur;
1701 2402 1759 2433 sed

1072 2445 1244 2484 praefectos
1259 2456 1300 2485 (μ.
1305 2446 1436 2475 otaunis
1452 2446 1557 2476 Roma
1574 2446 1688 2476 missos
1705 2455 1760 2475 ac·

1072 2488 1252 2527 cipit-baut,
1281 2499 1421 2527 quorum
1455 2494 1541 2519 essct
1571 2489 1604 2518 in
1637 2488 1759 2528 oppido

1071 2540 1204 2561 summa
1217 2536 1375 2572 potestas,
1391 2532 1512 2571 quique
1530 2531 1587 2569 jus
1611 2531 1655 2561 ibi
1670 2532 1760 2562 dice-

1069 2579 1154 2604 mut.
1191 2575 1337 2615 Capuam
1348 2575 1409 2605 hoc
1421 2577 1554 2614 jugum,
1567 2574 1654 2612 quod
1667 2584 1757 2605 nunc

1067 2616 1178 2647 volens
1195 2619 1326 2657 accipit,
1341 2623 1454 2656 postea
1466 2618 1646 2648 excussisse
1659 2628 1699 2648 ex
1715 2627 1756 2648 eo

1067 2660 1247 2700 colligitur,
1264 2661 1352 2700 quod
1368 2661 1452 2691 bello
1470 2661 1594 2690 Punico
1609 2661 1756 2691 secundo

1067 2709 1164 2743 capta
1174 2715 1192 2733 n
1205 2705 1361 2735 Romanis
1371 2705 1491 2734 iterum
1505 2705 1538 2734 in
1548 2703 1756 2744 praefecturae

1067 2746 1207 2777 sormam
1226 2747 1396 2786 redigitur.

1107 2793 1147 2823 78
1177 2789 1336 2830 Capuam]
1369 2789 1477 2829 Vulgo
1508 2789 1634 2830 Capuoe.
1689 2788 1753 2819 Sed

1064 2832 1226 2873 Andreas,
1248 2834 1393 2875 quinque
1415 2843 1434 2864 e
1458 2834 1579 2865 uostris
1604 2831 1697 2864 codd.
1720 2837 1756 2863 et
