1925 3239
577 111 694 152 LIB.
722 111 792 151 IX.
829 112 958 151 CAP.
995 112 1106 151 XIX.
1470 117 1544 152 519

114 214 188 266 ria,
221 214 284 256 vel
317 228 453 257 rerum
485 215 795 270 magnitudine,
826 228 971 270 pares3
1002 213 1225 268 ⁶⁸quorum
1256 226 1333 253 suo
1363 211 1542 267 quisque
1557 227 1597 258 U.
1613 227 1651 258 C.
1667 229 1743 258 435,

112 271 217 321 fato,
237 272 327 314 sine
351 271 523 327 publico
545 273 802 322 discrimine,
824 273 985 312 viveret
1009 278 1337 324 moreretur-que.
1554 275 1593 302 A·
1610 272 1646 301 C·
1663 273 1738 303 317.

171 327 310 369 XIX.
345 329 509 380 Restat,
534 338 580 369 ut
609 329 745 384 copiae
777 328 911 383 copiis
943 336 1242 381 comparentur
1265 326 1328 366 vel
1350 340 1540 376 numero,
1555 343 1688 373 Commo
1704 351 1753 371 co-

111 384 176 424 vel
199 385 381 425 militurn
404 399 572 441 genere,
591 386 653 425 vel
673 385 945 425 multitudine
964 384 1235 425 auxiliorum.
1297 381 1539 423 Censeban·
1553 388 1684 425 piarum.

115 449 183 481 tur
208 441 299 496 ejus
323 443 461 483 aetatis
482 442 622 482 lustris
654 442 819 482 ducena
848 442 1149 497 quinquagena
1179 438 1310 479 millia
1338 440 1542 493 capitum.

114 496 278 552 Itaque,
300 498 342 538 in
365 499 480 539 omni
503 498 740 539 defectione
764 498 972 539 sociorum
997 498 1134 538 Latini
1160 496 1358 545 nominis,
1381 497 1543 536 urbano

112 567 246 609 prope
268 555 432 595 delectu
467 555 612 595 decem
637 555 931 596 scribebantur
952 555 1154 609 legiones.
1187 552 1378 607 quaterni
1403 553 1545 607 quini-

111 625 192 663 que
223 613 436 651 exercitus
474 626 586 666 saepe
622 626 694 667 per
724 626 796 653 eos
827 626 961 652 annos
994 613 1034 652 in
1070 611 1252 660 Etruria,
1277 610 1318 649 in
1351 608 1545 660 Umbria,

114 667 249 707 Gallis
285 668 478 708 hostibus
512 669 741 723 adjunctis,
765 669 806 709 in
842 668 1031 715 Samnio,
1055 668 1095 708 in
1130 666 1309 707 Lucanis
1339 665 1546 722 gerebant

112 723 284 764 bellum.
343 727 375 753 ⁶⁹
396 724 563 765 Latium
586 725 738 766 deiude
760 739 886 766 omne
908 739 1003 765 cum
1029 724 1210 772 Sabinis,
1233 732 1274 763 et
1299 722 1480 772 Volscis,
1502 731 1544 762 et

112 779 280 835 AEquis,
301 790 343 821 et
365 782 481 822 omni
506 781 758 837 Campania,
779 793 822 822 et
843 790 961 836 parte
984 781 1173 822 Umbriae
1199 779 1482 835 Etruriaeque,
1501 787 1545 819 et

115 836 379 887 Picentibus,
402 849 444 878 et
468 837 640 890 Marsis,
664 839 952 894 Pelignisque‚
975 853 1023 879 ac
1058 837 1243 878 Vestinis
1275 846 1402 891 atque
1424 836 1543 890 Apu-

113 893 177 944 lis,
199 895 484 949 adjunctaque
507 895 621 935 omni
657 910 729 936 ora
756 895 1007 936 Graecorum
1031 894 1152 935 inferi
1180 893 1304 934 maris
1327 908 1351 932 a
1372 891 1544 932 Thuriis

114 949 340 1005 Neapolim
364 961 406 991 et
429 951 601 1000 Cumas,
624 962 665 993 et
689 952 786 992 inde
807 952 940 992 Antio
966 961 1093 1006 atque
1117 951 1252 991 Ostiis
1277 960 1398 989 tenus
1423 950 1545 989 Sam-

113 1006 238 1056 nites,
257 1017 332 1048 aut
355 1008 493 1048 socios
518 1008 676 1049 validos
702 1008 921 1059 Romanis,
943 1016 1016 1048 aut
1037 1007 1196 1048 fractos
1228 1005 1335 1047 bello
1358 1006 1544 1046 invenis-

114 1072 175 1103 set
198 1063 352 1104 hostes.
415 1064 513 1120 Ipse
535 1065 771 1119 trajecisset
792 1079 907 1105 mare
928 1079 1026 1105 cuin
1058 1064 1267 1105 veteranis
1289 1062 1545 1103 Macedoni-

112 1120 304 1170 bus‚non
331 1121 422 1176 plus
447 1121 625 1176 triginta
644 1122 828 1162 millibus
850 1122 1073 1162 hominurn
1093 1132 1134 1161 et
1154 1130 1335 1175 quatuor
1358 1118 1543 1159 millibus

112 1178 319 1231 equitum,
363 1178 549 1218 maxime
591 1177 905 1220 Thessalorum.
957 1178 1039 1218 hoc
1081 1178 1192 1218 enim
1237 1175 1400 1217 roboris
1439 1185 1543 1217 erat.

116 1232 280 1284 Persas,
306 1233 449 1284 Indos,
472 1234 657 1290 aliasque
679 1237 711 1276 si
736 1235 1002 1290 adjunxisset
1022 1245 1183 1289 genteS,
1206 1233 1544 1288 inpedimentum

114 1289 267 1344 majus,
289 1304 414 1344 quam
448 1292 669 1341 auxilium,
694 1292 891 1332 traheret.
951 1292 1088 1341 Adde,
1110 1290 1224 1345 quod
1259 1289 1461 1329 Romanis
1491 1289 1543 1330 ad

113 1360 285 1386 manum
311 1348 426 1387 domi
451 1348 790 1403 supplementum
815 1358 952 1389 esset:
985 1347 1245 1397 Alexandro,
1266 1347 1397 1400 (quod
1428 1354 1545 1400 post-

112 1417 162 1443 ea
185 1402 417 1444 Hannibali
441 1405 617 1454 accidit)
638 1406 774 1446 alieno
801 1406 841 1445 in
869 1419 972 1460 agro
1006 1404 1192 1453 bellanti,
1214 1404 1426 1443 exercitus
1443 1417 1545 1443 con-

112 1459 333 1501 senuisset.
370 1460 514 1511 Arma,
529 1462 688 1516 clipeus
701 1467 734 1489 70
749 1462 994 1515 sarissaeque
1008 1460 1088 1501 illis
1103 1478 1113 1512 3
1147 1460 1344 1500 Romano
1359 1469 1541 1509 scutum,

111 1515 249 1570 majus
269 1517 437 1572 corpori
473 1528 781 1573 tegumentum,
806 1530 848 1558 et
877 1523 906 1544 7¹
926 1517 1070 1573 pilum,
1094 1517 1204 1557 haud
1238 1516 1391 1572 paulic,
1413 1530 1542 1570 quam

112 1572 248 1623 hasta,
269 1573 559 1614 vehementius
584 1575 668 1615 ictu
695 1576 908 1629 missuque
931 1574 1076 1614 telum.
1136 1573 1342 1613 Statarius
1367 1582 1542 1626 uterque

111 1629 246 1679 miles,
269 1630 436 1682 ordines
459 1645 654 1673 servans:
697 1632 766 1671 sed
792 1632 860 1672 illa
891 1631 1077 1687 phalanx
1101 1629 1331 1680 inmobilis,
1353 1638 1395 1669 et
1419 1630 1542 1669 unius

115 1687 306 1740 generis:
355 1686 551 1728 Romana
592 1688 703 1728 acies
737 1689 994 1738 distinctior,
1029 1702 1081 1727 ex
1121 1687 1313 1741 pluribus
1350 1685 1542 1741 partibus

114 1753 340 1784 constans:
384 1742 520 1784 facilis
555 1744 769 1800 partient‘i,
802 1758 1070 1800 quacumque
1102 1758 1209 1799 opus
1245 1752 1369 1793 esset,
1406 1741 1541 1782 facilis

106 1798 325 1854 jungenti.
383 1800 481 1842 Jam
514 1802 554 1841 in
586 1816 713 1856 opere
743 1802 837 1856 quis
869 1815 944 1857 par
976 1801 1172 1841 Romano
1195 1799 1341 1840 miles?
1373 1799 1466 1853 quis
1488 1798 1542 1839 ad

113 1855 378 1897 tolerandum
402 1856 587 1898 laborem
615 1858 792 1899 melior?
829 1858 923 1898 Uno
947 1857 1100 1914 proelio
1124 1857 1260 1897 victus
1281 1854 1542 1905 Alexander,

113 1911 224 1952 bello
250 1913 386 1953 victus
408 1924 532 1954 esset.
596 1914 853 1965 Romanum,
881 1928 1005 1969 quem
1031 1913 1257 1962 Caudium,
1279 1926 1404 1967 quem
1428 1911 1542 1952 Can-

114 1982 180 2011 nae
218 1984 300 2009 non
333 1969 564 2026 fregerunt,
585 1986 681 2025 quae
717 1971 912 2026 fregisset
944 1971 1083 2012 acies?
1124 1969 1204 2010 Nae
1239 1968 1307 2009 ille
1329 1982 1456 2023 saepe,
1479 1978 1542 2008 et-

110 2025 233 2066 iamsi
258 2028 392 2080 prima
415 2042 619 2082 prospere
632 2028 886 2077 evenissent,
900 2027 1046 2068 Persas
1066 2036 1107 2067 et
1128 2026 1255 2066 ludos
1280 2035 1322 2064 et
1342 2024 1539 2065 inbellem

113 2081 258 2122 Asiam
293 2085 528 2138 quaesisset,
550 2095 591 2124 et
620 2099 715 2124 cum
751 2084 918 2124 feminis
949 2084 1029 2124 sibi
1063 2083 1216 2124 bellum
1250 2082 1378 2122 fuisse
1407 2081 1542 2121 dixis-

115 2148 201 2180 set:
235 2139 349 2193 quod
383 2138 500 2194 Epiri
532 2155 673 2196 regem
704 2140 1011 2191 Alexandrum,
1035 2139 1254 2181 mortifero
1286 2137 1454 2178 vulnere
1481 2138 1541 2178 ic-

112 2205 219 2244 tum,
240 2196 400 2236 dixisse
434 2196 587 2248 ferunt,
609 2207 765 2238 sortem
798 2197 1002 2238 bellorum
1035 2197 1076 2238 in
1108 2195 1211 2239 Asia
1233 2204 1448 2250 gestorum
1486 2194 1540 2234 ab

114 2251 197 2291 hoc
236 2252 328 2306 ipso
351 2252 642 2311 juvene‘eum
680 2268 754 2294 sua
784 2253 1089 2294 conferentem.
1152 2251 1374 2306 Equidem,
1407 2264 1538 2304 quum

113 2321 187 2364 per
207 2308 351 2349 annos
373 2319 554 2363 quatuor
582 2320 623 2350 et
655 2311 806 2365 viginti
838 2311 975 2365 primo
1008 2308 1172 2350 Punico
1198 2308 1304 2348 bello
1334 2307 1562 2347 classibus'

116 2375 322 2409 certatum
346 2380 443 2406 cum
471 2365 618 2410 Poenis
643 2367 855 2418 recordor,
878 2367 948 2408 vix
971 2376 1142 2415 aetatem
1173 2363 1403 2405 Alexandri
1440 2363 1538 2403 sub-

155 2478 194 2508 68
219 2478 369 2518 ‚Quorum
385 2489 440 2509 sim
464 2480 690 2520 quisquesulo]
714 2481 803 2520 Qum
841 2481 961 2518 juncta
976 2480 1067 2508 omni
1084 2488 1141 2509 ora
1152 2477 1341 2508 Gra-corum
1356 2474 1456 2505 Inferi
1470 2484 1539 2504 ma·

113 2530 186 2551 rum
220 2523 444 2562 unusquisque
476 2524 536 2553 sibi
576 2524 710 2561 viveret,
742 2525 802 2554 sibi
848 2524 890 2553 ris
917 2533 935 2552 a
959 2523 1092 2552 Thuriis
1116 2522 1156 2552 ad
1184 2520 1278 2551 urbes
1305 2518 1479 2557 Neapolim
1505 2524 1540 2548 et

115 2571 312 2602 moreretur,
341 2567 386 2595 ita
416 2571 452 2595 ut
482 2577 521 2596 ex
550 2567 616 2596 vita
646 2568 715 2603 ejus
745 2576 804 2597 ant
849 2567 983 2602 Cumas,
1001 2570 1033 2594 ct
1050 2565 1125 2595 inde
1143 2564 1240 2594 Antio
1256 2568 1354 2602 atque
1372 2562 1473 2591 Ostiis
1489 2567 1539 2590 te-

115 2613 221 2637 morte
234 2609 315 2638 nihil
326 2609 524 2639 discriminis
537 2610 720 2649 respublica
731 2620 805 2640 sen·
849 2619 924 2644 uns,
943 2612 994 2638 lios
1010 2619 1113 2638 omues
1129 2614 1187 2636 aur
1201 2607 1304 2646 socios
1321 2604 1456 2635 validos.
1467 2626 1475 2635 .

114 2651 217 2687 tirct3
242 2652 290 2681 ita
312 2658 363 2688 ut,
379 2653 546 2682 viveretne
563 2653 616 2683 ille
634 2663 675 2682 an
701 2663 807 2683 more-
893 2656 934 2686 ’ῖΟ
960 2651 1108 2690 Ξιιτὲεεω]
1137 2650 1314 2688 Praelongae
1337 2648 1452 2686 hastae,
1469 2647 1540 2678 Ma-

117 2699 220 2730 retur,
239 2695 426 2733 reipublicae
443 2706 557 2735 parum
575 2697 761 2726 interesset.
850 2695 1011 2725 cedouum
1030 2694 1182 2734 propriae.

158 2737 198 2769 69
223 2737 360 2767 Latium
389 2740 501 2769 deinde
529 2739 632 2779 omne]
672 2739 805 2769 Latinos
892 2741 926 2772 71
958 2738 1087 2777 Petam]
1114 2736 1272 2773 Vishejus
1286 2734 1540 2774 descriptionem

116 2778 233 2808 deinde
263 2790 379 2811 omnes
405 2792 480 2811 cum
512 2783 640 2812 Sabinis
668 2789 701 2812 et
731 2782 807 2812 Vol·
850 2783 883 2811 in
901 2787 970 2810 not.
984 2784 1036 2814 47.
1055 2781 1096 2811 ad
1110 2779 1199 2811 vlu.
1219 2782 1247 2809 8.

113 2822 187 2853 scis.
198 2842 206 2852 .
221 2843 229 2852 .
241 2843 248 2853 .
263 2829 361 2862 atque
375 2824 502 2865 Apulis,
516 2831 550 2856 et
560 2825 737 2864 Samnites,
751 2826 807 2856 ad-

886 2867 993 2908 L14
