1925 3239
534 103 655 142 LIB.
683 102 769 141 Vll.
807 101 934 139 CAP.
962 99 1170 139 XXXVII.
1496 107 1573 143 439

133 203 357 259 praesidiiS.
389 202 448 244 ita
479 217 636 259 magna
668 216 762 267 pars
801 201 966 242 absenti
1002 200 1115 241 hosti
1149 201 1289 242 cessit.
1320 215 1426 256 quos
1461 203 1624 250 intrav
1643 220 1680 250 c
1698 222 1773 253 419.

134 261 289 302 vallum
322 269 468 316 egerat
486 275 631 316 pavor,
653 260 790 312 (fuere
812 267 954 298 autem
978 258 1029 299 ad
1054 258 1231 313 triginta
1253 258 1401 309 millia)
1423 274 1567 301 omnes
1583 264 1620 294 A.
1638 264 1674 294 C·
1691 268 1765 296 3⁴0

130 318 258 369 caesi·
288 329 426 358 castra
447 317 626 372 direpta.

192 350 452 416 XXXVII
486 373 554 414 Ita
583 373 707 414 rebus
739 372 886 427 gestis,
908 370 1072 421 consul,
1106 371 1313 412 advocata
1346 373 1567 425 concione,
1580 382 1694 410 Decius
1707 382 1759 410 ‹10-

135 429 185 471 P.
210 431 332 472 Decii
370 445 455 472 non
484 439 650 485 coeptas
684 429 819 469 solum
852 439 965 479 ante,
988 428 1058 469 sed
1088 428 1323 468 cumulatas
1347 443 1457 469 nova
1485 431 1567 470 vir
1579 430 1682 454 ”³¹1⁶-

133 496 227 528 tute
251 488 392 529 laudes
415 487 607 543 peragit:
640 496 683 526 et
706 494 859 541 praeter
880 485 1081 526 militaria
1102 484 1183 525 alia
1204 485 1331 535 dona,
1349 500 1474 525 aurea
1495 502 1567 527 co-

131 558 235 585 rona
255 559 351 585 eum
384 554 428 584 et
461 554 632 584 centum
669 543 823 592 bubus,
845 543 1136 606 ⁶⁸eximiqque
1171 556 1256 582 uno
1287 542 1384 582 albo
1418 544 1566 597 opimo

129 601 286 642 auratis
308 601 522 651 cornibus,
543 600 690 640 donat.
739 598 922 650 Milites,
944 599 1019 654 qui
1042 614 1082 639 1n
1107 598 1306 654 praesidio
1329 599 1452 639 simul
1476 600 1566 640 fue-

128 666 237 708 rant,
257 657 416 712 duplici
440 657 655 698 frumento
686 656 727 697 in
760 667 1028 711 perpetuum,
1052 656 1094 696 in
1127 655 1353 711 praesentia
1388 657 1565 711 singulis

130 714 269 754 bubus
292 714 490 769 binisque
510 714 542 739 ⁶⁹
556 714 686 768 privis
710 713 863 753 tunicis
892 713 1056 753 donati.
1116 712 1358 753 Secundum
1381 713 1565 754 consulis

129 770 401 811 donationem
436 770 624 826 legiones
656 770 966 826 ⁷⁰gramineam
1007 783 1208 809 coronam
1242 769 1565 821 obsidionalem,

128 826 314 868 clamore
332 827 490 868 donum
513 827 811 882 adprobantes,
834 826 970 867 Decio
991 826 1216 890 inponunt.
1240 826 1372 866 altera
1391 841 1564 878 corona,

128 884 318 939 ejusdem
352 884 523 924 bononis
546 885 690 935 index,
709 899 733 924 a
755 883 953 947 praesidio
975 897 1051 923 suo
1073 883 1259 937 inposita
1277 892 1355 923 est.
1390 882 1472 924 His
1493 884 1566 925 de-

128 951 298 982 coratus
320 941 560 997 insignibus
595 942 749 982 bovem
782 939 988 981 eximium
1024 939 1157 980 Marti
1190 939 1435 990 inmolavit;
1466 954 1565 981 cen-

126 1007 218 1038 tum
241 998 370 1039 boves
394 998 600 1038 militibus
624 998 738 1038 dono
770 997 902 1047 dedit,
932 997 1004 1051 qui
1039 1010 1181 1037 secum
1215 997 1258 1036 in
1289 997 1566 1051 expeditione

127 1052 309 1095 fuerant.
332 1054 483 1095 iisdem
509 1055 716 1097 militibus
739 1053 930 1109 legiones
951 1053 1079 1094 libras
1102 1052 1221 1093 farris
1244 1062 1287 1094 et
1307 1057 1336 1080 ⁷¹
1357 1054 1566 1102 sextarios

126 1110 215 1151 vini
250 1111 546 1153 contulerunt:
578 1112 807 1166 omniaque
839 1125 890 1151 ea
920 1111 1086 1165 ingenti
1120 1110 1340 1150 alacritate
1374 1124 1448 1165 per
1480 1110 1566 1151 cla-

128 1181 289 1208 morem
326 1169 567 1218 militarem,
600 1168 785 1209 indicem
819 1167 1009 1208 omnium
1044 1167 1260 1217 adsensus,
1292 1168 1564 1221 gerebantur.

128 1223 272 1265 Tertia
293 1239 440 1281 pugna
459 1225 511 1266 ad
536 1224 777 1266 Suessulam
809 1224 1035 1265 commissa
1064 1234 1152 1263 est:
1189 1226 1316 1278 ‘Qqua
1344 1223 1517 1279 fugatus
1540 1236 1681 1265 a'rertia
1696 1246 1774 1274 pugn

129 1279 196 1322 M.
229 1281 400 1323 Valerio
435 1282 695 1323 Samnitium
728 1281 956 1331 exercitus,
990 1281 1105 1321 omni
1141 1277 1293 1321 robore
1319 1259 1698 1348 juventutis1³³⁰1¹m

126 1337 255 1379 domo
288 1339 447 1390 adcito,
479 1339 712 1380 cettamine
744 1338 897 1379 ultimo
930 1337 1147 1378 fortunam
1181 1337 1364 1401 experiri
1400 1339 1561 1379 statuit.

127 1394 197 1435 Ab
219 1395 416 1436 Suessula
447 1396 591 1436 nuncii
623 1395 778 1451 trepidi
815 1395 1024 1450 Capuam,
1045 1395 1143 1434 inde
1161 1395 1324 1448 equites
1357 1395 1477 1434 citati
1509 1396 1561 1436 ad

129 1450 346 1492 Valerium
396 1452 630 1502 consulem,
672 1466 797 1508 opem
846 1461 1026 1501 oratum,
1067 1451 1258 1491 veniunt.
1320 1449 1563 1493 Confestim

125 1508 248 1563 signa
266 1518 403 1551 mota:
424 1509 665 1564 relictisque
680 1508 981 1565 inpedimentis
997 1517 1230 1548 castrorum
1252 1507 1392 1549 valido
1415 1509 1562 1563 praesi-

123 1563 210 1628 dio,
232 1566 386 1621 raptim
409 1565 550 1622 agitur
576 1579 755 1621 agmen:
787 1579 865 1606 nec
898 1564 1044 1621 procul
1065 1565 1120 1605 ab
1141 1564 1264 1605 hoste
1293 1564 1433 1606 locum
1467 1579 1561 1621 per-

124 1621 330 1676 exiguum
353 1626 420 1675 (ut
435 1598 621 1677 t³quibus‚
644 1631 800 1677 praeter
831 1636 978 1677 equos,
1001 1631 1235 1662 ceterorum
1263 1621 1559 1676 jumentorum

125 1677 408 1733 calonumque
436 1679 564 1720 turba
584 1679 766 1729 abesset)
788 1679 937 1720 castris
958 1679 1087 1733 cepit.
1148 1678 1406 1719 Samnitium
1438 1692 1562 1720 exer·

123 1735 249 1786 citus,
271 1736 388 1777 velut
408 1736 519 1777 haud
543 1736 628 1777 ulla
658 1750 778 1777 mora
810 1750 968 1791 pugnae
1006 1736 1150 1776 futura
1181 1744 1304 1786 esset,
1327 1735 1461 1776 aciem
1494 1736 1562 1777 in·

123 1792 274 1834 struit:
305 1793 472 1844 deinde,
495 1802 723 1848 postquam
755 1807 882 1834 nemo
913 1793 1064 1833 obvius
1097 1792 1202 1843 ibat,
1225 1791 1391 1832 infestis
1426 1792 1559 1848 signis

121 1848 174 1889 ad
208 1858 347 1890 castra
377 1849 566 1891 hostium
599 1850 803 1891 succedit.
836 1850 895 1890 ibi
928 1858 975 1890 ut
1005 1849 1183 1890 militem
1217 1849 1260 1889 in
1292 1848 1402 1889 vallo
1437 1849 1560 1901 vidit,

120 1905 324 1961 missique
345 1907 398 1947 ab
421 1907 537 1947 omni
562 1915 679 1962 parte
700 1906 984 1962 exploratum,
1006 1920 1133 1962 quam
1170 1905 1214 1946 in
1246 1905 1454 1961 exiguum
1485 1921 1557 1947 or·-

122 1962 219 2003 bem
241 1972 462 2004 contracta
481 1973 622 2005 castra
642 1973 798 2014 essent,
819 1964 1078 2018 paucitatem
1103 1962 1201 2003 inde
1225 1962 1414 2005 hostium
1437 1962 1559 2003 colli-

122 2028 287 2074 gentes,
319 2021 578 2073 retulerunt3
615 2020 793 2061 fremere
827 2020 964 2061 omnis
998 2020 1124 2070 acies,
1160 2018 1434 2074 complendas
1466 2033 1558 2060 esse

118 2075 253 2117 fossas
289 2077 653 2132 scindendumque
688 2076 860 2128 vallum,
890 2085 934 2117 et
965 2077 1008 2117 in
1044 2085 1182 2117 castra
1203 2075 1551 2132 inrumpendum.

161 2155 201 2187 63
225 2154 372 2196 Eximio]
398 2156 471 2186 Vid.
490 2161 560 2188 not.
578 2159 630 2188 52.
643 2156 684 2187 ad
701 2166 729 2187 c.
746 2160 776 2190 7.
793 2156 814 2188 l.
861 2156 945 2195 quod
958 2157 990 2185 in
1007 2165 1040 2185 eo
1062 2157 1124 2185 loco
1143 2159 1338 2194 generatum
1359 2160 1449 2193 esset,
1465 2157 1554 2187 intra

55 2210 65 2211 s
120 2199 147 2229 1.
859 2209 953 2238 quem
981 2199 1085 2228 clausi
1111 2203 1206 2228 erant
1236 2199 1292 2237 qui
1322 2199 1554 2230 obsidebantur.

164 2242 205 2276 69
229 2241 344 2272 Privis
369 2242 500 2282 tunicis]
535 2243 649 2273 Potest
673 2242 814 2282 exponi:
859 2242 1020 2272 Observat
1046 2241 1129 2271 Plin.
1147 2242 1168 2271 l.
1184 2241 1293 2271 xxn.
1318 2251 1346 2271 e.
1370 2245 1402 2272 4.
1428 2247 1554 2273 ceteras

120 2294 193 2323 quae
209 2294 278 2315 suae
301 2285 461 2324 cujusque
484 2286 678 2325 ae'propriae
694 2286 815 2316 forent.
860 2295 996 2315 coronas
1012 2285 1052 2314 ab
1076 2286 1275 2325 imperatore
1298 2284 1460 2315 militibus
1483 2285 1553 2315 dari

119 2329 173 2358 Sic
189 2328 271 2358 Hor.
288 2328 350 2368 Ep.
371 2332 398 2358 l.
414 2328 436 2358 1.
452 2329 478 2358 1.
524 2329 631 2369 ‚Quem
644 2329 732 2359 ducit
741 2331 815 2368 pri-
858 2329 985 2366 solitas,
1000 2327 1086 2358 hane
1102 2328 1207 2358 solam
1230 2338 1249 2357 a
1271 2327 1432 2358 militibus
1448 2329 1562 2368 impe--

119 2381 161 2401 va
175 2373 329 2402 triremis.
375 2371 439 2401 Sed
455 2381 558 2411 quum
583 2371 653 2401 haec
677 2382 737 2402 vox
756 2382 813 2401 ne-
857 2372 970 2402 ratori.

120 2415 261 2445 cessaria
277 2424 343 2444 non
358 2415 402 2444 sit
424 2415 486 2445 hoc
508 2415 593 2452 loco,
609 2424 748 2454 eamque
764 2416 813 2454 ig·
891 2418 929 2449 71
950 2415 1113 2445 Sextarios
1126 2415 1208 2454 vim]
1229 2413 1399 2444 Sea-tarius
1413 2418 1465 2444 est
1479 2423 1552 2443 sex-

120 2464 240 2488 not-ent
255 2458 400 2497 quinque
417 2468 434 2488 e
448 2458 568 2488 nostris
581 2459 724 2498 scriptis,
737 2468 811 2488 eam
855 2462 892 2488 ta
916 2468 990 2498 pars
1017 2459 1140 2497 congii,
1167 2457 1370 2497 proindeque
1398 2457 1552 2496 capiebat

118 2499 262 2531 libenter
277 2501 474 2532 deleremus.
853 2501 928 2541 plus
966 2501 1131 2531 sexdecim
1168 2501 1235 2530 vini
1261 2501 1388 2530 uncias.
1432 2501 1550 2539 Itaque

162 2547 204 2578 70
233 2545 447 2575 Gmmineam
468 2553 615 2575 coronam
638 2544 811 2574 obsidiona-
854 2549 990 2583 superat
1012 2554 1085 2574 eam
1109 2553 1311 2581 mensuram,
1328 2552 1428 2582 quam
1454 2553 1551 2573 voca-

121 2586 197 2627 lem]
221 2587 429 2619 Obsidionalz's
442 2597 565 2618 corona
577 2592 634 2624 est,
651 2588 761 2626 inquit
771 2588 810 2617 A.
854 2597 928 2617 mus
944 2589 1082 2627 chopine.

119 2629 241 2661 Geu.1.
263 2631 303 2662 V.
329 2641 357 2661 c.
382 2631 412 2662 6.
433 2641 533 2671 quam
555 2633 592 2669 ii,
609 2632 664 2670 qui
685 2631 811 2660 liberati
897 2632 938 2664 72
961 2631 1053 2670 Qua,
1071 2629 1235 2670 fugatus]
1274 2629 1350 2670 Qua
1377 2629 1547 2660 fortunam

118 2677 194 2703 sune
209 2675 249 2704 ab
262 2675 427 2713 obsidione,
439 2676 520 2706 dant
534 2676 562 2704 ei
576 2675 651 2704 duci
664 2675 719 2713 qui
736 2675 809 2704 libe·
854 2674 995 2713 experiri
1020 2673 1140 2703 statuit
1167 2674 1193 2702 is
1224 2673 1388 2703 exercitus
1419 2673 1546 2702 Samni·

118 2717 214 2745 ravit.
261 2716 319 2747 Ea
339 2727 454 2749 corona
472 2719 650 2757 graminea
675 2721 738 2747 est.-
761 2717 811 2746 oh·
853 2717 953 2754 tium,
971 2717 1026 2756 qui
1050 2726 1070 2748 a
1084 2716 1131 2747 M.
1146 2715 1279 2747 Valerio
1300 2716 1390 2757 prius
1413 2716 1547 2756 fugatus

114 2761 300 2800 servarique
309 2762 450 2802 solitum,
462 2766 499 2792 ut
502 2761 604 2802 fieret
615 2771 631 2792 e
644 2761 811 2801 gramine,
853 2759 974 2790 fuerat.

893 2801 1003 2845 Ff4

1574 1323 1773 1354 Samnitibus
