1991 3250
369 91 420 123 64
913 87 1053 127 T1T1
1090 87 1283 126 mvn·-

367 193 415 228 ut
445 193 545 227 ante
574 185 738 228 dictum
771 194 850 238 est,
878 187 975 229 duae
1005 187 1175 238 Tulliae,
1205 187 1318 251 regis
1350 185 1466 237 filiae,
1488 196 1734 250 nupserant,
1759 198 1804 234 et

364 243 472 298 ipsae
503 243 632 299 longe
653 244 844 309 dispares
875 245 1084 286 moribus.
1145 245 1273 286 Forte
1304 244 1365 284 ita
1386 243 1609 298 inciderat,
1631 261 1685 288 ne
1714 247 1802 290 duo

365 299 554 341 violenta
591 302 766 357 ingenia
801 302 1078 342 matrimonio
1110 301 1412 357 jungerentur,
1443 300 1627 354 fortuna,
1657 305 1801 369 credo,

362 357 511 420 populi
536 334 740 409 Romoani,
759 373 845 413 quo
868 359 1111 399 diuturnius
1135 358 1271 399 Servii
1293 372 1472 414 regnum
1494 369 1618 410 esset,
1640 362 1803 402 consti-

363 414 511 468 tuique
552 415 741 455 civitatis
773 429 911 455 mores
945 427 1132 470 possent.
1191 415 1447 471 Augebatur
1484 413 1607 457 ferox
1643 415 1800 469 Tullia,

362 470 515 511 ⁵²nihil
555 471 745 512 mateiiae
782 472 825 511 in
865 471 958 512 viro
997 485 1135 526 neque
1164 472 1218 513 ad
1249 472 1546 526 cupiditatem,
1576 486 1714 528 neque
1747 475 1803 516 ad

360 527 583 569 audaciam
608 542 721 568 esse·
713 560 724 578 ‚
758 535 848 568 tota
872 527 914 568 in
937 527 1116 569 alterum
1140 543 1260 569 versa
1280 528 1578 584 Tarquinium,
1599 544 1698 570 eum
1720 531 1802 572 mi-

359 586 456 634 rari,
479 598 575 624 eum
601 585 739 625 virum
773 583 930 634 dicere,
954 599 1003 625 ac
1027 585 1146 641 regio
1169 586 1379 641 sanguine
1400 596 1569 627 ortum:
1603 600 1803 641 spernere

359 655 562 690 sororem,
598 642 713 695 quod
761 641 898 681 virum
935 650 1063 682 nacta
1073 620 1297 683 ”muliebri
1335 644 1364 666 ⁵³
1387 653 1572 683 cessaret
1606 643 1800 686 audacia.

358 700 386 719 ³¹⁴
407 696 639 738 contrahit
660 697 853 738 celeriter
876 697 1112 740 similitudo
1135 713 1223 750 eOS,
1245 709 1293 739 ut
1315 698 1403 739 fere
1425 699 1474 739 fit
1497 699 1654 740 malum
1687 700 1802 742 malo

356 754 642 809 aptissimum.
689 755 762 795 sed
794 754 966 795 initium
999 755 1199 797 turbandi
1230 755 1378 796 omnia
1407 770 1432 796 a
1463 755 1624 798 femina
1654 768 1801 798 ortum

355 822 432 851 est.
497 810 572 862 Ea,
601 813 774 853 secretis
807 812 885 852 viri
917 811 1048 852 alieni
1075 811 1325 854 adsuefacta
1355 812 1641 864 sermonibus,
1671 814 1800 855 nullis

357 869 582 909 verborum
607 867 879 909 contumeliis
911 883 1101 924 parcere,
1132 872 1161 891 ⁵⁵
1177 869 1229 910 de
1253 869 1343 910 viro
1366 868 1419 910 ad
1443 868 1634 921 fratrem,
1655 870 1708 912 de
1729 885 1798 912 so-

354 939 446 966 rore
465 925 517 966 ad
542 926 707 978 virum3
737 935 781 967 et
803 939 847 966 se
869 925 1026 966 rectius
1050 926 1081 950 ⁵⁶
1098 925 1284 990 viduam,
1300 936 1344 966 et
1363 925 1481 966 illum
1506 925 1709 969 coelibem
1731 927 1801 969 fu-

353 991 497 1023 turum
515 982 645 1024 fuisse
659 983 933 1047 contendere,
948 996 1075 1037 quam
1093 997 1190 1024 cum
1207 981 1499 1039 inparijungi,
1515 982 1798 1039 utelangues-

352 1039 535 1080 cendum
559 1039 729 1080 aliena
718 1039 894 1096 ignavia
917 1049 1041 1080 esset.
1102 1039 1147 1081 Si
1170 1040 1252 1082 sibi
1274 1053 1387 1092 eum,
1410 1054 1496 1103 quo
1518 1040 1651 1096 digna
1671 1051 1798 1092 esset,

354 1095 429 1136 Dii
462 1095 680 1137 dedissent
711 1098 866 1147 vitum,
888 1097 1005 1137 domi
1039 1110 1082 1136 se
1113 1097 1362 1153 propediem
1398 1111 1583 1138 visuram
1615 1111 1799 1153 regnum

354 1152 498 1204 fuisse,
526 1154 641 1218 quod
674 1154 788 1217 apud
821 1163 986 1208 patrem
1019 1153 1176 1194 videat.
1237 1153 1447 1195 Celeriter
1477 1129 1798 1219 adolescentem

353 1224 441 1251 suae
466 1210 719 1252 temeritatis
742 1211 892 1267 inplet.
933 1210 1078 1251 Aruns
1100 1209 1358 1266 Tarquinius
1381 1219 1424 1250 et
1453 1210 1638 1252 ”Tullia
1656 1211 1798 1254 minor

353 1281 485 1323 prope
507 1268 772 1309 continuatis
804 1267 1026 1309 funeribus
1048 1281 1179 1322 quum
1208 1268 1359 1308 domos
1384 1281 1538 1308 vacuas
1560 1282 1674 1309 novo
1705 1283 1798 1309 ma·

353 1324 557 1366 trimonio
590 1325 806 1375 fecissent,
838 1324 1124 1380 ⁵³junguntur
1154 1325 1332 1380 nuptiis,
1359 1325 1498 1380 magis
1528 1338 1616 1367 non
1648 1325 1798 1381 prohi-

351 1381 482 1422 bente
505 1381 671 1430 Servio,
694 1396 823 1437 quam
845 1382 1128 1437 adprobante.

409 1438 605 1480 XLVII.
643 1438 753 1480 Tum
795 1453 895 1479 vero
931 1438 974 1478 in
1006 1438 1096 1479 dies
1135 1436 1378 1479 ⁵⁹1nfestior
1415 1435 1547 1478 Tullii
1585 1446 1798 1490 senectus,

352 1496 550 1537 infestius
570 1496 710 1552 coepit
727 1510 906 1553 regnum
925 1509 1030 1536 esse.
1046 1495 1141 1551 jam
1154 1495 1270 1536 enim
1289 1496 1344 1536 ab
1363 1493 1520 1536 scelere
1536 1494 1613 1535 adr
1633 1495 1667 1518 ⁶⁰
1681 1495 1799 1538 aliud

353 1563 546 1618 spectare
574 1554 726 1595 mulier
749 1530 909 1594 scelus:
950 1566 1028 1593 nec
1051 1561 1193 1616 nocte,
1219 1566 1296 1593 nec
1318 1550 1505 1593 interdiu
1528 1551 1669 1593 virum
1691 1566 1798 1594 eon-

350 1611 567 1665 quiescere
588 1610 692 1666 pati,
714 1625 768 1651 ne
789 1609 979 1666 gratuita
1001 1609 1218 1665 praeterita
1240 1608 1468 1665 parricidia
1488 1616 1644 1649 essent.
1697 1607 1795 1650 Non

348 1666 426 1709 sibi
443 1666 625 1724 defuisse,
649 1668 677 1691 ⁶¹
696 1668 760 1709 cui
781 1674 907 1723 nupta
930 1666 1141 1717 diceretur,
1159 1680 1228 1708 nec
1250 1681 1340 1708 cum
1356 1679 1433 1722 quo
1453 1664 1580 1705 tacita
1598 1665 1795 1709 serviret·

880 1759 894 1778 y
916 1751 958 1782 ad
970 1751 1030 1783 del.
1047 1753 1146 1782 Gron.
1160 1752 1253 1782 Crev.

148 420 257 449 Tulliae
271 432 336 452 am·

147 462 235 494 bitin.

136 1327 236 1356 Nubit
251 1337 333 1357 soro—

138 1372 180 1399 ris
195 1371 270 1400 viro.

135 1568 280 1599 Violenta

135 1612 202 1648 ‘jus
217 1623 290 1643 con-

136 1659 215 1690 silia.

392 1830 458 1861 5⁶3³*
470 1831 567 1860 stim
597 1830 758 1869 materiae]
795 1829 890 1860 Nihil
915 1829 950 1859 in
987 1829 1048 1859 viri

347 1874 482 1912 ingenio
498 1875 633 1914 reperiri
649 1884 689 1904 ex
706 1874 762 1904 illo
778 1872 894 1904 habitu
910 1875 1048 1911 mentis,

347 1919 402 1956 qui
419 1917 510 1947 velut
534 1919 675 1948 materia
690 1921 742 1947 est
757 1917 798 1948 ad
814 1916 1047 1957 cupiditatem,

346 1961 388 1990 ad
404 1959 578 1991 audaciam
595 1961 796 1993 inflammari
819 1960 948 1998 facilis·
978 1960 1049 1999 qui,

345 2004 387 2033 ad
404 2004 637 2044 cupiditatem,
655 2004 698 2035 ad
720 2004 893 2035 audaciam
910 2003 1048 2034 excitari

345 2052 380 2077 et
396 2047 529 2078 incendi
545 2048 641 2079 facile
657 2052 779 2088 potest.

390 2094 429 2122 53
452 2091 593 2122 Cesset-ret
603 2091 761 2132 audacia]
776 2091 927 2122 Cessaret
938 2091 979 2122 ab
990 2100 1050 2121 au-

345 2135 453 2171 dacia,
468 2140 597 2166 careret
611 2135 760 2166 audacia.
805 2135 931 2166 Eodem
951 2134 1050 2165 modo

344 2179 525 2218 supprimit
547 2179 816 2220 praepositionem
844 2179 1001 2209 Lucanus
1025 2178 1046 2208 l.

345 2222 402 2253 IV.
420 2231 449 2250 v.
468 2225 520 2253 24.

389 2265 516 2297 Prima
530 2266 596 2297 dies
613 2266 684 2296 belli
700 2266 832 2297 cessavit
843 2264 955 2296 Marte
969 2274 1046 2296 cru-

436 2314 518 2339 ento.

348 2353 525 2383 Possumus
562 2356 677 2382 tamen
709 2352 870 2392 suspicari
908 2351 1041 2382 Livium

344 2396 512 2436 scripsisse
526 2406 547 2426 (ι
560 2396 711 2426 muliebri
724 2401 861 2427 cessaret
877 2396 1019 2426 audacia
1028 2408 1038 2428 ,·

344 2449 382 2469 ac
408 2440 676 2480 pra’positionem
700 2439 796 2470 obvid
821 2438 1041 2477 intercidisse,

345 2482 432 2521 quod
449 2493 509 2513 vox
526 2482 716 2523 praecedens
733 2487 831 2513 nacta
848 2483 964 2513 eadem
982 2481 1039 2512 lit-

345 2532 418 2556 tera
445 2527 592 2556 finiatur.
640 2526 739 2556 Porro
773 2535 839 2556 non
875 2532 927 2556 est
951 2525 1039 2564 quod

345 2569 519 2607 quisquam
553 2571 693 2600 miretur
723 2579 742 2599 a
773 2569 912 2600 muliere
939 2578 1041 2609 supra

345 2612 482 2642 modurn
502 2613 618 2643 nudavi
637 2612 811 2643 audaciam
830 2613 942 2644 haberi
967 2622 1041 2643 mu-

346 2655 466 2686 livi-vin
485 2657 664 2695 propriam.

390 2701 430 2729 52
462 2700 629 2729 chatz-alat
657 2699 816 2739 celeriter]
861 2699 926 2730 Eos
955 2700 1046 2730 simi-

347 2741 465 2779 litudo,
492 2742 578 2780 qnod
607 2742 704 2781 vulgo
733 2743 866 2780 accidit,
894 2742 1049 2773 celeriter

347 2785 526 2821 contrahit,
550 2790 667 2825 utpote
691 2787 880 2825 aptissimos
911 2787 971 2819 sibi
996 2787 1046 2820 in-

346 2829 466 2868 vicem,
482 2830 560 2869 quia
577 2837 715 2870 uterquc
731 2828 850 2861 malus.

1137 1831 1178 1859 55
1201 1829 1257 1860 De
1266 1829 1334 1859 viro
1348 1829 1392 1860 ad
1395 1827 1563 1870 fratrem]
1583 1830 1708 1872 Supple
1726 1830 1799 1862 viri.

1093 1872 1145 1904 De
1161 1882 1265 1902 sorore
1278 1873 1325 1902 ad
1336 1874 1458 1911 virum,
1474 1874 1592 1915 supple
1608 1875 1739 1905 sororis.

1137 1916 1179 1947 56
1203 1915 1360 1956 Viduam]
1386 1916 1510 1956 Vidua,
1533 1918 1560 1948 si
1578 1917 1797 1956 jurisconsul-

1091 1959 1136 1990 tis
1159 1959 1348 1998 credamus,
1373 1969 1439 1990 non
1464 1971 1503 1991 ea
1525 1960 1633 1992 solum
1657 1961 1795 1998 dicitnr,

1093 2012 1167 2042 quae
1189 2003 1260 2033 viro
1285 2003 1400 2034 orbata
1423 2007 1488 2042 est,
1509 2004 1567 2035 sed
1595 2009 1630 2034 et
1655 2013 1695 2035 ea
1722 2014 1798 2044 quae

1093 2056 1265 2086 nunquam
1282 2048 1408 2086 nupsit.

1137 2092 1177 2124 57
1203 2089 1317 2121 Tullia
1343 2089 1463 2131 minor]
1496 2090 1619 2131 Major,
1645 2100 1686 2121 ex
1715 2091 1798 2122 Dio·

1094 2134 1178 2174 nysii
1201 2134 1380 2171 sententia,
1396 2135 1452 2173 qui
1467 2133 1615 2165 Tulliam
1635 2135 1799 2174 majorem

1091 2177 1208 2217 majori
1222 2177 1404 2216 Tarquinio
1421 2178 1539 2215 Lucio,
1556 2178 1718 2209 minorem
1735 2177 1810 2208 mi-‘

1091 2222 1163 2251 nori
1179 2220 1300 2251 Arunti
1315 2221 1465 2261 nupsisse
1480 2221 1594 2253 tradit.

1135 2268 1175 2295 52
1198 2263 1413 2304 «Iunguntur-J
1453 2264 1494 2295 L.
1522 2265 1724 2304 Tarquinius
1757 2267 1793 2296 et

1090 2307 1203 2338 Tullia
1219 2307 1335 2338 altera.

1132 2354 1172 2386 59
1197 2349 1364 2391 Irgfestior]
1391 2349 1559 2382 Audacius
1581 2351 1793 2391 impugnata.

1087 2394 1288 2425 Proesentius
1313 2395 1386 2434 jam
1415 2395 1446 2425 ei
1474 2394 1574 2434 coepit
1602 2394 1791 2434 periculum

1088 2437 1292 2478 impendere.

1128 2482 1170 2512 60
1192 2482 1296 2512 Aliud
1308 2479 1466 2522 spectare]
1495 2480 1701 2521 Campanus,
1716 2481 1787 2512 An-

1083 2526 1191 2562 dreas,
1215 2529 1249 2555 et
1274 2525 1401 2563 aliquot
1423 2524 1580 2554 Gronovii
1604 2524 1733 2556 codices
1747 2526 1794 2556 ad

1084 2569 1189 2600 aliud.
1235 2567 1409 2599 Accedunt
1423 2570 1566 2606 quatuor
1581 2577 1599 2598 e
1621 2569 1753 2598 nostris.

1129 2611 1199 2642 Gi*
1214 2610 1273 2641 Cui
1301 2615 1405 2650 nupta
1427 2609 1603 2650 diceretur]
1645 2611 1793 2642 Observa

1090 2656 1227 2686 verbum
1245 2655 1418 2685 diceretur.
1453 2653 1555 2693 Cujus
1575 2654 1648 2686 haee
1664 2654 1712 2685 vis
1729 2660 1793 2692 est,

1090 2705 1129 2729 nt
1143 2697 1256 2730 Tullia
1270 2707 1304 2727 se
1321 2707 1397 2728 cum
1420 2697 1538 2738 impari
1549 2699 1719 2738 junctam,
1735 2707 1794 2728 no-

1091 2743 1181 2773 mine
1197 2745 1309 2782 tcnuS,
1323 2750 1391 2774 non
1405 2750 1439 2773 re
1455 2746 1597 2784 nuptam
1608 2741 1708 2773 fuisse
1723 2741 1793 2772 exi-

1091 2786 1218 2818 stimet.
