1925 3239
470 98 592 156 ΜΒ.
622 117 728 156 V111.
773 115 904 153 cAP.
931 114 1117 153 xxvln.
1429 117 1502 151 481

80 211 266 255 Publilio
287 212 528 268 triumphus
549 213 765 263 decretus;
797 210 956 266 ⁵⁹quod
978 210 1079 251 satis
1103 209 1367 259 credebatur,
1390 210 1504 250 obsi·
1519 215 1560 246 U.
1579 213 1616 245 C.
1632 214 1705 248 429.

77 270 205 310 dione
225 270 411 310 domitos
434 270 575 310 hostes
598 269 640 310 in
663 269 789 310 fidem
810 268 987 308 venisse.
1039 265 1140 307 Duo
1160 266 1390 321 singularia
1413 268 1505 307 haec
1520 259 1556 289 A.
1574 257 1611 289 C.
1627 259 1701 290 3²⁷3·

75 326 113 366 ei
140 327 228 366 viro
252 327 433 381 primum
465 326 714 381 contigere3
756 325 1002 380 prorogatio
1033 323 1201 378 imperii
1225 337 1309 362 non
1332 333 1430 363 ante
1462 324 1504 363 in

76 381 162 422 ullo
186 382 313 432 facta,
334 384 366 406 ⁶0
379 394 422 423 et
443 392 538 423 acto
563 381 722 423 honore
744 381 1000 437 triumphus.

135 438 341 480 XXVII.
373 438 500 479 Aliud
524 438 703 479 subinde
725 437 883 478 bellum
907 452 1003 478 cum
1026 435 1196 477 alterius
1218 450 1304 475 orae
1338 435 1505 476 Graecis

75 504 290 537 exortum.
314 510 495 551 uanique
511 495 746 545 Tarentini,
764 509 895 549 quum
918 508 1003 535 rem
1025 491 1377 547 Palaepolitanam
1400 504 1703 535 vana'rarentino-

78 566 153 606 spe
191 552 339 593 auxilii
376 552 636 607 aliquamdiu
674 552 987 601 sustinuissent,
1022 559 1248 605 postquam
1286 548 1505 589 Romanos
1520 547 1699 596 ruxuindig-

80 609 184 649 urbe
233 609 392 664 potitos
433 623 649 664 accepere,
690 608 807 649 velut
847 607 1056 658 destituti,
1090 622 1140 647 ac
1181 620 1266 646 non
1309 606 1381 660 qui
1425 607 1504 660 ipsi
1519 590 1719 663 &saxono

83 665 388 716 destituissent,
419 665 639 720 increpare
677 664 1037 721 Palaepolitanos:
1086 663 1149 704 ira
1182 671 1311 718 atque
1347 663 1511 703 invidia

77 720 121 761 in
157 720 374 763 Romanos
410 722 572 774 furere3
620 737 669 763 eo
708 723 853 772 etiam,
891 722 1004 776 quod
1040 720 1235 761 Lucanos
1271 728 1313 759 et
1342 718 1508 775 Apulos

79 781 198 830 (nam
227 789 404 833 utraque
435 793 486 819 eo
527 793 639 819 anno
676 779 856 820 societas
892 787 1041 833 coepta
1081 778 1163 826 est)
1197 776 1239 816 in
1273 776 1399 816 fldem
1432 790 1509 831 po-

79 833 169 888 puli
202 834 383 875 Romani
418 836 580 876 venisse
612 835 798 877 adlatum
828 844 905 876 est.
937 835 1083 890 quippe
1104 832 1390 888 propemodum
1412 847 1510 887 per-

81 897 242 931 ventum
279 891 335 932 ad
371 905 409 932 se
447 907 554 933 esse.-
589 894 762 948 jamque
800 891 844 932 in
883 905 925 932 eo
973 906 1057 932 rem
1091 889 1205 945 jore,
1245 896 1291 929 ut
1332 887 1512 929 Romani

79 954 154 987 aut
190 946 331 998 hostes,
371 955 444 988 aut
484 948 635 990 domini
674 948 847 990 habendi
886 949 983 988 sint.
1060 945 1294 987 Discrimen
1326 944 1510 1001 profecto

83 1017 215 1044 rerum
245 1019 411 1045 suarum
443 1005 486 1046 in
514 1005 615 1046 bello
643 1005 890 1046 Samnitium
913 1010 1129 1059 eventuque
1161 1004 1245 1058 ejus
1276 1003 1394 1043 verti.
1424 1018 1511 1043 eam

81 1059 210 1101 solam
239 1068 395 1117 gentem
430 1069 595 1112 restare,
621 1077 688 1103 nec
720 1077 805 1102 eam
835 1062 961 1117 ipsam
994 1062 1089 1101 satis
1125 1058 1321 1110 validam,
1352 1059 1511 1113 qnando

85 1115 278 1158 Lucanus
305 1117 509 1174 defecerit.
548 1133 663 1174 quem
691 1119 872 1159 revocari
908 1117 1053 1167 adhuc,
1088 1115 1304 1171 inpellique
1332 1115 1388 1155 ad
1415 1115 1512 1156 abo-

83 1171 241 1214 leudam
278 1176 504 1216 societatem
540 1175 774 1217 Romanam
800 1189 928 1230 posse,
951 1175 984 1214 si
1014 1188 1094 1229 qua
1126 1188 1192 1213 ars
1227 1171 1400 1213 serendis
1430 1172 1514 1213 dis-

82 1230 233 1271 cordiis
248 1231 503 1272 adhibeatur.
565 1232 677 1273 Haec
698 1232 876 1272 consilia
896 1246 1026 1286 quum
1050 1230 1162 1286 apud
1179 1230 1355 1284 cupidos
1374 1243 1512 1269 rerum

83 1288 373 1328 novandarum
406 1288 661 1340 valuissent3
703 1303 756 1328 ex
784 1289 1012 1342 juventute
1044 1288 1216 1341 quidam
1244 1286 1511 1326 Lucanorum
1527 1294 1692 1324 concitant

86 1344 224 1398 pretio
256 1344 423 1394 adsciti,
455 1345 556 1385 clari
590 1345 726 1400 magis
759 1345 869 1385 inter
899 1344 1138 1399 populares,
1168 1358 1296 1397 quam
1328 1343 1512 1391 honesti,
1527 1339 1675 1368 Lucanos.

87 1401 194 1440 inter
228 1415 271 1441 se
302 1400 476 1442 mulcati
510 1402 590 1456 ipsi
614 1402 756 1456 virgis,
778 1416 910 1456 quum
937 1415 1117 1455 corpora
1139 1400 1251 1440 nuda
1273 1399 1515 1439 intulissent

87 1455 130 1496 in
151 1457 310 1497 civium
333 1468 514 1507 coetum,
538 1458 757 1499 vociferati
786 1466 898 1508 sunt,
919 1472 977 1508 se,
997 1457 1112 1511 quod
1146 1465 1284 1497 castra
1318 1455 1516 1496 Romana

85 1513 251 1568 ingredi
273 1515 363 1554 ausi
396 1524 551 1565 essent,
572 1530 597 1555 a
616 1514 790 1555 consule
821 1514 951 1569 virgis
973 1528 1121 1564 caeSOS,
1145 1528 1195 1553 ac
1224 1527 1356 1567 prope
1379 1513 1515 1553 securi

86 1583 306 1623 percussos
326 1585 431 1612 esse.
492 1571 710 1612 Deformis
743 1581 892 1626 suapte
915 1580 1064 1611 natura
1091 1583 1154 1610 res
1177 1584 1308 1624 quum
1330 1569 1516 1623 speciem

87 1626 256 1681 injuriae
285 1628 437 1683 magis,
459 1642 586 1682 quam
619 1628 720 1679 doli,
744 1642 832 1682 prae
867 1642 910 1667 se
931 1627 1071 1678 ferret,
1093 1625 1298 1668 concitati
1322 1625 1517 1666 homines

85 1693 250 1738 cogunt
281 1683 463 1725 clamore
494 1699 572 1725 suo
603 1685 875 1740 magistratus
912 1692 1107 1725 senatum
1138 1697 1316 1723 vocare:
1360 1690 1403 1722 et
1429 1682 1516 1732 alii,

85 1739 409 1781 circumstantes
439 1741 686 1792 concilium,
709 1741 864 1781 bellum
888 1740 930 1781 in
964 1740 1183 1781 Romanos
1204 1748 1412 1794 poscunt:
1444 1738 1516 1779 alii

85 1796 138 1837 ad
157 1797 456 1855 concitandam
474 1798 518 1838 in
531 1813 648 1838 arma
660 1798 978 1839 multitudinem
1000 1797 1231 1852 agrestium
1251 1796 1515 1836 discurrunt:

86 1853 358 1908 tumultuque
377 1855 506 1895 etiam
529 1869 654 1895 sanos
686 1857 715 1880 ⁶¹
731 1861 1030 1896 consternante
1062 1854 1241 1903 animm,
1260 1853 1517 1902 decernitur,

87 1918 136 1950 ut
158 1909 338 1951 societas
370 1926 469 1952 cum
491 1912 754 1953 Samnitibus
774 1921 1073 1961 renovaretur3
1103 1910 1317 1965 legatique
1338 1910 1388 1949 ad
1422 1923 1517 1949 eam

89 1979 177 2007 rem
211 1967 478 2009 mittuntur¹.
539 1967 783 2024 Repentina
803 1983 867 2009 res
889 1973 921 1995 ⁶2
933 1969 1033 2023 quia
1053 1981 1181 2021 quam
1210 1980 1401 2007 caussam
1425 1965 1518 2006 nul·

88 2021 188 2073 lam,
211 2032 298 2064 tam
320 2039 373 2065 ne
391 2025 516 2066 fidem
540 2026 713 2080 quidem
735 2026 935 2076 habebat,
957 2024 1094 2065 coacti
1125 2038 1149 2064 a
1179 2023 1443 2063 Samnitibus
1475 2030 1518 2062 et

89 2079 260 2121 obsides
295 2081 410 2132 dare,
439 2091 481 2122 et
518 2083 718 2136 praeaesidia
751 2083 795 2122 in
831 2082 926 2122 loca
962 2081 1127 2122 munita
1163 2079 1370 2134 accipere,
1411 2079 1516 2120 eaeci

90 2135 239 2177 fraude
287 2147 331 2178 et
378 2138 441 2178 ira
479 2138 588 2179 nihil
627 2147 892 2179 recusarunt.
953 2137 1153 2178 Dilucere
1202 2136 1357 2176 deinde
1400 2136 1518 2176 brevi

90 2191 206 2232 fraus
235 2194 386 2248 coepit,
408 2204 632 2250 postquam
655 2196 882 2236 criminum
911 2193 1114 2234 falsorum
1136 2201 1328 2234 auctores
1359 2191 1519 2233 Taren·

92 2256 184 2289 tum
206 2251 570 2306 commigravere:
602 2252 690 2303 sed,
711 2253 866 2292 amissa
885 2250 1002 2291 omni
1025 2251 1076 2290 de
1100 2264 1142 2290 se
1167 2257 1392 2305 potestate,
1413 2248 1520 2289 nihil

94 2304 217 2356 ultra,
238 2321 366 2361 quam
388 2316 436 2347 ut
456 2307 689 2361 poeniteret
708 2308 878 2355 frustra,
900 2307 1100 2347 restabat.

151 2361 384 2404 XXVIII.
416 2362 480 2404 Eo
522 2378 634 2404 anno
674 2364 785 2419 plebi
821 2364 1030 2404 Romanae
1060 2362 1176 2403 velut
1206 2361 1317 2403 aliud
1350 2360 1520 2402 initium
1560 2372 1564 2376 ·

589 2462 604 2478 ¹
626 2460 792 2488 mittantur
807 2459 904 2487 Gron.
919 2458 1010 2486 Crev.

141 2532 181 2564 59
204 2530 300 2570 ‚Quod
332 2533 410 2562 satis
439 2533 643 2574 credebatur]
679 2534 789 2573 Quod,
831 2538 918 2563 tum.
965 2532 1040 2561 Huc
1057 2539 1160 2569 usque
1184 2538 1282 2559 nemo
1306 2528 1368 2557 nisi
1393 2528 1426 2557 in
1451 2536 1522 2556 ma-

96 2573 160 2602 etsi
185 2573 357 2613 Palaepolis
384 2576 414 2605 vi
441 2580 540 2615 capta
569 2586 635 2605 non
665 2577 789 2613 fuerat,
833 2577 975 2615 gistratu
990 2574 1264 2613 triumphaverat.

96 2620 211 2654 tamen
228 2619 309 2647 satis
325 2618 523 2649 credebatur
540 2619 709 2649 obsidione
733 2620 790 2650 do·
876 2619 912 2648 61
946 2617 1188 2654 Constemame]
1225 2614 1276 2645 Ad
1300 2614 1446 2643 furorem
1470 2613 1523 2642 in-

100 2659 201 2698 mitos
226 2659 336 2691 hostes
365 2671 434 2692 esse
459 2667 491 2691 et
518 2663 559 2692 ad
586 2662 789 2692 deditionem
834 2663 972 2692 citante.

103 2702 312 2741 compulsos:
362 2709 460 2744 atque
499 2706 580 2735 adeo
616 2706 789 2736 victoriam
878 2703 1058 2744 6⁶2*‚Qu2‘a,
1088 2712 1186 2741 quam
1216 2700 1348 2731 causam
1377 2697 1521 2736 maltam]

100 2744 188 2774 hanc
202 2746 372 2787 triumpho
389 2758 454 2778 non
473 2749 642 2787 indignam
660 2758 742 2779 esse.
837 2747 936 2786 Quia,
953 2746 1231 2785 quemadmodum
1247 2753 1381 2773 causam
1398 2741 1524 2771 nullam

143 2788 184 2818 60
207 2787 257 2819 Ee
282 2795 351 2820 acto
376 2793 488 2822 honore
513 2793 715 2832 triumphus]
750 2791 794 2821 Et
837 2790 1049 2828 habebat,ita
1061 2798 1103 2819 ne
1115 2787 1277 2819 credibilis
1291 2785 1424 2826 quidem
1439 2783 1527 2815 vide·

102 2831 294 2870 triumphus
329 2837 404 2873 post
435 2842 592 2867 exactum
621 2836 794 2874 magistra—
837 2833 948 2882 batur.

156 2886 324 2916 voL.1.
881 2889 898 2917 1
920 2889 933 2916 1
