1969 3239
540 134 543 137 ·
596 118 716 156 LIB.
744 118 811 175 VI.
847 116 974 155 CAP.
1002 115 1134 154 XXX.
1497 119 1571 159 381

148 233 306 278 magno
342 220 574 263 certamine
610 220 760 276 captis,
797 217 978 259 Velitras
1018 218 1230 258 exercitus
1271 217 1438 258 ductus.
1498 217 1573 260 Eae
1589 235 1628 266 U.
1649 233 1685 264 C.
1702 238 1775 268 375.

151 293 322 333 quoque
343 287 620 334 expugnatae.
651 287 743 318 tum
775 276 828 316 ad
850 284 980 329 caput
1003 274 1103 315 belli
1136 274 1352 315 Praeneste
1384 284 1573 315 ventum.
1588 279 1628 308 A.
1645 278 1681 309 C.
1699 281 1776 312 377-

152 334 202 376 ld
224 349 308 376 non
333 337 389 385 vi,
412 337 482 375 sed
508 348 580 390 per
600 333 876 382 deditionem,
898 340 1114 386 receptum
1139 340 1217 370 est.
1253 329 1304 370 T.
1328 331 1574 380 Quinctius,

150 392 278 432 semel
299 393 391 432 acie
424 393 574 442 victor,
597 390 707 430 binis
737 390 886 429 castris
918 388 1122 437 hostium,
1145 401 1299 427 noveru
1332 387 1501 442 oppidis
1535 388 1575 428 vi

147 449 301 503 captis,
326 447 544 489 Praeneste
576 448 618 488 in
648 446 908 487 deditionem
941 453 1136 499 accepto,
1160 444 1343 484 Romam
1376 444 1573 485 revertit:

148 505 501 560 triumphansque
519 504 705 559 signum,
727 501 946 543 Praeneste
968 501 1208 550 devectum,
1229 500 1352 542 Jovis
1387 499 1576 554 Impera-
1587 508 1712 545 Jupster
1728 509 1786 537 lm-

153 562 254 601 toris
278 563 318 602 in
345 560 604 617 Capitolium
629 559 741 599 tulit.
787 558 1043 598 Dedicatum
1067 567 1132 597 est
1149 558 1259 597 inter
1281 556 1430 598 cellam
1454 557 1575 598 Jovis
1590 556 1725 590 perator.

149 632 198 658 ac
223 617 459 669 Minervae3
493 616 719 670 tabulaque
755 616 834 655 sub
867 630 917 655 co
952 614 1054 665 fixa,
1077 624 1404 654 monumentum
1439 627 1576 654 rerum

151 683 379 729 gestarum,
400 674 466 714 his
490 673 620 714 ferme
645 674 778 713 incisa
811 672 941 712 literis
973 671 1078 711 fuit:
1122 671 1283 724 Jupiter
1315 677 1434 725 atque
1472 669 1578 710 Divi

150 745 279 771 omnes
298 730 367 772 hoc
388 730 594 780 dederunt,
617 736 660 770 ut
693 728 740 770 Τ.
766 726 982 770 Quinctius
1011 727 1188 768 dictator
1218 730 1247 753 2⁷
1263 727 1409 781 oppida
1441 741 1580 767 novem

149 794 318 842 caperet.
378 786 463 828 Die
481 787 683 827 vicesimo
696 790 724 838 ³,
746 800 872 840 quam
896 793 1061 826 creatus
1083 793 1187 834 erat,
1209 783 1420 824 dictatura
1441 797 1484 823 se
1505 784 1580 823 ab-

151 844 323 885 dicavit.

208 900 370 942 XXX.
402 899 594 940 Comitia
625 899 722 941 inde
751 898 899 939 habita
927 897 1195 938 tribunorum
1220 896 1402 937 militum
1425 911 1580 938 consu-

147 956 221 998 lari
249 966 483 1013 potestate3
524 957 677 1011 quibus
707 967 899 1010 aequatus
933 955 1205 1010 patriciorum
1231 953 1581 1008 plebeiorumque

147 1028 360 1054 numerus.
422 1012 489 1053 Ex
514 1013 713 1053 Patribus
735 1012 865 1053 creati
890 1011 938 1051 P.
961 1021 1003 1051 et
1028 1012 1080 1052 C.
1105 1010 1275 1059 Manlii,
1297 1025 1395 1050 cum
1432 1010 1478 1050 L.
1501 1010 1578 1052 Ju-
1592 1022 1633 1053 U.
1651 1022 1687 1053 C.
1704 1024 1780 1057 376.

145 1070 228 1112 lio:
260 1071 404 1125 plebes
428 1070 479 1110 C.
503 1070 744 1120 Sextilium,
768 1069 835 1110 M.
857 1068 1096 1118 Albinium,
1120 1067 1168 1107 L.
1190 1067 1425 1107 Antistium
1448 1067 1577 1107 dedit.
1592 1066 1628 1095 A.
1649 1066 1685 1095 C.
1702 1068 1777 1100 376·

147 1126 338 1179 Manliis,
371 1127 484 1182 quod
525 1140 679 1181 genere
719 1126 922 1181 plebeios,
964 1125 1102 1180 gratia
1139 1123 1302 1165 Julium
1344 1111 1719 1181 anteibassssgifsslffg

147 1183 291 1224 Volsci
322 1183 558 1240 provincia,
579 1185 610 1205 ‘²⁸
625 1183 715 1223 sine
746 1191 873 1232 sorte,
895 1182 985 1222 sine
1015 1180 1350 1235 comparatione,
1373 1189 1494 1221 extra
1514 1195 1579 1220 or·
1592 1197 1645 1225 ἃς,
1662 1173 1733 1225 Tn’

144 1241 287 1282 dinem
318 1241 441 1282 data:
473 1240 596 1295 cujus
626 1249 669 1280 et
698 1239 814 1293 ipsos
844 1239 1072 1293 postmodo
1103 1248 1146 1277 et
1176 1237 1339 1288 Patres,
1361 1237 1433 1292 qui
1455 1237 1580 1278 dede·
1594 1239 1664 1268 Mil.

142 1308 251 1348 rant,
296 1298 514 1353 poenituit.
574 1296 850 1350 Inexplorato
892 1294 1136 1350 pabulatum
1175 1294 1373 1335 cohortes
1415 1295 1581 1334 misere.

144 1355 299 1409 quibus
323 1354 436 1395 velut
456 1353 773 1403 circumventis,
795 1367 927 1407 quum
961 1352 1004 1392 id
1035 1351 1141 1392 falso
1174 1351 1423 1391 nunciatum
1458 1361 1584 1401 esset,

145 1412 263 1461 dum,
285 1411 484 1465 praesidio
509 1420 553 1452 ut
572 1418 728 1460 essent,
750 1409 870 1449 citati
893 1408 1100 1458 feruntur,
1122 1422 1176 1447 ne
1206 1417 1381 1448 auctore
1411 1407 1583 1462 quidem

145 1468 382 1518 adservato,
403 1467 476 1522 qui
498 1482 584 1518 eos,
606 1466 740 1507 hostis
765 1466 938 1506 Latinus
961 1480 1038 1520 pro
1070 1464 1204 1505 milite
1238 1464 1451 1514 Romano,
1474 1464 1583 1504 frus-

146 1533 281 1565 tratus
303 1535 406 1575 erat,
429 1525 508 1580 ipsi
528 1525 572 1565 in
595 1523 767 1564 insidias
802 1522 1137 1578 praecipitavere.
1197 1520 1267 1562 Ibi
1299 1520 1402 1561 dum
1435 1521 1583 1576 iniquo

145 1579 242 1622 loco
274 1581 363 1622 sola
395 1582 552 1622 virtute
583 1580 765 1621 militum
799 1588 1004 1620 restantes
1037 1578 1275 1628 caeduntur,
1309 1578 1582 1633 caeduntque,

145 1648 284 1679 castra
304 1638 475 1678 interim
498 1638 709 1687 Romana,
725 1636 920 1691 jacentia
943 1635 985 1676 in
1021 1649 1189 1690 campo,
1213 1635 1266 1675 ab
1300 1633 1431 1675 altera
1463 1644 1584 1690 parte

144 1694 288 1736 hostes
310 1696 513 1736 invasere.
572 1693 642 1734 Ab
665 1693 846 1734 ducibus
869 1692 1097 1746 utrobique
1131 1692 1312 1747 proditae
1345 1692 1585 1732 temeritate

145 1760 272 1807 atque
294 1751 463 1793 inscitia
485 1765 562 1792 res.
583 1753 615 1777 2⁹
629 1750 838 1805 quidquid
859 1748 1071 1804 superfuit
1095 1747 1281 1790 fortunae
1313 1748 1460 1803 populi
1495 1748 1585 1789 Ro-

143 1809 275 1860 mani,
308 1810 351 1851 id
385 1808 569 1849 militum
602 1808 749 1857 etiam,
766 1807 856 1848 sine
887 1816 1053 1847 rectore
1088 1805 1252 1846 stabilis
1286 1806 1420 1846 virtus
1446 1814 1585 1846 tutata

144 1875 223 1906 est.
285 1866 396 1912 Quae
420 1865 493 1905 ubi
517 1864 701 1905 Romam
726 1873 825 1904 sunt
845 1862 990 1914 relata,
1014 1862 1197 1918 primum
1220 1862 1471 1903 dictatorern
1496 1862 1584 1903 dici

145 1922 368 1979 placebat:
399 1921 567 1972 deinde,
591 1930 816 1977 postquam
846 1920 1004 1975 quietae
1034 1933 1098 1960 res
1131 1933 1185 1959 ex
1218 1917 1385 1959 Volscis
1420 1918 1584 1960 adfere-

149 1980 318 2030 bantur,
339 1989 383 2019 et
404 1979 614 2033 adparuit,
636 1978 801 2018 nescire
823 1991 894 2018 eos
926 1976 1105 2017 victoria
1126 1986 1170 2016 et
1199 1984 1389 2030 tempore
1420 1976 1497 2025 uti,
1520 1990 1585 2016 re-

144 2037 285 2076 vocati
309 2036 435 2076 etiam
460 2036 558 2076 inde
577 2035 789 2075 exereitus
811 2048 862 2074 ac
885 2033 1039 2074 duces:
1071 2033 1293 2087 otiumque
1316 2032 1429 2082 inde,
1451 2047 1584 2087 quan-

146 2102 234 2133 tum
268 2107 292 2132 a
324 2092 506 2142 Volscis,
528 2091 624 2132 fuit.
649 2091 691 2131 id
726 2091 858 2132 modo
889 2099 1082 2131 extremo
1116 2103 1228 2130 anno
1264 2088 1585 2140 tumultuatum,

146 2149 261 2205 quod
285 2148 538 2191 Praenestini
566 2148 794 2190 concitatis
829 2147 1080 2189 Latinorum
1110 2145 1281 2202 populis
1314 2145 1583 2188 rebellarunt.

657 2250 672 2269 ⁸³
694 2244 851 2282 vigesima
867 2242 964 2272 Gron.
980 2242 1070 2272 Crev.

183 2315 223 2348 ‘27
253 2313 380 2354 Oppida
395 2323 503 2343 novem
521 2313 661 2353 caperet]
680 2312 838 2343 Testatur

924 2313 965 2346 29
989 2310 1163 2351 ‚Quidquid
1182 2310 1344 2350 superfuit
1357 2309 1509 2349 jbrtunoe
1527 2320 1588 2350 po·

136 2356 254 2387 Festus
293 2358 328 2387 in
365 2367 443 2390 voce
482 2356 646 2387 Trtentem
690 2357 837 2392 tertium,
875 2356 950 2395 puli
965 2353 1119 2392 Romani]
1140 2353 1212 2384 Hoc
1229 2354 1327 2383 nimis
1346 2353 1430 2383 elate
1453 2353 1586 2383 inflate-

137 2401 301 2440 scriptum
339 2399 439 2430 fuisse
476 2401 510 2429 iu
548 2399 609 2428 liae
646 2399 761 2428 tabula
796 2398 837 2428 T.

137 2443 316 2482 Quintium
348 2453 467 2474 novem
496 2443 593 2472 urbes
622 2452 681 2481 per
719 2451 837 2472 novem

137 2487 219 2526 dies,
251 2493 286 2517 et
314 2487 478 2517 decimam
507 2486 675 2515 Praeneste
701 2486 837 2525 cepisse.

140 2529 184 2560 Et
201 2530 347 2570 profecto
362 2530 424 2560 hoc
441 2529 590 2559 voluerat
605 2528 729 2565 Livius,
739 2529 764 2558 si
781 2537 840 2567 per

139 2573 287 2604 librarios
305 2573 462 2604 licuisset.

181 2617 222 2647 28
247 2617 326 2647 Sine
359 2621 453 2652 sorte,
486 2616 552 2645 sine
589 2613 838 2653 comparatione]

141 2659 191 2690 lta
214 2667 252 2690 ut
273 2661 400 2690 tribuni
426 2658 570 2689 militum
599 2667 660 2687 nec
684 2657 840 2686 sortiren-

138 2705 206 2740 tur,
218 2712 283 2733 nec
307 2707 550 2744 compararent,
573 2702 593 2730 i.
617 2710 646 2729 e.
670 2699 840 2729 communi

140 2754 302 2776 consensu
324 2747 412 2776 inter
433 2756 468 2775 se
491 2744 749 2780 constituerent,
766 2742 839 2781 quis

139 2787 180 2817 ad
198 2787 319 2821 bellum
336 2789 461 2830 egredi,
479 2788 550 2828 quis
565 2787 681 2818 Romae
704 2795 838 2817 manere

138 2830 282 2862 deberet.

882 2407 945 2436 que
962 2398 996 2427 in
1013 2408 1047 2428 re
1062 2407 1141 2434 sane
1157 2397 1218 2427 levi
1244 2397 1370 2427 dictum
1386 2406 1477 2433 resse,
1494 2403 1584 2435 recte

881 2442 1033 2471 observat
1059 2441 1255 2471 Gronovius,
1298 2440 1386 2478 Lege
1415 2450 1492 2469 eum
1521 2450 1582 2470 eo:

882 2484 1052 2525 ,Quidquid
1071 2482 1245 2524 superfuit,
1262 2493 1382 2522 nempe
1406 2483 1446 2512 de
1464 2482 1513 2513 his
1530 2492 1585 2512 ex·

883 2528 1053 2564 ercitibus,
1071 2526 1218 2566 fortuna
1236 2527 1348 2566 populi
1372 2525 1527 2562 Romani,
1555 2532 1586 2556 et

883 2572 1022 2600 miletum
1047 2573 1145 2600 etiam
1167 2572 1235 2600 sine
1250 2573 1369 2599 rectore
1383 2570 1504 2599 stabilis
1517 2571 1583 2599 vir-

882 2618 947 2650 tus,
963 2618 1073 2643 tutata
1087 2617 1143 2643 est.
1188 2611 1279 2642 Solet
1293 2612 1420 2648 Livius,
1437 2622 1509 2651 quae
1533 2613 1584 2642 in·

883 2660 1047 2696 speratam
1071 2655 1214 2686 salutem
1238 2656 1273 2684 in
1296 2655 1406 2694 aliquo
1438 2654 1584 2694 periculo

883 2699 1085 2736 attulerunt,
1101 2708 1140 2728 ea
1155 2699 1297 2728 fortunae
1313 2698 1426 2738 populi
1442 2699 1583 2730 Romani

885 2742 1047 2781 delegare.
1072 2741 1147 2772 Vid.
1173 2742 1200 2771 1.
1219 2741 1278 2771 226.
1307 2742 1350 2771 11.
1373 2744 1427 2772 40.
1451 2745 1485 2771 et
1507 2740 1583 2770 alibi

882 2786 1014 2824 saepius.
1055 2784 1246 2815 Victorinus
1270 2785 1371 2816 codex
1396 2784 1493 2816 habet
1506 2782 1584 2821 sor-

884 2833 976 2858 tuna.
