1925 3239
333 106 411 142 422
888 101 1031 141 ΤΙΤΙ
1071 101 1247 140 LIVII

123 215 167 246 U.
186 213 223 244 C.
239 214 314 244 403.
334 200 690 256 laiibusjusseume
745 200 793 241 P.
819 200 989 241 Valerio
1014 200 1252 241 Publicolae
1273 199 1398 240 datus
1420 212 1444 240 e
1466 199 1592 254 plebe
1613 198 1779 262 collega

120 258 160 288 A.
178 257 213 287 C
230 258 304 288 349.
337 256 388 298 C.
415 256 605 298 Marcius
630 256 829 298 Rutulus.
892 256 1114 298 Inclinatis
1144 255 1273 296 semel
1304 256 1347 295 in
1377 255 1653 296 concordiam
1682 271 1773 296 ani-

122 298 310 371 {ffissgiig’
337 312 432 363 mis,
463 314 564 353 novi
596 312 804 361 consules,
837 311 1075 352 foenebrem
1108 325 1279 365 quoque
1313 324 1414 360 rem,
1446 325 1542 364 quae
1573 311 1775 351 distinere

124 383 165 413 11.
180 385 266 413 Coss.
337 368 560 409 unanimos
581 368 821 418 videbatur,
843 367 981 407 levare
1010 368 1212 430 adgressi,
1236 366 1490 406 solutionem
1521 365 1646 406 alieni
1677 367 1772 407 aeris

335 424 381 464 in
413 424 627 478 publicam
658 437 803 463 curam
837 432 1074 473 verterunt
1106 421 1398 484 quinqueviris
1428 421 1596 471 creatis,
1623 426 1773 474 ¹⁸quos

335 479 569 520 mensarios
605 479 659 518 ab
696 479 1014 533 dispensatione
1052 492 1245 532 pecuniae
1281 477 1563 532 adpellarunt.
1623 475 1773 518 Meriti

337 535 540 589 aequitate
563 548 748 587 curaque
770 542 883 582 sunt,
907 541 953 573 ut
975 546 1049 587 per
1070 534 1260 573 omnium
1284 533 1496 573 annalium
1522 545 1774 572 monumenq

335 599 380 630 ta
411 589 596 631 celebres
628 589 872 629 nominibus
893 597 1048 628 essent.
1110 588 1244 628 Fuere
1265 597 1406 628 autem
1439 588 1490 628 C.
1517 587 1699 637 Duilius,
1723 588 1773 629 P.

336 645 499 686 Decius
522 644 723 694 Mus‚M.
749 644 1031 698 Pap1r1u5,Q.
1053 643 1276 693 Publilius,
1297 654 1340 684 et
1361 643 1427 683 Ti.
1452 643 1676 684 AEmilius:
1698 644 1772 697 qui

333 715 439 750 rem,
462 700 756 740 difficillimam
780 708 980 748 tractatu,
1001 708 1045 739 et
1068 699 1313 753 plerumque
1331 701 1440 753 parti
1464 699 1645 753 utrique,
1663 712 1772 738 sem-

334 770 410 810 per
439 764 554 796 certe
585 755 719 804 alteri,
752 768 939 808 gravem,
969 769 1101 808 quum
1132 754 1214 794 alia
1245 755 1550 804 moderatione,
1582 763 1671 793 tum
1708 755 1774 794 in-

333 811 492 873 pendio
526 811 662 873 magis
695 810 884 864 publico,
907 824 1032 863 quam
1061 810 1247 863 jactura,
1270 811 1574 850 sustinuerunt.
1610 812 1639 835 ¹⁹
1655 811 1774 851 tarda

332 867 446 907 enim
471 880 660 916 nomina,
679 875 722 906 et
743 866 1000 929 inpeditiora
1022 865 1171 905 inertia
1201 866 1457 915 debitor‚um
1479 879 1606 927 quam
1640 864 1773 906 lacul-

331 923 509 972 tatibus,
530 931 605 962 aut
635 922 844 969 aeiatium,
866 922 1023 961 mensis
1054 935 1151 961 cum
1185 935 1267 960 aere
1299 923 1341 961 in
1373 921 1466 961 foro
1501 922 1664 983 positis,
1685 922 1772 961 dis-

331 977 475 1027 solvit,
498 986 544 1017 ut
574 977 736 1039 populo
768 977 884 1030 prius
914 985 1158 1026 caveretur-3
1190 985 1263 1016 aut
1295 977 1522 1017 aestimatio
1550 991 1684 1030 aequis
1706 991 1771 1017 re-

330 1047 425 1073 rum
459 1033 604 1088 pretiis
636 1033 862 1072 liberavit:
895 1041 942 1071 ut
973 1046 1057 1072 non
1092 1032 1220 1073 modo
1242 1032 1332 1072 sine
1353 1032 1523 1095 injuria,
1545 1033 1616 1073 sed
1639 1033 1769 1074 etiam

330 1089 421 1128 sine
451 1089 727 1143 quenmoniis
759 1088 888 1142 partis
920 1088 1153 1141 utriusque,
1175 1088 1384 1128 exhausta
1417 1102 1477 1127 vns
1500 1089 1650 1142 ingens
1674 1088 1770 1128 aeris

330 1144 454 1184 alieni
479 1145 547 1184 sit
603 1143 757 1183 Terror
780 1143 875 1183 inde
901 1157 1031 1183 vanus
1057 1143 1152 1183 belli
1182 1142 1367 1192 Etrusci,
1388 1157 1520 1196 quum
1545 1143 1766 1206 conjuias-

330 1213 374 1239 se
409 1199 635 1240 duodecim
673 1198 854 1261 populos
891 1198 1005 1238 fama
1042 1207 1166 1248 esset,
1204 1199 1457 1239 dictatorem
1488 1199 1572 1240 dici
1610 1198 1769 1253 coegit

329 1255 469 1295 dictus
500 1256 543 1295 in
575 1255 724 1295 castris
754 1259 824 1305 (eo
858 1255 970 1294 enim
1003 1254 1055 1294 ·1d
1079 1255 1272 1294 consules
1296 1255 1468 1294 missum
1494 1263 1770 1295 senatuscon-

330 1312 487 1351 sultum
508 1313 591 1359 est)
615 1311 666 1351 C.
687 1310 842 1358 JuliuS‚
865 1311 932 1349 cui
959 1310 1160 1364 magister
1181 1311 1373 1372 equitum
1397 1311 1588 1364 adjectus
1622 1310 1670 1350 L.
1691 1311 1769 1353 ΣΕ-

328 1367 484 1407 milius.
546 1366 746 1407 Ceterum
772 1365 873 1405 foris
898 1375 933 1404 tr
937 1365 1124 1418 ·1nquilla
1143 1380 1288 1405 omnia
1309 1365 1439 1406 fuere.

386 1421 552 1464 XXII.
582 1421 813 1462 Tentatum
837 1421 951 1461 domi
979 1435 1050 1475 per
1070 1421 1339 1470 dictatorem,
1363 1432 1410 1461 ut
1439 1421 1566 1461 ambo
1599 1422 1766 1475 patricii

326 1479 520 1518 consules
542 1487 799 1525 cr··,ea1entui
821 1490 909 1516 rem
933 1477 983 1515 ad
1018 1476 1309 1531 interregnum
1342 1476 1555 1532 perduxit.
1585 1478 1671 1518 duo
1703 1479 1767 1518 in-

326 1543 511 1588 terreges
544 1532 594 1573 C.
628 1532 841 1586 Sulpicius
873 1542 917 1571 et
950 1531 1017 1571 M.
1051 1532 1208 1572 Fabius
1249 1533 1487 1586 interpositi
1525 1533 1765 1584 obtinuere,

325 1567 463 1642 quoda>
472 1589 658 1629 dic'tator
690 1589 844 1627 frma
875 1586 1128 1637 tetenderat,
1150 1588 1319 1627 mitiore
1343 1602 1434 1642 Jam
1469 1587 1592 1651 plebe
1620 1589 1678 1629 ob
1700 1604 1764 1629 re-

325 1658 425 1685 cens
455 1644 652 1684 meritum
687 1643 811 1683 levati
844 1643 939 1683 aeris
971 1643 1112 1692 alieni,
1134 1653 1181 1683 ut
1211 1644 1338 1683 ambo
1370 1644 1538 1698 patricii
1568 1644 1764 1685 consules

109 1707 153 1738 U.
169 1707 205 1737 C
222 1709 297 1738 404.
325 1710 580 1740 ci··.earentu1
602 1699 731 1739 creati
756 1699 845 1751 ipse
869 1698 919 1738 C.
943 1698 1158 1751 Sulpicius
1185 1698 1371 1749 Peticus,
1393 1700 1463 1753 qui
1489 1699 1602 1753 prior
1633 1700 1762 1740 inter-

110 1750 150 1780 Α·
168 1750 204 1778 C.
221 1753 295 1780 348.
325 1769 458 1824 regno
479 1755 599 1803 abiit,
618 1766 661 1794 et
683 1754 730 1794 T
755 1754 988 1799 Quinctius
1013 1753 1197 1794 Pennus.
1219 1754 1392 1808 qnidam
1427 1753 1672 1805 Kaesonem,
1693 1756 1764 1796 alii

115 1317 151 1346 C.
164 1315 269 1346 Julius

114 1359 256 1388 dictator.

108 1792 299 1863 gtssulpicio
323 1817 356 1838 2⁰
372 1811 523 1851 Caium
549 1824 704 1850 nomen
729 1809 938 1855 Quinctio
960 1809 1184 1862 adjiciunt.
1244 1810 1311 1850 Ad
1337 1809 1493 1850 bellum
1514 1811 1642 1851 ambo
1667 1825 1763 1865 pro-

109 1875 260 1907 Quinctio
323 1866 440 1917 fecti,
465 1866 677 1906 Faliscum
701 1864 948 1914 Quinctius,
970 1864 1182 1918 Sulpicius
1210 1865 1529 1919 Tarquiniense,
1552 1880 1761 1920 nusquam

110 1917 196 1948 ‘³⁰⁵⁵-
320 1923 412 1963 acie
434 1935 662 1976 congresso
686 1920 822 1970 hoste,
845 1934 941 1960 cum
964 1922 1076 1974 agris
1111 1921 1263 1974 magis,
1285 1935 1412 1974 quam
1443 1935 1540 1961 cum
1575 1921 1762 1963 homini-

321 1979 414 2028 bus,
436 1978 597 2017 mendo
615 1976 949 2039 populandoque
971 1987 1190 2030 gesserunt
1215 1976 1347 2017 bella.
1379 1976 1501 2030 cujus
1524 1976 1650 2018 lentae
1673 1978 1760 2018 vel-

317 2043 366 2074 ut
397 2033 506 2103 tabis
536 2033 654 2073 senio
685 2033 800 2072 victa
833 2041 1051 2085 utriusque
1072 2032 1305 2086 pertinacia
1337 2032 1482 2087 populi
1504 2042 1582 2083 est,
1605 2042 1650 2074 ut
1674 2034 1766 2090 pri-.-

359 2175 424 2208 18*
433 2177 522 2217 Quos
538 2177 711 2206 mensarios
725 2176 765 2205 ab
787 2175 1015 2214 dispensatione

306 2221 453 2259 pecunia>
474 2219 697 2258 appellarunt]
723 2219 838 2247 Mensa
860 2218 948 2246 enim
966 2218 1014 2246 ‹li-

312 2263 401 2292 citur
415 2272 473 2301 pro
490 2262 590 2291 abaco
607 2261 882 2299 argentariorum.
919 2259 1013 2288 Alen-

308 2307 391 2334 sariz'
413 2310 526 2334 tamen
550 2303 708 2333 differunt
732 2303 772 2331 ab
794 2303 1012 2339 argentariis.-

310 2349 387 2384 quia
403 2348 584 2376 mensurius
599 2346 643 2375 rei
662 2345 856 2374 nummaria!
872 2344 1012 2386 publicat

310 2397 444 2418 curator
457 2396 520 2424 est,
535 2389 746 2425 argentarius
761 2388 907 2425 privatae.
946 2385 1010 2416 lta-

309 2440 373 2468 que
403 2432 557 2460 mensurii
585 2430 784 2459 creabantur
821 2439 839 2458 a
869 2428 1007 2467 populo:

311 2473 392 2510 (vid.
431 2473 516 2502 infra
553 2472 682 2501 xxm.
722 2470 786 2507 2²1.)
827 2473 1010 2508 argentm-11·

305 2520 423 2554 sponte
450 2525 522 2551 sua,
550 2525 608 2543 suo
635 2514 782 2549 nomine,
809 2513 1004 2550 negotiatio-

304 2565 379 2586 nem
405 2566 513 2593 suam,
533 2560 691 2595 tanquam
716 2555 818 2585 ceteri
842 2560 1003 2585 mercato-

302 2608 366 2635 res,
383 2599 591 2628 exercebant.

351 2644 385 2673 19
411 2641 523 2670 Tarda
559 2642 642 2670 enim
682 2638 825 2677 nomina]
868 2639 1001 2675 Debita,

299 2692 373 2722 quae
402 2683 528 2712 tardius
559 2687 591 2711 ct
620 2683 739 2721 aegrius
779 2681 1000 2718 solvebantur,

300 2734 364 2753 non
389 2726 467 2762 quia
489 2726 599 2763 inopia
615 2725 801 2754 laborarent
824 2724 1000 2756 debitores,

298 2767 353 2798 scd
370 2768 447 2806 quia
465 2768 586 2797 inertes
600 2777 637 2797 ac
653 2767 859 2805 negligentes
875 2771 1000 2802 essent,

1057 2178 1115 2205 aut
1139 2176 1281 2214 pecnnia
1303 2185 1341 2205 ex
1367 2177 1480 2206 aerario
1497 2177 1634 2216 praebita
1648 2177 1759 2209 soluta

1056 2222 1148 2254 sunt,
1163 2218 1210 2247 ita
1233 2225 1360 2253 tamen,
1378 2224 1416 2248 ut
1433 2220 1522 2258 prius
1538 2219 1673 2259 populu,
1690 2221 1711 2250 i.
1725 2231 1755 2252 e.

1056 2261 1171 2289 aerario
1188 2261 1321 2299 publico
1335 2268 1525 2299 caveretur3
1550 2267 1608 2292 aut
1625 2264 1755 2300 praediis

1057 2302 1246 2331 domibusve
1265 2303 1420 2332 debitoris
1436 2313 1529 2341 aequo
1546 2305 1650 2342 pretio
1666 2307 1755 2336 aesti-

1058 2346 1168 2382 matis,
1192 2348 1225 2374 et
1253 2345 1405 2375 creditori
1432 2346 1575 2382 traditis,
1601 2348 1756 2386 expedita.

1055 2393 1144 2416 sunt.
1192 2387 1318 2417 ,Nomen
1341 2397 1428 2426 saepe
1450 2389 1613 2427 accipitur
1626 2399 1684 2428 pro
1701 2391 1753 2419 de-

1055 2429 1127 2463 bila,
1144 2430 1221 2466 quia
1244 2430 1385 2459 creditor
1409 2431 1441 2459 in
1465 2430 1594 2460 tabulas
1617 2434 1751 2470 expensi

1054 2475 1085 2500 et
1106 2472 1232 2511 act-··pti
1249 2473 1349 2501 refert
1374 2481 1494 2503 nomen
1518 2474 1600 2511 ejus,
1618 2474 1670 2502 cui
1695 2484 1750 2513 pe-

1049 2515 1179 2542 cuniam
1197 2523 1374 2552 expensam
1392 2513 1481 2543 tulit.

1090 2557 1131 2585 220
1159 2556 1271 2586 Caium
1291 2556 1416 2595 nornen]
1438 2556 1525 2586 Olim
1548 2556 1663 2586 Caium
1679 2568 1750 2596 cog-

1047 2607 1170 2627 nomen.
1220 2598 1362 2628 Mutavit
1385 2599 1552 2637 big-onius,
1576 2610 1613 2627 eo
1639 2608 1750 2630 motus

1047 2640 1133 2677 qnod
1154 2642 1250 2670 (wius
1279 2649 1468 2678 pra‘nonien
1493 2648 1556 2677 est,
1582 2651 1646 2670 non
1672 2652 1748 2681 cog-

1048 2691 1180 2711 nomen.
1217 2683 1346 2711 Nomen
1362 2688 1474 2711 autem
1494 2684 1525 2712 in
1543 2684 1656 2713 omnia
1672 2694 1750 2714 con-

1047 2726 1149 2761 venit,
1168 2732 1201 2755 et
1217 2725 1302 2754 sumi
1321 2731 1429 2764 potest
1445 2735 1503 2765 pro
1519 2728 1735 2765 praenomine.
