1969 3239
515 151 517 153 '
563 143 686 191 111ss.
712 151 798 190 vn.
833 150 962 188 cAP.
989 150 1055 187 lv,
1473 153 1548 188 403

109 252 210 292 mex
233 261 317 306 qua
339 253 484 308 'partec
507 252 719 294 Minerva·
743 250 947 306 templum
971 258 1049 290 est.
1110 249 1218 291 Eum
1242 249 1423 301 clavum,
1448 251 1601 306 quiaU.
1619 257 1656 288 C.
1671 260 1746 293 392.

112 322 218 349 rarae
239 323 313 363 per
333 323 383 350 ea
416 318 610 365 tempora
642 310 774 350 literae
806 315 942 358 erant,
962 316 1109 347 notam
1141 307 1305 347 numeri
1339 321 1545 349 annorum
1560 301 1744 375 ἷξε-360·

112 363 245 405 fuisse
285 365 451 408 ferunt:
493 380 630 421 eoque
670 362 882 405 Minervae
927 363 1086 419 templo
1124 364 1354 404 ⁹⁹dicatam
1396 353 1746 420 legeinmo‘ssffifss'l‘

111 422 214 474 quia
254 434 456 463 numerus
497 423 708 464 Minervae
750 421 970 461 inventum
1013 421 1081 460 sit.
1140 419 1345 460 Volsiniis
1377 429 1628 476 quoquedex.

110 477 269 528 clavos,
303 479 464 520 indices
499 477 663 520 numeri
695 491 919 527 annorum,
951 477 1061 517 fixos
1092 476 1136 516 in
1168 476 1327 531 templo
1363 476 1547 528 Nortiae,

112 533 305 575 Etruscae
348 535 470 585 Deae,
499 547 760 590 comparere,
791 534 973 590 diligens
1006 533 1154 573 talium
1186 533 1546 575 monimentorum

112 601 264 632 auctor
293 592 512 632 ³⁰Cincius
545 591 756 632 adfirmat.
816 589 882 632 M.
914 589 1123 631 Horatius
1156 589 1303 630 consul
1334 592 1430 630 ³¹ex
1453 590 1548 645 lege

110 647 313 703 templum
342 647 466 690 Jovis
499 648 652 703 optimi
697 648 874 688 maximi
905 647 1121 688 dedicavit
1151 660 1263 687 anno
1298 654 1395 702 post
1428 661 1546 702 reges

112 713 313 745 exactos:
344 719 370 745 a
389 705 633 746 consulibus
658 714 804 759 postea
826 704 878 745 ad
902 704 1145 753 dictatores,
1167 703 1268 758 quia
1300 703 1436 758 majus
1468 704 1548 743 im-

111 761 276 813 perium
297 770 402 810 erat,
424 760 626 802 sollemne
655 760 764 802 clavi
794 759 953 815 figendi
988 760 1234 801 translatum
1267 769 1345 801 est.
1407 759 1549 800 Inter-

113 817 242 857 misso
271 817 423 857 deinde
454 831 585 867 more,
616 818 748 873 digna
777 818 904 858 etiam
939 831 1012 872 per
1043 831 1086 857 se
1118 817 1207 856 visa
1241 815 1345 867 res‘¹‚
1376 827 1548 872 propter

111 887 242 928 quarn
264 873 447 914 dictator
469 883 693 915 crearetur.
715 889 799 929 qua
821 874 873 914 de
894 888 1043 914 caussa
1071 881 1235 913 creatus
1266 872 1314 913 L.
1342 873 1546 923 Manlius,
1563 896 1701 927 Manlius
1713 898 1764 927 de,

114 929 288 985 perinde
307 944 356 970 ac
379 931 624 986 reipublicae
648 931 860 987 gerendae,
878 944 930 970 ac
964 943 1048 970 non
1082 929 1295 970 solvendae
1328 930 1547 985 religione,
1561 940 1673 970 lectum
1690 941 1745 969 ba-

115 986 253 1041 gratia
284 996 452 1028 creatus
487 997 610 1038 esset,
644 987 801 1028 bellum
840 986 1078 1028 Hernicum
1115 986 1348 1037 adfectans,
1379 987 1544 1027 delectu
1561 983 1633 1012 bere
1650 993 1742 1012 ⁰⁰¹¹&

112 1043 269 1084 acerbo
298 1043 571 1099 juventutem
605 1044 811 1101 agitavit;
845 1044 1115 1097 tandemque,
1146 1043 1346 1083 omnibus
1378 1043 1419 1083 in
1450 1057 1548 1084 eum

116 1099 296 1140 tribunis
325 1100 463 1155 plebis
492 1102 663 1152 coortis,
686 1115 759 1142 seu
790 1101 846 1151 vi,
868 1114 939 1141 seu
966 1099 1220 1141 verecundia
1242 1099 1394 1152 victus,
1417 1100 1551 1141 dicta-

118 1165 215 1196 tura
235 1156 357 1197 abiit.

182 1211 264 1253 IV.
300 1213 449 1268 Neque
477 1228 530 1255 eo
560 1214 699 1254 minus
721 1214 935 1269 principio
957 1213 1217 1268 insequentis
1240 1213 1353 1264 anni,
1377 1213 1434 1259 Q.
1458 1213 1553 1254 Ser·
1568 1238 1608 1270 U.
1627 1238 1663 1269 C·
1681 1242 1755 1273 393·

121 1268 223 1309 vilio
247 1268 397 1319 Ahala,
422 1269 469 1311 L.
493 1270 691 1312 Genucio
721 1270 1005 1321 consulibus²‚
1026 1270 1115 1310 dies
1147 1269 1315 1310 Manlio
1345 1270 1501 1311 dicitur
1530 1283 1604 1313 aA.
1622 1283 1750 1316 0359.

117 1325 184 1366 M.
208 1325 453 1383 Pomponio
474 1328 648 1368 tribuno
680 1327 829 1383 plebis.
887 1334 920 1356 ³2
935 1326 1160 1367 Acerbitas
1191 1327 1234 1367 in
1264 1325 1444 1379 delectu,
1467 1341 1551 1368 non
1568 1326 1608 1358 Q·
1624 1325 1754 1356 Servilio

114 1382 272 1423 damno
303 1383 431 1424 modo
461 1384 637 1435 civium,
658 1384 728 1425 sed
759 1384 889 1425 etiarn
920 1383 1174 1424 laceratione
1204 1397 1432 1438 corporum
1454 1384 1552 1436 lata,
1566 1369 1657 1442 l11ucl1⁴0
1674 1370 1738 1442 ge'

117 1440 273 1493 partim
315 1440 446 1495 virgis
485 1441 623 1491 caesis,
663 1441 736 1497 qui
775 1441 828 1481 ad
871 1440 1046 1481 nomina
1086 1455 1170 1481 non
1222 1441 1552 1496 respondissent,
1567 1457 1653 1487 Coss.

121 1497 275 1550 partim
298 1496 341 1536 in
365 1497 535 1538 vincula
555 1497 710 1548 ductis,
733 1497 868 1538 invisa
889 1507 1001 1539 erat:
1021 1505 1063 1537 et
1086 1507 1184 1538 ante
1204 1498 1348 1537 omnia
1368 1498 1552 1539 invisum
1569 1498 1690 1548 Manlio
1703 1499 1765 1529 dies

117 1552 258 1607 ipsum
311 1553 532 1605 ingenium
582 1562 721 1605 atrox,
771 1567 1099 1610 cognomenque
1151 1553 1375 1608 Imperiosi
1429 1543 1659 1611 gravedmm·

117 1608 263 1650 liberae
296 1610 476 1661 civitati,
509 1611 565 1651 ab
605 1611 896 1651 ostentatione
935 1611 1113 1651 saevitiae
1145 1610 1386 1662 adscitum3
1428 1626 1557 1666 quam

118 1680 205 1707 non
236 1667 372 1721 magis
404 1667 447 1707 iu
477 1667 639 1719 alienis,
661 1682 789 1722 quam
822 1668 864 1708 in
898 1667 1119 1723 proximis,
1141 1681 1190 1707 ac
1229 1668 1436 1722 sanguine
1468 1669 1558 1723 ipse

121 1735 200 1762 suo
237 1733 468 1774 exerceret,
503 1725 755 1779 criminique
787 1724 825 1764 ei
866 1724 1060 1765 tribunus
1100 1724 1208 1765 inter
1237 1734 1378 1764 cetera
1410 1725 1557 1775 dabat,

117 1778 229 1833 quod
238 1778 599 1835 filiumjuveuem,
621 1781 771 1821 nullius
784 1780 932 1836 probri
954 1787 1209 1835 compertum,
1229 1787 1425 1822 extorrem
1446 1781 1558 1833 urbe,
1571 1784 1732 1814 Acerbitas

117 1833 248 1886 domo,
262 1836 492 1890 penatibus,
501 1836 621 1893 foro,
644 1837 972 1893 lucesceregressu
994 1836 1212 1892 (equ-alium
1227 1837 1493 1891 prohibitum,
1514 1839 1556 1879 in
1571 1829 1637 1865 ‘³¹¹⁵
1651 1828 1683 1857 ³¹¹
1698 1829 1734 1857 fi·
1794 1858 1800 1859 ff

118 1905 218 1946 Opus
246 1892 404 1944 servile,
426 1908 553 1949 prope
581 1895 625 1935 in
655 1908 853 1935 carcerem
872 1900 993 1949 atque
1023 1896 1067 1935 in
1097 1893 1360 1949 ergastulum,
1382 1872 1656 1936 dederitshum‘

159 2009 172 2028 ’θ
193 2017 229 2038 ea
241 2018 282 2038 es
290 2013 393 2048 parte,
407 2020 469 2050 qua
485 2012 581 2042 Gron.
596 2012 688 2044 Crev.
741 2011 758 2033 ἃ
779 2017 825 2042 est
838 2021 886 2041 res
900 2011 982 2042 Eaed.
1037 2018 1049 2032 ε
1070 2012 1234 2042 secuudum
1251 2012 1422 2042 consulibus
1437 2012 1521 2042 Eaed.

1560 1031 1626 1065 tur,
1642 1027 1768 1057 frustra.

120 2101 231 2138 nonis,
262 2101 403 2132 alteram
431 2102 601 2134 Minervae.
634 2103 722 2134 Hinc
752 2104 818 2141 lex,

118 2152 194 2181 quae
209 2143 272 2174 hoc
288 2143 360 2175 loco
372 2145 492 2176 dieitur
507 2147 572 2176 fixa
587 2146 686 2181 fuisse
704 2147 819 2177 dextro

119 2185 215 2217 lateri
231 2186 310 2217 aedis
325 2187 414 2218 dovis
432 2189 551 2229 optimi
566 2191 716 2227 maximi,
735 2190 820 2220 infra

118 2228 244 2261 dicitur
258 2230 417 2261 Minervae
432 2232 559 2272 templo
580 2233 700 2264 dicata.

164 2275 206 2305 28
229 2273 285 2304 Ea
300 2279 451 2313 exparte
463 2276 544 2315 qua]
570 2276 690 2316 Seripti
706 2285 821 2306 ornnes

121 2317 239 2355 nostri,
256 2321 294 2346 ut
310 2323 343 2346 et
365 2317 493 2357 aliquot
515 2328 534 2348 a
556 2318 719 2349 Gronovio
743 2319 821 2349 alle-

123 2360 205 2398 gati,
235 2369 274 2389 ea
303 2370 366 2401 qua
397 2365 496 2400 parte
510 2374 518 2390 :
550 2361 643 2396 ‚unde
680 2363 822 2403 proclive

121 2406 172 2433 est
189 2403 318 2434 efficere
332 2414 372 2434 ea:
385 2406 450 2444 qua
460 2408 569 2443 parte.

165 2446 234 2480 2⁷9*
246 2446 421 2487 Dicatam]
440 2448 664 2486 Assignatam‚
681 2454 714 2478 et
731 2449 824 2488 quasi

124 2496 361 2520 consecratam.

168 2535 211 2563 30
237 2532 376 2572 Cincius]
403 2532 441 2564 L.
466 2533 600 2564 Cincius
625 2533 825 2571 Alimentus,

121 2575 171 2605 sic
183 2576 270 2606 enim
283 2577 411 2616 integre
421 2587 609 2617 expressum
625 2586 744 2607 nomen
756 2577 825 2615 ejus

125 2625 177 2648 est
202 2629 224 2649 a
250 2618 356 2657 Livio,
380 2620 471 2650 xxi.
494 2624 545 2652 323.
569 2619 704 2659 aequalis
738 2620 825 2650 Fabii

127 2661 278 2700 Pictoris,
295 2662 378 2694 bello
394 2664 519 2694 Punico
542 2663 687 2694 seeundo
710 2670 826 2703 captus

126 2704 168 2734 ab
181 2705 353 2743 Annibale,
366 2712 450 2737 teste
463 2705 556 2737 Livio
569 2706 703 2737 ibidem.
727 2706 826 2736 Hunc

128 2747 321 2787 scriptorem
337 2748 550 2781 historiarum
569 2749 660 2780 valde
677 2749 827 2790 probabi-

127 2789 351 2829 literJudieat
372 2793 519 2830 Vossius,
543 2793 564 2824 l.
590 2793 615 2822 1.
638 2793 677 2823 de
701 2793 827 2822 Hister.

132 2832 206 2863 Lat.
222 2844 249 2864 c.
270 2836 298 2865 4.
310 2844 376 2865 non
391 2835 555 2867 diversum
575 2846 645 2866 esse
663 2836 702 2865 ab
719 2835 774 2866 illo
792 2836 828 2867 L.

863 2109 1068 2135 memoratur
1091 2114 1109 2134 a
1132 2102 1237 2140 Livio,
1262 2102 1384 2137 XXVI,
1407 2105 1459 2135 23.
1476 2113 1564 2134 anno

863 2147 1010 2186 ejusdem
1048 2147 1122 2177 belli
1163 2156 1261 2177 nono.
1305 2147 1421 2177 Graeca
1450 2147 1566 2186 lingua.

864 2191 1030 2230 scripsisse
1053 2200 1129 2220 eum
1154 2189 1326 2220 historiam
1344 2200 1363 2219 a
1386 2190 1564 2230 primordio

866 2233 956 2264 urbis
968 2235 1065 2264 docet
1081 2234 1218 2272 Dionys.
1233 2233 1254 2262 Ι.
1271 2233 1297 2262 1.

908 2280 945 2307 31
971 2276 1030 2307 Ex
1051 2278 1120 2316 lege
1146 2275 1316 2316 templum]
1341 2276 1482 2306 Videtur
1511 2276 1566 2306 hic

865 2315 1043 2359 legendum
1059 2329 1129 2349 esse
1145 2322 1270 2359 templo,
1288 2326 1325 2349 ut
1341 2325 1428 2349 recte
1452 2319 1566 2349 admo-

868 2367 925 2392 net
953 2362 1147 2393 Gronovius.
1191 2364 1312 2393 Sensus
1349 2363 1453 2401 igitur
1479 2363 1563 2392 erit:

867 2406 916 2436 Μ.
932 2406 1103 2444 Horatius,
1119 2416 1158 2436 ex
1174 2405 1244 2444 lege
1262 2414 1335 2444 quae
1350 2410 1450 2445 supra
1465 2405 1568 2435 allata
1588 2425 1592 2429 ·

867 2454 931 2488 est,
964 2449 1140 2488 dedicavit,
1173 2450 1240 2479 sive
1271 2458 1346 2478 cum
1376 2448 1567 2479 solennibus

870 2492 1066 2522 caerimoniis
1082 2493 1167 2530 fixit,
1184 2491 1312 2522 clavum
1327 2491 1453 2531 templo
1475 2491 1568 2521 <Iovis

870 2537 987 2574 optimi
1004 2536 1153 2573 maximi,
1171 2545 1209 2565 ea
1225 2545 1263 2564 ex
1282 2539 1376 2574 parte
1394 2535 1566 2572 nimirum,

869 2583 908 2608 ut
931 2588 1031 2618 supra
1051 2578 1185 2618 legitur,
1210 2587 1275 2616 qua
1297 2577 1456 2608 Minervae
1483 2583 1569 2608 tem·

868 2621 961 2661 plum
979 2625 1038 2652 est.

912 2666 954 2695 32
998 2664 1164 2695 Acerbitas
1197 2665 1232 2693 in
1269 2663 1408 2703 delectu]
1451 2662 1569 2694 Manlii

870 2708 1032 2737 acerbitas
1055 2703 1089 2738 in
1115 2706 1258 2744 delectu,
1273 2717 1370 2745 quam
1395 2710 1570 2738 senserant

871 2751 956 2780 cives
973 2759 1040 2780 non
1055 2750 1188 2780 mulctis
1202 2750 1299 2780 modo
1320 2750 1472 2788 irrogatis
1495 2750 1569 2786 sibi,

869 2802 944 2832 quae
967 2793 1103 2832 proinde
1127 2793 1300 2830 damnum,
1317 2793 1384 2823 sive
1401 2793 1571 2831 jacturam

874 2837 921 2867 rei
943 2835 1114 2867 familiaris
1137 2837 1368 2875 importarent,
1393 2835 1450 2866 sed
1471 2839 1504 2865 et
1526 2836 1573 2866 la·

130 2876 243 2907 ‘fincio
252 2877 417 2909 Alimento
430 2880 675 2918 quipraeturam
694 2879 830 2918 gessisse
876 2881 1043 2910 cer-atione
1062 2889 1243 2919 corporum,

887 2921 1016 2963 nd2
