1991 3250
354 103 427 138 133
902 100 1041 137 TITI
1077 98 1245 136 lell

199 207 235 238 C
245 207 318 240 9.76
351 200 528 242 civitate
560 199 782 242 victoriam
822 198 935 240 tulit.
995 197 1044 239 Id
1077 195 1215 254 primo
1248 199 1448 239 acerbum
1478 198 1786 263 indignumque

194 251 260 282 0-4
265 251 316 284 ⁷⁶·
350 256 603 299 Veientibus
626 257 775 299 visum.
798 256 896 298 inde
916 254 1143 297 consilium
1165 269 1218 296 ex
1244 269 1286 294 re
1309 264 1454 296 natum
1477 255 1640 298 insidiis
1671 258 1784 299 fero-

352 328 446 354 cem
468 313 636 355 hostem
659 314 885 369 captandi:
918 312 1104 368 gaudere
1135 313 1281 361 etiam,
1305 311 1438 352 multo
1471 326 1666 354 successu
1705 314 1787 355 Fa-

352 370 434 412 biis
456 371 679 412 audaciam
698 384 898 412 cresces-e
961 368 1110 424 Itaque
1136 378 1180 408 et
1212 382 1368 424 pecora
1389 368 1679 424 praedantibus
1709 372 1786 412 ali-

351 428 534 482 quotieS,
556 427 673 469 velut
702 443 800 469 casu
832 425 1098 490 incidissent,
1116 425 1289 466 obviam
1319 435 1442 467 aeta:
1481 435 1523 466 et
1554 427 1787 481 agrestium

353 485 454 540 fuga
477 485 583 526 vasti
607 485 740 526 relicti
771 484 886 540 agri:
918 492 962 522 et
992 482 1181 522 subsidia
1209 491 1480 533 armatorum,
1501 482 1554 523 ad
1585 484 1787 525 arcendas

352 541 652 605 populationes
674 542 816 591 missa,
838 539 993 594 saepius
1016 538 1230 589 simulato,
1248 554 1383 594 quain
1396 554 1510 590 xero,
1532 553 1689 594 pavore
1720 555 1785 582 re·

352 598 571 654 fuga-‚unt
629 597 815 653 Jamque
840 596 959 637 Fabii
983 596 1090 636 adeo
1112 605 1425 637 contemserant
1448 596 1630 647 hostem,
1649 606 1695 638 ut
1713 612 1788 639 sua

352 655 515 695 invicta
535 669 652 695 arma
673 668 811 709 neque
833 653 927 694 loco
951 666 1086 707 neque
1111 662 1301 708 tempore
1331 653 1415 694 ullo
1446 653 1668 694 crederent
1695 669 1786 695 sus-

353 711 477 752 tineri
509 725 647 765 posse.
676 710 773 752 haec
805 724 912 773 spes
930 709 1145 764 provexit,
1167 719 1214 749 ut
1243 709 1296 750 ad
1327 720 1555 765 conspecta
1585 710 1733 766 procul
1763 727 1789 753 a

354 768 556 808 Cremera
586 782 743 823 magno
774 766 916 822 campi
948 765 1170 806 intervallo
1203 780 1358 821 pecora
1389 771 1663 823 (quamquam
1697 783 1790 809 rara.

350 824 541 866 hostium
575 825 836 881 adparebant
866 824 1000 872 arm-1)
1021 823 1304 863 decurrerent.
1337 834 1379 863 et
1410 839 1541 878 quum
1573 825 1787 880 inprovidi

352 881 488 923 effuso
518 896 641 923 cnlsu
671 882 846 923 insidias
879 881 993 922 eirca
1031 880 1168 935 ipsum
1201 879 1282 920 iter
1313 879 1472 921 locatas
1505 893 1788 935 superassent,

354 939 565 994 palitique
586 940 737 994 passim
762 953 881 994 vagi,
901 948 948 978 ut
970 937 1019 978 fit
1049 950 1204 992 pavore
1237 936 1413 992 injecto,
1433 948 1626 993 raperent
1659 953 1786 994 peco-

352 1011 420 1046 τες
467 996 609 1038 subito
644 1011 697 1037 ex
735 996 898 1037 insidiis
931 993 1214 1049 consurgitur,
1246 1004 1289 1034 et
1325 995 1485 1035 adversi
1525 1004 1569 1035 et
1601 996 1788 1051 undique

352 1052 498 1094 hostes
528 1064 659 1094 erant.
722 1053 867 1094 Primo
888 1051 1046 1092 clamor
1076 1050 1341 1092 circumlatus
1363 1051 1582 1102 exterruit,
1603 1052 1701 1093 dein
1725 1064 1787 1094 te-

353 1109 390 1150 la
414 1111 466 1151 ab
499 1112 612 1151 omni
649 1121 765 1166 parte
795 1109 1057 1151 accidebant.
1093 1108 1429 1163 coeuntibusque
1466 1107 1671 1159 Etruscis,
1695 1109 1788 1165 jam

353 1167 590 1208 continenti
612 1181 779 1223 agmine
799 1177 1050 1207 ar·ma101um
1074 1164 1199 1228 septi,
1219 1180 1302 1228 quo
1325 1166 1458 1220 magis
1480 1179 1524 1206 se
1555 1165 1690 1208 hostis
1722 1167 1787 1208 in-

353 1224 527 1274 ferebat,
551 1225 814 1280 cogebantur
838 1223 1029 1264 brexime
1049 1223 1186 1278 spatio
1210 1232 1253 1262 et
1275 1222 1357 1277 ipsi
1379 1223 1524 1263 orbem
1557 1223 1787 1279 conligere

353 1297 447 1336 quae
485 1296 549 1322 res
587 1294 630 1323 et
662 1281 915 1337 paucitatem
956 1294 1099 1320 eorum
1138 1279 1362 1336 insignem,
1397 1290 1441 1320 et
1475 1257 1788 1322 multitudinem

354 1338 641 1402 Etruscorum,
681 1341 713 1362 ⁸⁰
732 1337 1022 1400 multiplicatis
1072 1336 1116 1377 in
1164 1347 1256 1376 arto
1305 1336 1540 1388 ordinibus,
1590 1337 1787 1379 faciebat.

349 1394 474 1447 Tum,
495 1396 647 1437 omissa
667 1410 825 1452 pugna,
846 1408 968 1450 quam
1000 1408 1043 1434 m
1074 1407 1221 1434 omnes
1254 1403 1390 1449 partes
1422 1408 1561 1449 parem
1595 1395 1787 1436 intende-

350 1462 458 1504 rant,
481 1454 523 1494 in
545 1468 672 1494 unum
694 1453 832 1495 locum
855 1466 899 1492 se
925 1464 1072 1492 omnes
1104 1450 1325 1491 inclinant.
1356 1457 1384 1478 ⁸¹
1401 1464 1452 1491 eo
1485 1465 1564 1492 msr
1596 1452 1787 1507 corpori·

351 1511 428 1550 bus
461 1511 684 1565 armisque,
706 1515 738 1536 ³2
752 1523 900 1572 rupere
931 1521 1067 1549 cuneo
1098 1508 1222 1548 viam.
1283 1507 1424 1548 Duxit
1456 1507 1522 1548 via
1555 1508 1598 1548 in
1627 1510 1788 1550 editum

351 1567 503 1608 leniter
523 1567 687 1608 collem.
710 1565 807 1609 inde
831 1581 967 1623 primo
998 1565 1202 1606 r.estite1·e
1237 1579 1353 1615 mox,
1375 1575 1421 1604 ut
1453 1565 1686 1620 respirandi
1719 1581 1787 1607 su-

352 1625 493 1680 perior
514 1624 632 1665 locus
664 1625 844 1688 spatium
875 1622 1008 1673 dedit,
1031 1621 1344 1677 recipiendique
1365 1636 1388 1661 a
1418 1636 1573 1677 pavore
1605 1634 1723 1665 tanto
1743 1638 1786 1663 a-

350 1682 526 1732 nimum,
548 1681 745 1737 pepulere
775 1682 900 1722 etiam
923 1681 1175 1720 subeuntes:
1211 1678 1485 1742 vincebatque
1514 1679 1673 1721 auxilio
1704 1680 1788 1722 loci

350 1738 551 1793 paucitas,
585 1740 626 1780 ni
659 1739 769 1795 jugo
808 1735 1121 1779 circummissus
1157 1735 1311 1776 Veiens
1343 1735 1386 1776 in
1426 1736 1627 1777 verticem
1665 1737 1786 1778 collis

350 1796 566 1836 erasisset.
597 1797 653 1837 ita
685 1796 874 1852 superior
905 1807 1042 1834 rursus
1073 1793 1208 1834 hostis
1240 1791 1389 1834 factus.
1451 1791 1570 1833 Fabii
1601 1795 1702 1835 caesi
1733 1795 1786 1836 ad

349 1866 476 1893 unum
499 1868 658 1916 ‹›mneS‚
680 1853 1005 1917 praetsidiumque
1024 1858 1329 1906 expugnatum.
1362 1859 1573 1890 trecentos
1604 1865 1679 1892 sex
1712 1866 1785 1907 pe-

352 1910 454 1950 risse
473 1910 572 1951 satis
594 1912 825 1952 convenit:
858 1911 888 1933 ⁸³
906 1922 1033 1949 unum
1063 1916 1094 1936 δ’·
1111 1922 1206 1964 pro
1195 1921 1244 1947 28
1275 1908 1476 1964 puberem
1507 1917 1631 1948 aetate
1655 1909 1785 1951 telic-

140 207 181 236 U.

142 251 181 286 A.

140 1191 217 1222 Caesi
233 1200 252 1220 a
264 1192 335 1222 Vei-

140 1235 276 1266 entibus.

394 2049 435 2075 80
458 2045 686 2085 Multzplicatis
703 2046 734 2074 in
758 2049 847 2074 arcto
862 2041 1039 2081 ordinibus]

348 2089 462 2128 Quum
479 2088 623 2125 ordines,
639 2089 706 2117 sive
729 2088 824 2119 orbes
847 2088 907 2125 illi,
925 2088 1043 2126 quibus

349 2133 516 2163 Romanos
547 2132 740 2169 cingebant,
770 2131 881 2170 plures
913 2131 1044 2168 sie-rent,

348 2182 525 2215 propterea
549 2176 635 2214 quod
662 2175 695 2205 in
726 2182 857 2205 aretum
887 2184 1044 2214 cogeren-

348 2225 414 2249 tur.

393 2266 428 2293 81
458 2263 511 2294 Eo
525 2261 600 2301 nisi]
628 2260 667 2291 In
682 2271 754 2292 cam
779 2267 910 2302 partem
935 2262 1047 2292 niten-

350 2311 411 2337 tes.

393 2349 604 2390 82¹⁵Rupere
625 2358 729 2380 cuneo,
744 2347 848 2387 viam]
876 2348 914 2378 1n
943 2357 1044 2378 cunc-

349 2403 406 2423 um
430 2394 573 2424 formata
595 2393 677 2430 anic,
700 2392 786 2421 viam
813 2391 872 2422 sibi
899 2402 956 2431 per
979 2392 1045 2422 vim

349 2442 564 2476 aperuerunt.
609 2435 775 2475 Rumpere
790 2444 876 2474 sa’pe
892 2435 978 2465 idem
995 2443 1046 2465 est

349 2490 386 2509 :rc
404 2491 462 2520 pm·
477 2481 541 2509 vim
568 2487 600 2509 tet
625 2480 752 2520 impetu
777 2478 884 2508 facere
908 2478 1044 2518 aliquid.

349 2523 401 2552 Sic
417 2528 511 2563 rupto
535 2524 674 2559 turbine,
699 2527 733 2552 et
760 2523 929 2561 rumpebat
956 2532 1046 2562 uiues-

349 2571 414 2602 tus,
432 2566 519 2606 apud
538 2566 726 2606 Virgilium.

393 2613 431 2640 83
463 2609 586 2649 [sunna]
625 2610 677 2639 Sic
705 2609 882 2649 scriptores
914 2617 1043 2646 omnes,

349 2653 405 2691 qui
424 2653 484 2682 bac
501 2652 539 2682 du
558 2662 591 2681 re
610 2658 763 2692 egerunt.
811 2651 854 2682 Et
871 2661 950 2682 sane
974 2662 1044 2681 om-

350 2705 420 2731 nes,
436 2696 492 2734 qui
517 2695 673 2735 proximis
697 2696 904 2735 temporibus
928 2696 959 2725 in
986 2704 1045 2724 an-

351 2739 480 2768 nalibus
512 2743 545 2768 et
574 2738 801 2768 consularibus
831 2738 923 2768 fastis
955 2738 1044 2768 Fabii

351 2782 573 2821 reperiuntur,
599 2782 639 2811 ab
665 2791 731 2811 uno
754 2782 794 2820 Ω.
821 2781 918 2812 Fabio
946 2781 992 2811 M.
1012 2778 1044 2812 F.

348 2824 513 2856 Vibulano
540 2824 694 2855 videntur
719 2825 804 2854 orti:
841 2824 1046 2865 quandoqui-

1088 2042 1163 2073 dem
1188 2043 1344 2084 deinceps
1367 2045 1508 2084 proximi
1534 2050 1663 2084 patrem
1681 2045 1788 2086 Quin·

1088 2093 1174 2124 tum,
1199 2098 1297 2117 avum
1323 2089 1501 2125 Marcum3
1530 2090 1735 2126 remotiores,
1751 2100 1786 2120 a·

1087 2141 1164 2160 vum
1179 2131 1344 2170 Quintum
1368 2131 1462 2161 illum
1490 2131 1642 2162 habuisse
1665 2133 1699 2163 in
1722 2132 1788 2163 sas·
1818 2170 1821 2173 η

1086 2175 1130 2203 tis
1156 2174 1327 2213 leguntur.
1375 2175 1470 2205 Solus
1496 2175 1688 2216 Dionysius,
1712 2186 1786 2215 quae

1092 2218 1131 2247 de
1170 2228 1236 2248 uno
1273 2220 1452 2257 super-stite
1483 2218 1581 2249 Fabiu
1614 2219 1786 2257 (licuntur,

1089 2268 1250 2299 tanquam
1273 2261 1444 2291 theatricis
1472 2263 1641 2301 figmentis
1666 2262 1789 2293 similia

1090 2306 1210 2342 rejicit,
1229 2306 1305 2343 quia
1323 2306 1382 2345 ipat
1399 2306 1470 2336 ficri
1487 2307 1623 2335 omnino
1641 2315 1707 2336 non
1731 2316 1787 2345 po-

1088 2349 1191 2378 tuisse
1216 2348 1377 2385 videatur,
1396 2356 1433 2378 nt
1457 2359 1522 2378 nun
1547 2349 1742 2387 quibusdam
1767 2359 1785 2380 e

1090 2393 1247 2421 trecentis
1275 2391 1337 2421 illis
1366 2392 1472 2422 fabiis
1499 2399 1558 2422 aut
1580 2391 1699 2422 fratres
1724 2394 1786 2423 im-

1091 2436 1228 2474 puberes
1258 2441 1383 2472 essent,
1406 2443 1465 2466 ant
1489 2435 1560 2465 filii.
1605 2436 1669 2465 Sed
1694 2436 1787 2466 nulla

1083 2479 1155 2516 jam
1183 2485 1241 2508 aut
1268 2488 1369 2518 parva
1394 2478 1572 2508 admodum
1600 2486 1787 2510 remaneret

1089 2522 1280 2558 difficultas,
1297 2523 1322 2552 si
1340 2532 1415 2552 cum
1436 2522 1606 2552 Perizonio
1623 2527 1785 2553 statu-ere—

1088 2571 1156 2602 tur,
1180 2566 1277 2604 lunge
1306 2566 1478 2595 minimam
1505 2566 1537 2594 in
1562 2566 1626 2595 isto
1650 2567 1784 2605 agmine

1088 2617 1218 2649 partem
1249 2619 1265 2638 e
1295 2608 1399 2638 Fabiis
1428 2608 1506 2647 ipsis
1537 2608 1648 2639 fuisse.
1695 2610 1783 2640 Eum

1089 2651 1160 2682 ride
1179 2652 1250 2682 loco
1266 2661 1366 2691 supra
1382 2659 1576 2682 memorato,

1133 2698 1173 2726 34
1197 2694 1305 2734 Prope
1335 2695 1490 2734 puberem
1526 2695 1636 2733 oeealc]
1684 2696 1784 2726 Hunc

1089 2738 1204 2768 eodem
1223 2738 1321 2768 modo
1338 2744 1433 2768 vocnt
1450 2737 1511 2768 hoc
1536 2738 1606 2768 locu
1630 2739 1785 2778 Dionysi·

1091 2791 1128 2811 ns
1145 2778 1266 2817 παιδίον,
1282 2781 1349 2811 sive
1374 2781 1563 2820 puerulum.
1609 2782 1705 2812 Tunc
1723 2783 1786 2821 igi-

1090 2832 1147 2855 tur
1172 2825 1277 2863 major
1304 2825 1464 2856 tredecim
1497 2825 1590 2856 annis
1619 2835 1689 2856 esse
1718 2834 1783 2857 nun
