1991 3250
152 230 194 261 U.
209 231 243 261 C.
260 235 332 262 289.

151 273 189 305 Α.
205 275 241 304 C.
257 276 331 306 463.

138 1366 180 1395 U.
194 1365 229 1395 C.
245 1367 318 1397 290.

137 1409 177 1439 A.
193 1409 229 1438 C.
243 1410 318 1439 46⁶2.

137 1452 180 1482 A.
191 1453 299 1481 Postu·

138 1496 214 1530 mio,
231 1495 284 1533 Sp.

137 1538 233 1569 Furio
251 1538 337 1570 Coss.

369 125 442 160 156
862 107 872 111 ’
919 124 1056 163 T1T1
1092 124 1263 163 mvn

366 237 504 279 eoque
533 223 720 275 vaniora,
746 224 854 266 ferre
885 225 937 266 ad
968 225 1088 267 alios.
1111 240 1258 267 cursus
1281 224 1524 281 clamorque
1545 225 1793 269 vocantium

365 280 420 322 ad
441 281 692 331 armahaud
715 282 897 324 multum
919 297 944 322 a
967 297 1123 338 pavore
1144 294 1284 338 captae
1307 283 1422 323 urbis
1444 283 1605 324 abesse.
1663 283 1792 325 Forte

363 338 419 378 ab
440 336 600 394 Algido
625 338 856 385 Quinctius
878 339 1026 380 consul
1049 340 1233 380 redierat
1258 339 1456 390 Romam,
1477 340 1540 392 (id
1560 340 1794 382 remedium

363 395 510 436 timori
532 394 633 444 fuit)
658 395 927 451 tumultuque
949 395 1110 448 sedato,
1132 396 1267 437 victos
1291 397 1429 437 timeri
1451 397 1674 452 increpans
1694 397 1794 438 hos-

363 459 442 502 tes,
465 452 663 507 praesidia
686 453 819 507 portis
851 452 1057 508 inposuit.
1118 453 1283 493 Vocato
1315 454 1438 494 dein*
1461 464 1624 504 senatu,
1645 468 1793 508 quum,

361 521 417 549 ex
441 509 697 550 auctoritate
718 508 895 550 Patrum
917 509 1114 563 ⁷justitio
1138 509 1316 560 indicto,
1335 509 1553 565 profectus
1574 511 1627 551 ad
1649 518 1796 551 tutan-

359 565 438 606 dos
461 565 566 606 fines
588 574 714 616 esset,
736 565 794 612 Q.
818 566 999 606 Servilio
1021 565 1226 621 praefecto
1245 568 1361 608 urbis
1377 567 1543 618 relicto,
1560 567 1728 609 hostem
1750 567 1795 608 in

361 619 502 678 agrisb
533 635 618 663 non
654 622 833 662 invenit.
895 621 966 663 Ab
999 624 1131 664 altero
1167 620 1436 665 consuleres
1469 636 1590 680 gesta
1619 625 1792 680 egregie

359 688 439 719 est.
462 678 549 732 qui,
571 692 657 733 qua
686 688 916 720 venturum*
945 679 1114 720 hostem
1143 680 1320 730 sciebat,
1342 695 1517 736 gravem
1539 682 1698 738 praeda,
1719 695 1793 722 eo-

359 749 443 790 que
473 735 730 790 inpeditiore
761 736 934 791 agmine
964 736 1234 777 incedentem
1255 737 1493 794 adgressus,
1517 737 1729 780 funestam
1752 738 1792 780 ei

359 791 685 847 populationem
722 791 840 833 fecit.
902 792 1049 841 Pauci„
1065 793 1256 845 hostium
1295 809 1466 836 evasere
1502 810 1556 837 ex
1596 795 1789 837 insidiis:

358 848 507 903 praeda
538 849 679 889 omnis
711 858 883 905 recepta
913 859 992 890 est.
1025 850 1086 890 sic
1118 849 1247 891 finem
1274 849 1463 905 justitio,
1484 853 1601 907 quod
1629 852 1792 908 quatri-

358 905 490 946 duum
514 904 611 957 fuit,
633 905 793 947 reditus
825 906 1021 952 Quinctii
1054 907 1240 948 consulis
1263 907 1305 948 in
1327 909 1476 950 urbem
1501 909 1617 951 fecit.
1647 915 1661 937 ⁸
1678 909 1791 950 Cen-

357 977 427 1003 sus
458 962 612 1004 deinde
642 972 778 1014 actus,
799 973 842 1004 et
862 964 1084 1005 conditum
1108 966 1186 1005 abe
1209 964 1418 1011 Quinctio
1447 966 1642 1007 lustrum.
1664 980 1792 1007 censa

356 1019 519 1060 civium
539 1021 685 1076 capita
714 1030 889 1062 centum
911 1028 1095 1076 quatuor
1127 1021 1259 1063 millia
1280 1030 1323 1063 et
1352 1022 1538 1064 ducenta
1558 1030 1573 1053 9
1588 1032 1791 1078 quatuor-

356 1072 524 1118 decim‘1
552 1076 768 1129 dicuntur,
793 1083 822 1104 ¹⁰
840 1087 996 1134 praeter
1026 1078 1153 1119 orbos
1184 1080 1408 1134 orbasque.
1470 1079 1522 1121 In
1553 1079 1706 1135 AEquis
1726 1081 1790 1120 ni-

355 1132 419 1173 hil
449 1132 603 1174 deinde
636 1134 913 1176 memorabile
943 1143 1103 1176 actum.
1137 1135 1180 1176 in
1215 1136 1375 1193 oppida
1408 1151 1485 1178 sua
1505 1150 1549 1178 se
1578 1150 1791 1194 recepere,

355 1189 427 1230 uri
460 1204 536 1231 sua
570 1191 850 1246 popularique
883 1193 1010 1248 passi.
1073 1192 1250 1244 Consul,
1283 1207 1416 1248 quum
1453 1193 1678 1249 aliquoties
1715 1207 1790 1249 per

353 1261 526 1288 omnem
550 1247 741 1289 hostium
763 1263 914 1304 agrum
937 1248 1094 1290 infesto
1116 1251 1289 1305 agmine
1321 1251 1648 1306 populabundus
1672 1251 1788 1302 isset,

353 1318 452 1345 cum
476 1304 640 1359 ingenti
665 1305 788 1346 laude
811 1306 1040 1362 praedaque
1064 1306 1249 1348 Romam
1272 1308 1412 1348 rediit.

402 1360 475 1402 IV.
501 1360 709 1403 Consules
733 1362 832 1403 inde
855 1362 909 1404 A.
929 1363 1175 1405 Postumius
1194 1364 1343 1415 Albus,
1360 1365 1435 1420 Sp.
1457 1364 1610 1406 Furius
1637 1364 1789 1406 Fusus.

355 1420 384 1442 ¹¹
401 1418 552 1460 Furios
575 1418 727 1461 Fusios
761 1419 967 1476 scripsere
996 1421 1185 1476 quidam.
1209 1422 1251 1462 id
1284 1421 1510 1473 admoneo,
1531 1436 1584 1462 ne
1606 1421 1702 1477 quis
1723 1421 1791 1462 in-

352 1475 637 1517 mutationem
671 1477 858 1518 virorum
889 1478 1081 1534 ipsorum
1111 1492 1217 1530 esse,
1239 1493 1335 1534 quae
1364 1479 1588 1520 nominum
1610 1488 1689 1530 est,
1712 1493 1791 1534 pu-

355 1542 433 1574 tet.
497 1531 628 1575 Haud
659 1534 842 1576 dubium
871 1544 975 1586 erat,
995 1535 1101 1590 quin
1131 1550 1231 1577 cum
1262 1535 1416 1591 AEquis
1438 1536 1544 1578 alter
1564 1534 1790 1577 consulum

391 1623 404 1637 ⁸
417 1618 524 1647 deinde
537 1620 634 1648 Gron.
650 1620 741 1649 Crev.
870 1618 885 1639 ¹³
899 1630 976 1658 agro
991 1619 1074 1650 Eaed.
1213 1626 1226 1639 θ
1240 1631 1259 1650 α
1273 1621 1357 1650 Eaed.
1496 1620 1510 1641 ‘¹
1524 1626 1643 1652 centum
1657 1625 1789 1661 quatuor

345 1668 374 1692 et
388 1662 505 1700 viginti
518 1663 618 1691 millia
633 1662 763 1693 ducenta
779 1664 953 1703 quindecim
968 1664 1066 1694 Gron.
1082 1673 1138 1703 pro
1153 1664 1326 1705 quindecim
1340 1664 1435 1694 habet
1446 1665 1679 1705 quatuordecim
1693 1665 1787 1696 Crev-

347 1738 487 1777 derant;
525 1739 671 1779 adeoque
702 1739 885 1770 mendaciis
919 1740 1047 1770 auctio-

348 1792 394 1813 ra.

391 1829 409 1860 7
433 1825 568 1856 Juctitio
589 1825 725 1866 indicto]
752 1825 869 1856 Fusius
901 1827 1047 1867 explicat

347 1874 462 1899 noster
485 1870 562 1908 quid
579 1870 624 1900 sit
637 1868 822 1911 justitium,
839 1869 926 1900 infra
949 1880 978 1901 c.
994 1873 1046 1905 27.

346 1913 398 1942 his
429 1913 555 1943 verbis:
582 1911 755 1954 justitium
785 1914 902 1944 edicit:
939 1915 1048 1945 claudi

345 1957 497 1986 tabernas
512 1961 578 1987 tota
601 1958 679 1987 urbe
693 1954 809 1997 jabet:
832 1961 920 1988 vetat
936 1967 1046 1998 quem-

343 2010 444 2042 quam
465 2001 609 2039 privaeae
645 2001 818 2041 quicquam
855 2002 905 2031 rei
934 2011 1043 2040 agere.

345 2043 530 2073 Dicebatur
547 2042 722 2083 justitium
748 2054 787 2073 ex
814 2053 853 2074 eo
881 2045 969 2083 quod
985 2042 1046 2085 jus

343 2087 524 2124 sisteretur,
544 2087 612 2117 sive
630 2086 823 2125 jurisdictio
841 2088 1046 2118 intermitte·

345 2135 448 2160 retur.
496 2129 567 2159 Hoc
585 2131 618 2159 in
634 2130 854 2160 tumultuosis
871 2141 909 2160 ac
927 2132 1046 2162 turbu·

345 2173 445 2203 lentis
457 2174 664 2213 temporibus
675 2173 802 2204 solebat
815 2174 930 2212 indici,
940 2185 1043 2214 quum

346 2222 406 2247 aut
432 2217 654 2257 propinquum
687 2218 790 2247 muris
818 2217 956 2256 bellum,
986 2223 1045 2248 aut

345 2259 492 2290 violenta
528 2260 618 2290 intra
646 2261 763 2290 urbem
794 2260 927 2299 seditio,
958 2262 1043 2292 cives

346 2313 461 2334 omnes
485 2313 505 2333 a
528 2304 731 2344 privatarum
757 2313 868 2334 rerum
893 2314 973 2335 cura
1003 2305 1045 2335 ad

345 2346 515 2387 publicam
534 2347 705 2377 avocabat.
729 2377 733 2380 ,

390 2393 408 2421 8
438 2391 556 2421 Census
572 2411 599 2420 ..
614 2409 645 2420 ..
663 2390 771 2431 actus]
793 2390 920 2421 Census
937 2400 956 2420 a
973 2391 1043 2421 Ser.

344 2432 457 2463 Tullio
475 2443 563 2473 rege,
582 2439 619 2464 ut
636 2434 778 2464 vidimus
798 2434 822 2464 l.
839 2436 891 2464 42.
908 2434 1044 2464 institu-

345 2482 414 2512 tus,
431 2483 465 2506 et
489 2483 608 2516 quater
631 2482 738 2514 aetus,
755 2482 841 2507 teste
864 2477 937 2507 Val.
954 2477 1043 2507 Max.

345 2518 367 2549 l.
387 2519 448 2549 111.
468 2530 496 2549 c.
520 2524 551 2550 4.
575 2526 737 2559 regnante
753 2520 872 2550 deinde
897 2521 1045 2561 Superbo

346 2563 573 2600 intermissus,
591 2564 737 2593 secundo
753 2568 826 2604 post
845 2568 977 2594 exactos
994 2574 1044 2594 re-

346 2615 402 2644 ges
435 2616 522 2635 anno
555 2612 726 2637 revocatus
765 2606 886 2645 fuerat,
904 2614 1039 2637 auctore

345 2650 484 2688 Dionys.
509 2649 530 2679 l.
555 2649 595 2679 V.
634 2650 700 2680 Ter
723 2650 840 2680 deinde
857 2654 934 2680 ante
949 2650 1039 2681 hune

346 2701 472 2721 annum
491 2696 602 2722 actum
619 2703 702 2730 esse,
718 2694 825 2733 primo
841 2704 860 2724 a
876 2694 1038 2724 dictatore

346 2735 385 2764 Τ.
404 2734 530 2772 Lartio,
554 2745 642 2765 anno
666 2738 739 2767 956.
755 2741 829 2767 tuni
853 2747 873 2767 a
896 2737 1039 2767 consuli-

346 2779 406 2808 bus
437 2780 494 2818 Sp.
527 2779 651 2815 Cassio,
683 2780 839 2809 Postumo
871 2781 1036 2817 Cominio,

346 2831 435 2851 anno
459 2823 533 2851 2631.
557 2823 659 2852 tertio
681 2832 699 2851 :t
724 2823 760 2852 1..
789 2823 897 2860 Furio,
916 2825 952 2854 A.
970 2825 1037 2853 sive

346 2867 383 2895 ι’.
402 2864 529 2896 Manlio
552 2866 643 2896 Coss.
667 2875 755 2896 anno
778 2868 852 2897 980.
875 2867 1031 2898 discimus

1091 1751 1130 1771 ex
1149 1740 1265 1771 eodem
1281 1741 1456 1781 Dionysio.
1503 1742 1590 1773 Eum
1605 1741 1679 1772 vide
1696 1741 1786 1772 libris

1089 1784 1129 1814 V.
1155 1784 1210 1814 VI.
1236 1788 1270 1814 et
1294 1784 1352 1815 lx.
1398 1784 1506 1824 igitur
1529 1786 1582 1816 hic
1607 1794 1724 1815 census
1744 1784 1785 1815 de

1091 1837 1156 1866 quo
1180 1832 1269 1858 nunc
1294 1829 1364 1867 agit
1386 1827 1514 1868 Livius,
1538 1838 1646 1860 nonus
1673 1833 1724 1859 est
1745 1828 1787 1859 ab

1096 1871 1177 1901 urbe
1195 1871 1340 1902 condita.

1136 1919 1156 1949 9
1182 1914 1455 1955 Quatuordecim]
1473 1915 1527 1945 Sic
1543 1914 1644 1946 habet
1659 1914 1788 1947 Andre-

1091 1967 1139 1996 as,
1166 1965 1201 1988 et
1231 1962 1312 1988 vett.
1342 1958 1418 1988 libri
1445 1959 1583 1998 Sigonii,
1610 1963 1643 1989 et
1669 1968 1784 1988 omnes

1091 2003 1207 2032 nostri.
1252 2001 1361 2040 Vulgo
1378 2011 1468 2032 nunc
1485 2002 1679 2041 quindecim.

1137 2049 1175 2075 10
1201 2045 1333 2076 Proecer
1361 2045 1446 2075 orbos
1474 2045 1640 2086 orba-eque]
1674 2044 1784 2084 Atque

1089 2089 1191 2119 etiam
1205 2089 1344 2119 feminas
1355 2098 1484 2126 omnes,
1494 2099 1626 2129 pueros„
1638 2089 1786 2127 servitia,

1089 2133 1327 2171 negotiatores,
1341 2132 1475 2171 opifices
1487 2132 1685 2171 inquilinos:
1704 2141 1785 2171 quo-
1822 2167 1825 2170 ¹

1089 2185 1163 2206 rum
1180 2175 1314 2215 quidem
1328 2175 1568 2214 inquilinorum
1583 2185 1705 2215 magna
1718 2175 1784 2206 Ro-

1089 2229 1152 2249 mae
1170 2219 1264 2259 copia
1280 2225 1364 2256 erat,
1375 2225 1552 2259 propterea
1563 2219 1650 2258 quod
1662 2219 1784 2249 Roma-

1089 2263 1122 2292 ni
1141 2262 1208 2292 fere
1225 2263 1311 2301 agris
1328 2263 1502 2300 vacabant,
1515 2272 1576 2293 nec
1593 2262 1692 2301 vulgo
1707 2266 1782 2292 tum

1089 2310 1148 2335 aut
1165 2307 1333 2336 institores
1346 2309 1441 2336 eraut
1453 2307 1627 2343 mercium,
1641 2310 1699 2336 aut
1715 2305 1784 2337 ulla.

1089 2348 1257 2379 sellularia
1302 2354 1372 2379 arte
1410 2350 1534 2380 victum
1574 2349 1780 2387 quaerebant.

1089 2392 1178 2431 Quin
1195 2393 1297 2422 etiam
1315 2392 1348 2422 id
1364 2402 1423 2432 per
1439 2393 1527 2432 leges
1538 2392 1603 2422 illis
1619 2401 1685 2422 non
1699 2391 1781 2422 licu-

1090 2436 1152 2465 isso
1168 2436 1347 2475 Dionysius
1372 2436 1515 2466 affirmat
1531 2435 1552 2465 Ι.
1569 2435 1612 2465 11.
1630 2445 1661 2475 p.
1677 2437 1730 2469 93.
1746 2442 1780 2466 et

1088 2478 1109 2508 1.
1134 2478 1192 2509 lx.
1218 2489 1249 2518 p.
1267 2482 1340 2510 583.
1355 2479 1412 2509 sed
1428 2479 1490 2510 hoc
1506 2488 1572 2509 non
1589 2485 1679 2508 caret
1695 2478 1780 2509 diffi-

1089 2522 1228 2553 cultate.
1273 2523 1321 2553 Ut
1344 2526 1382 2552 nt
1404 2523 1460 2560 sit,
1479 2522 1596 2552 horum
1612 2522 1778 2560 omnium,

1090 2575 1171 2604 quos
1203 2565 1301 2595 modo
1333 2566 1574 2603 recensuimus,
1604 2574 1778 2603 numerus,

1084 2609 1201 2639 eodem
1228 2609 1388 2648 Dionysio
1417 2614 1566 2645 auctore,
1594 2607 1615 2637 l.
1641 2608 1699 2638 lx.
1725 2609 1776 2638 his

1085 2653 1290 2692 temporibus
1314 2652 1436 2682 civium
1461 2661 1634 2681 censorum
1661 2661 1779 2682 nume-

1085 2705 1159 2726 rum
1175 2695 1278 2735 triplo
1295 2695 1485 2725 excedebat.

1132 2741 1163 2769 ll
1192 2739 1306 2769 Furios
1322 2738 1430 2768 Fusios
1455 2740 1608 2777 scripsere
1623 2735 1771 2778 quidam]

1081 2783 1172 2822 Quos
1188 2781 1303 2812 Furios
1317 2781 1471 2820 dicimus,
1483 2781 1617 2821 quidam
1634 2783 1775 2823 scripse-

1084 2836 1117 2857 re
1134 2825 1255 2858 Fusios.
