1925 3239
527 103 590 141 LI
603 103 648 142 B.
677 103 749 141 IX.
789 104 923 142 CAP.
950 100 1078 142 XXV.
1440 112 1513 146 5⁶25

84 208 230 263 quenti
254 215 394 258 nocte,
417 207 495 248 sub
528 208 689 263 oppido
724 207 989 249 silvestribus
1019 208 1125 249 locis
1147 208 1395 251 cohortibus
1419 212 1520 252 insi-
1533 218 1574 249 U.
1593 218 1629 248 C.
1647 220 1721 249 41⁴0.

85 265 342 320 de1·ejussiS‚
364 265 512 305 decem
545 265 700 305 milites
728 264 914 305 delectos
938 279 1079 305 secum
1104 280 1177 320 per
1196 267 1325 306 ardua
1349 282 1399 307 ae
1425 283 1521 323 pro·
1535 263 1572 292 A.
1590 262 1714 292 C·3¹‘·'·

84 333 138 375 pe
161 321 276 362 invia
298 322 338 361 in
362 335 499 362 arcem
524 321 668 372 ducit3
704 321 908 376 pluribus,
931 336 1057 376 quam
1094 336 1168 376 pro
1199 337 1375 364 numero
1411 327 1520 365 viro-

84 391 193 427 rum,
228 377 458 418 missilibus
494 377 585 417 telis
621 392 672 417 eo
704 377 897 418 conlatis.
959 378 1026 418 Ad
1065 378 1157 418 liaec
1191 393 1294 419 saxa
1323 392 1455 432 erant,
1479 392 1522 422 et

85 445 242 475 temere
265 434 457 489 jacentia
490 439 556 486 (ut.
587 433 654 482 fit)
687 433 728 474 in
759 435 954 488 aspretiS,
980 445 1021 475 et
1053 435 1104 474 de
1136 435 1344 477 industria
1375 438 1520 489 etiam,

84 505 170 544 quo
192 491 309 531 locus
343 492 474 531 tutior
503 499 627 541 esset,
651 491 705 531 ab
736 491 963 546 oppidanis
997 500 1217 547 congesta.
1278 493 1362 533 Ubi
1388 509 1518 548 quum

83 548 375 588 constituisset
409 547 642 597 Romanos,
677 548 957 602 semitamque
989 558 1215 603 angustam
1251 558 1294 589 et
1330 551 1518 601 arduam,

85 614 269 645 erectam
297 618 350 644 ex
381 604 542 659 oppido
577 604 617 643 in
651 617 807 653 arcem,
830 604 1109 654 ostendisset3
1142 604 1235 645 IIoc
1267 606 1425 661 quidem
1445 608 1519 647 ad-

84 674 234 712 scensu,
257 661 411 715 inquit,
440 660 504 701 vel
540 668 618 700 tres
648 661 800 701 armati
829 660 1048 715 quamlibet
1078 661 1372 703 multitudinem
1403 679 1520 704 arcu-

84 716 190 758 erint
207 734 219 758 .-
249 732 317 757 vos
337 724 374 757 et
395 716 524 757 decem
545 731 725 766 numero,
747 723 798 767 et,
822 717 929 772 quod
941 717 1036 771 plns
1056 724 1126 768 est,
1151 717 1342 770 Romani,
1366 718 1516 761 Roma·

86 787 306 829 noruntque
312 773 539 828 fortissimi
552 774 634 814 viri
650 774 801 822 estis,et
817 776 924 814 locus
941 789 1018 828 pro
1037 774 1210 824 v0l›2's,et
1232 790 1308 816 uox
1329 777 1420 826 erit,
1435 792 1520 832 qua:

87 831 221 870 omnia
242 845 288 871 ex
308 830 457 871 ‘incerto
479 831 635 885 mqjora
655 829 808 871 territis
823 837 1007 871 ostentat.
1055 831 1246 886 Egojnm
1268 839 1416 874 terrore
1437 849 1520 874 om-

86 887 157 927 nia
179 887 374 942 implebo,·
413 901 480 927 vos
501 901 632 927 arcem
652 886 797 927 intenti
819 894 956 927 tenete.
1002 886 1201 928 Decurrit
1227 889 1338 938 inde,
1360 901 1520 944 quanto

86 945 277 984 maxime
295 953 475 998 poterat,
493 959 591 984 cuin
612 943 810 993 tumultu,
827 943 882 983 od
901 959 1029 993 arma,
1046 955 1087 984 et
1103 959 1181 998 pro
1198 947 1519 1001 vestmmjidem,

87 1000 218 1040 cives!
258 1000 496 1049 clamitans,
529 1015 604 1040 arsi*
632 1000 683 1040 al)
715 1000 893 1040 hostibus
922 1009 1041 1055 capta
1078 1008 1162 1049 e.s·t;
1209 1003 1275 1050 ite,
1308 1002 1519 1059 defendite.

89 1055 200 1096 Haec
232 1057 421 1097 incidens
457 1056 695 1111 principum
729 1055 906 1106 foribus,
940 1058 1035 1098 haec
1066 1058 1219 1109 obviis,
1243 1059 1334 1100 haec
1369 1074 1521 1101 excur-

88 1113 279 1154 rentibus
310 1114 351 1153 in
384 1113 601 1169 publicum
633 1113 797 1168 pavidis
822 1114 1025 1169 increpat.
1086 1114 1323 1170 Acceptum
1349 1118 1403 1156 ab
1436 1132 1520 1158 uno

89 1183 289 1225 pavorem
327 1170 462 1225 plures
505 1185 579 1224 per
616 1171 762 1210 urbem
802 1170 958 1210 ferunt.
1016 1170 1189 1226 Trepidi
1232 1173 1519 1227 magistratus,

87 1227 225 1267 missis
248 1227 297 1267 ad
323 1241 460 1268 arcem
480 1226 840 1283 exploratoribus,
857 1242 986 1281 quum
1011 1228 1094 1267 tela
1112 1238 1153 1268 et
1172 1240 1356 1268 armatos
1379 1240 1521 1271 tenere

86 1297 226 1324 arcem
249 1283 533 1338 multiplicato
556 1298 733 1324 numero
756 1285 965 1334 audirent,
988 1295 1186 1325 avertunt
1216 1286 1379 1326 animos
1401 1301 1424 1327 a
1447 1302 1521 1342 spe

87 1341 388 1395 recuperandae
411 1340 533 1381 arcis.
595 1340 717 1395 Fuga
739 1350 896 1381 cuncta
918 1340 1201 1395 complentur,
1226 1352 1445 1397 portaeque
1466 1346 1520 1385 ab

89 1397 356 1438 semisomnis
378 1413 427 1438 ac
449 1398 638 1438 maxima
671 1405 788 1452 parte
811 1398 1044 1438 inermibus
1068 1397 1385 1454 refringuntur:
1417 1414 1521 1454 qua—

88 1468 181 1494 rum
205 1468 279 1510 per
310 1469 436 1494 unam
469 1457 500 1480 ⁹⁷
517 1453 761 1510 praesidium
797 1453 1039 1495 Romanum
1070 1454 1255 1495 clamore
1284 1456 1522 1498 excitatum

90 1511 312 1565 inrumpit,
334 1520 377 1551 et
399 1518 699 1551 concursantes
731 1514 763 1536 ⁹8
779 1525 854 1565 per
886 1511 994 1551 viam
1020 1511 1195 1565 pavidos
1222 1513 1363 1553 caedit.
1422 1513 1522 1555 Jam

91 1567 196 1608 Sora
230 1576 355 1622 capta
388 1575 490 1618 erat,
521 1581 653 1622 quum
683 1567 877 1608 consules
911 1568 1043 1623 prima
1072 1568 1166 1609 luce
1195 1568 1427 1622 advenere3
1462 1581 1520 1622 et,

89 1638 196 1679 quos
220 1624 402 1679 reliquos
425 1624 596 1665 fortuna
625 1638 679 1664 ex
702 1634 911 1665 nocturna
933 1624 1051 1665 caede
1081 1639 1130 1666 ac
1160 1624 1263 1680 fuga
1285 1625 1455 1678 fecerat,
1477 1628 1517 1668 in

89 1681 351 1723 deditionem
391 1681 623 1736 accipiunt.
686 1680 752 1721 Ex
787 1681 853 1729 his
886 1682 1092 1722 ducentos
1129 1681 1282 1737 viginti
1317 1683 1520 1739 quinque,

89 1738 161 1792 qui
185 1738 376 1778 omnium
398 1752 606 1778 consensu
629 1737 952 1779 destinabantur
980 1748 1023 1778 et
1053 1737 1240 1779 infandae
1271 1741 1519 1781 colonorum

89 1795 220 1836 caedis
253 1805 297 1835 et
333 1794 587 1835 defectionis
625 1804 835 1846 auctores,
873 1796 1038 1836 vinctos
1073 1795 1255 1836 Romam
1290 1796 1520 1837 deducunt.

89 1860 274 1892 ceteram
305 1851 622 1892 multitudinem
654 1852 926 1903 incolumem,
949 1851 1147 1907 praesidio
1177 1852 1378 1906 inposito,
1402 1854 1520 1894 Sorae

89 1908 349 1963 relinquunt.
410 1908 587 1958 Omnes,
618 1909 691 1962 qui
724 1908 907 1949 Romam
939 1909 1108 1950 deducti
1146 1919 1279 1959 erant,
1313 1910 1441 1965 virgis
1476 1911 1520 1951 in

91 1963 186 2006 foro
208 1965 324 2016 caesi,
345 1979 395 2006 ac
431 1965 564 2006 securi
599 1965 786 2019 percussi
819 1980 986 2006 summo
1018 1966 1176 2021 gaudio
1208 1965 1366 2020 plebis3
1398 1966 1521 2022 cujus

90 2021 280 2062 maxime
301 2022 513 2071 intererat,
527 2030 662 2071 tutam
684 2023 855 2076 ubique,
870 2037 965 2077 quae
982 2022 1136 2078 passim
1156 2023 1197 2063 in
1217 2021 1406 2064 colonias
1424 2024 1523 2064 mit-

92 2086 266 2128 teretur,
284 2078 601 2119 multitudinem
621 2092 725 2119 esse.

151 2134 309 2176 XXV.
341 2134 564 2185 Consules,
587 2136 641 2175 ab
664 2135 771 2175 Sora
800 2133 998 2190 profecti,
1021 2135 1062 2175 in
1097 2149 1220 2190 agros
1247 2144 1375 2190 atque
1398 2137 1522 2178 urbes

93 2190 318 2233 Ausonum
352 2191 508 2232 bellum
539 2191 788 2232 intulerunt.
820 2200 936 2231 mota
966 2206 1149 2246 namque
1170 2192 1316 2233 omnia
1336 2193 1519 2235 adventu
1534 2210 1673 2240 Ausones

94 2248 367 2299 Samnitium,
397 2263 535 2303 quum·
565 2248 675 2303 apud
711 2248 912 2290 Lautulas
947 2248 1196 2289 dimicatum
1229 2259 1308 2299 est,
1338 2249 1719 2304 fuer-ant,*{elloappe·

93 2305 499 2360 conjurationesque
528 2306 642 2345 circa
666 2304 944 2359 Campaniam
971 2305 1126 2360 passim
1158 2305 1300 2346 factae.
1339 2321 1416 2347 nec
1440 2307 1523 2348 Ca·
1535 2301 1598 2328 tm·

93 2377 179 2418 pua
199 2363 292 2418 ipsa
313 2362 492 2403 crimine
514 2363 664 2402 caruit.
695 2366 727 2388 9⁹
741 2362 843 2416 quin
868 2361 1050 2402 Romam
1075 2376 1244 2416 quoque
1270 2372 1312 2402 et
1333 2363 1385 2403 ad
1409 2365 1523 2418 prin-

94 2419 238 2475 cipum
269 2418 476 2473 quosdam
508 2418 782 2472 inquirendos
814 2428 986 2458 ventum
1019 2427 1096 2458 est.
1157 2418 1355 2459 Ceterum
1386 2422 1525 2460 Auso-

94 2489 196 2517 num
228 2489 332 2532 gens
356 2475 598 2531 proditione
621 2475 804 2525 urbium,
827 2475 936 2515 sicut
966 2475 1086 2526 Sora,
1108 2474 1150 2515 in
1179 2484 1431 2529 potestatem
1456 2491 1527 2517 ve-

136 2613 177 2645 97
201 2609 401 2640 Presidium
422 2607 620 2646 Romanum]
662 2607 787 2638 Cohor-
874 2611 914 2642 98
947 2607 1013 2638 Per
1042 2606 1127 2646 vias]
1163 2609 1231 2647 Sic*
1251 2609 1399 2641 voluerat
1435 2611 1529 2650 Sigo„

95 2656 158 2691 tes,
176 2662 250 2692 quae
272 2663 373 2692 supra
395 2653 556 2682 dicuntur
574 2651 786 2691 sylvestribus
831 2652 928 2681 nius:
962 2658 995 2680 et
1019 2651 1154 2681 firmant
1181 2653 1326 2691 quinque
1353 2665 1370 2683 e
1396 2655 1526 2695 scriptis

96 2696 176 2726 locis
191 2696 252 2726 sub
264 2695 385 2735 oppido
397 2695 566 2725 insedisse.
591 2694 790 2724 Praesidium
835 2694 968 2724 nostris.
1015 2694 1124 2733 Vulgo
1134 2703 1195 2733 per
1209 2697 1310 2725 vium.

95 2748 336 2777 nonnunquam
354 2739 440 2778 apud
456 2738 585 2768 Livium
599 2737 682 2767 nihil
699 2737 791 2767 aliud
879 2741 920 2771 99
937 2737 1028 2778 Quin
1043 2737 1179 2767 Romam
1193 2738 1323 2778 quoqzw]
1340 2739 1410 2769 Hoc
1425 2739 1528 2770 fusius

95 2786 160 2818 est,
177 2792 276 2820 quam
290 2782 438 2811 militum
455 2791 583 2811 manus.
602 2781 675 2811 Vid.
691 2789 791 2821 supra
837 2784 991 2810 narratur
1007 2791 1035 2810 c.
1052 2790 1120 2818 seq.

97 2824 172 2856 VII.
187 2827 239 2856 34.
257 2825 309 2856 36.
324 2830 358 2854 et
375 2828 426 2858 37.
