1925 3239
536 136 538 139 '
571 129 698 169 LIB.
724 130 810 168 VII.
848 131 976 169 CAP.
1002 130 1114 170 XXI.
1488 138 1562 172 421

125 228 174 269 ad
198 227 375 270 delubra
396 227 555 280 Vestae,
577 229 813 285 hospitium
836 229 1057 270 flaminum
1081 230 1402 286 Vestaliumque
1433 233 1487 273 ab
1518 248 1561 274 se
1574 243 1616 275 U.
1635 244 1672 275 C.
1689 244 1765 274 409.

123 294 239 325 caste
260 300 309 325 ac
331 285 526 340 religiose
556 286 718 326 cultum
752 286 1026 326 invocabant.
1089 289 1117 309 ¹4
1135 286 1250 326 Eune
1279 288 1456 338 meritos,
1477 303 1561 330 cre·
1574 287 1612 319 A.
1630 287 1668 318 C.
1690 289 1766 318 3⁵⁰·

122 340 235 380 deret
256 342 484 396 quisquam,
505 341 629 382 hostes
646 347 806 394 repente
822 341 906 381 sine
925 356 1066 381 caussa
1084 336 1263 393 factos?
1291 350 1381 393 aut,
1401 344 1434 384 si
1464 346 1565 399 quid

123 395 327 436 hostiliter
340 396 547 452 fecissent,
568 397 730 437 consilio
759 396 804 436 id
822 397 969 451 magis,
991 411 1114 451 quam
1135 403 1162 422 ¹⁵
1162 396 1316 452 fizrore
1337 398 1478 453 lapsos,
1488 400 1562 455 fe-

124 451 230 502 cisse,
252 459 296 492 ut
317 467 390 492 sua
412 459 542 493 vetera
565 452 766 506 beneficia,
785 451 917 493 locata
933 453 1157 506 praesertim
1173 454 1286 507 apud
1306 461 1391 495 tam
1441 463 1563 507 ratos,

127 509 241 548 novis
272 515 572 565 conrumperent
600 508 842 562 maleficiis?
865 508 1157 562 florentemque
1178 509 1376 563 populum
1408 470 1564 551 {oma-

125 577 218 603 num
239 563 579 618 acfelicissimum
597 563 699 604 bello
718 564 796 604 sibi
817 563 1056 604 desumerent
1080 565 1241 616 hostem,
1263 567 1378 620 cujus
1410 566 1565 619 adflicti

124 619 346 659 amicitiam
367 618 587 673 cepissent?
615 633 664 659 ue
683 618 933 674 adpellarent
953 619 1176 670 consilium,
1200 635 1294 675 quae
1327 622 1388 662 vis
1420 637 1466 661 ac
1498 637 1566 663 ne-

125 675 283 714 cessitas
313 674 556 728 adpellanda
588 681 699 715 esset.
762 674 1026 716 Transeuntes
1055 677 1217 731 agmine
1246 677 1389 731 irfiesto
1413 692 1489 732 per
1519 693 1566 718 α-

119 745 239 785 grum
270 745 383 770 suum
409 729 735 784 Tarquinienses,
758 745 882 785 quum
908 738 1055 784 praeter
1085 732 1193 772 viam
1216 732 1324 773 nihil
1349 734 1563 786 petissent,

123 787 294 826 traxisse
313 786 505 840 quosdam
527 787 761 841 agrestium,
775 786 1054 840 populationis
1073 788 1171 841 ejus,
1192 803 1286 842 quae
1307 789 1386 828 sibi
1405 790 1566 830 crimini

125 841 255 891 detur,
277 842 447 881 comites.
509 841 611 891 Eos,
630 857 697 883 sen
719 842 810 882 deda·
833 842 1009 896 placeat,
1031 843 1170 883 dedere
1198 858 1238 884 se
1268 851 1432 898 paratos
1462 860 1565 893 esse,-

124 911 191 936 seu
210 897 407 951 supplicio
430 895 565 950 adfici,
587 898 753 938 daturos
767 913 922 952 poenas.
984 901 1014 922 ¹⁶
1030 897 1154 948 Caere,
1175 900 1397 940 sacrarium
1421 900 1566 955 populi

126 951 318 1002 Romani,
346 952 614 994 deversorium
650 954 918 1004 sacerdotum,
950 968 997 993 ac
1029 955 1322 1008 receptaculum
1355 955 1565 996 Romano-

127 1022 215 1048 rum
246 1022 466 1058 sacrorum,
494 1009 692 1049 intactum
723 1009 1040 1064 inviolatumque
1070 1010 1238 1050 crimine
1269 1011 1377 1061 belli,
1397 1011 1566 1065 hospitio

129 1062 347 1104 Vestalium
364 1065 560 1119 cultisque
590 1064 689 1105 Diis
720 1065 877 1105 darent.
939 1065 1085 1105 Movit
1117 1066 1324 1120 populum
1358 1081 1442 1107 non
1479 1077 1567 1108 tam

126 1134 273 1160 caussa
296 1134 495 1175 praesenS,
514 1135 641 1174 quam
664 1130 785 1161 vetus
808 1121 1020 1170 meritum,
1043 1131 1087 1160 ut
1109 1122 1322 1172 maleficii,
1341 1137 1470 1176 quam
1493 1123 1567 1163 be-

125 1175 284 1225 neficii,
306 1176 447 1231 potius
470 1177 722 1217 inmemores
745 1186 898 1217 essent.
961 1176 1112 1230 Itaque
1136 1192 1218 1231 pax
1242 1179 1402 1233 populo
1427 1178 1564 1219 Caeri-
1577 1187 1685 1215 Pacem
1702 1187 1757 1217 im·

127 1232 156 1271 ti
181 1231 294 1282 data,
316 1232 594 1286 induciasque
616 1233 658 1272 in
681 1242 855 1273 centum
879 1246 1011 1273 annos
1045 1233 1178 1272 factas
1211 1234 1254 1273 in
1290 1243 1564 1275 senatuscon-
1577 1232 1712 1266 petrant.

125 1287 280 1327 sultum
304 1287 447 1328 referri
471 1288 646 1342 placuit.
707 1288 757 1328 In
782 1288 984 1337 Faliscos,
1005 1289 1155 1328 eodem
1187 1290 1340 1329 noxios
1371 1290 1781 1340 crimine,1‹*aliscisbel-

127 1344 190 1383 vis
211 1343 309 1384 belli
333 1357 538 1383 conversa
558 1352 649 1385 est:
683 1344 754 1384 sed
776 1343 918 1384 hostes
944 1358 1152 1397 nusquam
1177 1345 1355 1385 inventi.
1417 1346 1563 1391 Quum
1577 1343 1642 1371 ¹⁰³¹
1657 1343 1736 1372 1⁰¹⁸·

126 1399 404 1454 populatione
426 1399 638 1454 peragrati
662 1399 767 1439 fines
789 1408 943 1448 essent,
965 1400 1018 1439 ab
1042 1400 1365 1454 obpugnatione
1397 1388 1645 1442 urbiumtum

127 1464 435 1508 temperatum:
468 1454 796 1509 legionibusque
819 1455 1004 1495 Romam
1029 1455 1228 1505 reductis,
1252 1457 1457 1510 reliquum
1490 1471 1566 1496 an-

127 1511 169 1550 ni
196 1511 325 1550 muris
349 1511 616 1564 turribusque
636 1511 875 1551 reficiendis
898 1523 1186 1561 consumtum,
1208 1521 1251 1551 et
1285 1514 1397 1553 aedes
1428 1512 1566 1568 Apol-

127 1565 223 1606 linis
246 1567 443 1606 dedicata
462 1576 540 1606 est.

187 1621 327 1662 XXI.
360 1621 567 1662 Extremo
600 1636 713 1662 anno
749 1621 925 1662 comitia
959 1621 1197 1662 consularia
1232 1632 1447 1664 certamen
1486 1623 1746 1668 Pa-Discordiae

129 1686 241 1717 trum
273 1692 322 1717 ac
354 1677 489 1732 plebis
520 1678 705 1727 diremit,
727 1677 910 1717 tribunis
942 1678 1197 1731 negantibus
1220 1692 1415 1732 passuros
1437 1680 1617 1720 comi-de
1631 1682 1773 1729 consuia-

130 1734 190 1773 tia
211 1733 371 1783 haberi,
392 1734 434 1773 ni
459 1734 690 1773 secuudum
718 1733 924 1772 Liciniam
951 1733 1087 1787 legem
1123 1733 1405 1786 haberentur3
1436 1727 1616 1776 dicta-‘¹¹
1633 1723 1766 1762 plebeio.

130 1797 222 1829 tore
252 1790 468 1829 obstinato
500 1789 646 1829 tollere
678 1790 820 1843 potius
843 1797 981 1827 totum
1004 1803 1026 1827 e
1051 1790 1267 1842 republica
1288 1791 1571 1841 consulatum,

128 1859 256 1899 quam
288 1846 578 1898 promiscuum
612 1845 812 1885 Patribus
843 1858 893 1883 ac
933 1843 1044 1898 plebi
1088 1845 1241 1886 facere.
1303 1846 1570 1886 Prolatandis

129 1901 263 1955 igitur
283 1901 469 1940 comitiis
490 1915 619 1954 quum
644 1900 829 1940 dictator
850 1900 1101 1953 magistratu
1133 1901 1304 1950 abisset,
1329 1915 1392 1941 res
1423 1902 1474 1942 ad
1507 1903 1573 1942 in-

130 1966 373 2010 terregnum
398 1957 537 1996 rediit.
599 1955 805 1996 Infestam
828 1955 927 1994 inde
967 1954 1166 1995 Patribus
1196 1956 1365 2009 plebem
1396 1957 1570 1997 interre-

130 2026 204 2065 ges
227 2026 359 2065 quum
381 2012 662 2066 accepissent,
683 2011 735 2051 ad
759 2011 1031 2050 undecimum
1065 2011 1319 2066 interregem
1350 2012 1571 2052 seditioni-

131 2061 210 2108 bus
233 2077 440 2107 certatum
463 2077 541 2108 est.
590 2067 716 2122 Legis
743 2066 920 2106 Liciniae
945 2067 1231 2119 patrocinium
1254 2068 1414 2108 tribuni
1430 2069 1572 2122 jacta-

134 2126 251 2164 bant.
314 2122 496 2177 Propior
536 2123 656 2169 dolor
697 2122 809 2176 plebi
854 2121 1035 2160 foenoris
1078 2122 1412 2176 ingravescentis
1453 2133 1570 2165 erat:

135 2184 373 2231 ¹⁷curaeque
417 2180 598 2232 privatae
641 2178 683 2217 in
718 2176 1024 2217 certaminibus
1060 2178 1242 2231 publicis
1277 2180 1573 2234 erumpebant.

135 2236 329 2280 Quorum
356 2233 485 2273 taedio
510 2233 656 2274 Patres
691 2233 737 2273 L.
759 2231 1004 2272 Cornelium
1038 2232 1283 2287 Scipionem
1318 2235 1574 2289 interregem

132 2289 375 2331 concordiae
398 2303 546 2329 caussa
567 2290 792 2329 observare
813 2288 950 2342 legem
977 2287 1187 2328 Liciniam
1210 2290 1398 2330 comitiis
1419 2304 1574 2331 consu-

179 2416 216 2443 14
242 2412 340 2443 Eune
361 2411 503 2450 meritos]
529 2410 729 2441 Ancredere
746 2412 834 2450 quis·
878 2420 951 2440 eam
973 2410 1124 2441 hahendo
1140 2412 1310 2443 innoxiam
1332 2414 1372 2443 ab
1391 2410 1480 2444 'illati
1502 2413 1581 2444 belli

133 2466 232 2494 quam
257 2460 380 2494 posset,
397 2464 451 2483 eos
475 2454 531 2492 qui
548 2460 617 2483 tam
634 2454 763 2491 insigne
779 2454 835 2483 be·
879 2454 1029 2483 crimine.

136 2499 292 2528 neficium
333 2498 365 2526 in
397 2498 563 2526 Romanos
600 2497 834 2532 contulissent,
926 2499 961 2528 17
973 2496 990 2512 ²*
1006 2495 1097 2525 Curoe
1113 2516 1121 2525 .
1133 2497 1302 2536 .privatoe]
1322 2498 1418 2528 Curae
1434 2503 1468 2528 et
1492 2498 1582 2529 dolo-

134 2542 242 2570 hostes
261 2544 395 2579 repente
411 2540 482 2568 sine
499 2548 598 2567 causa
613 2538 740 2567 factos?
881 2547 930 2566 res
958 2537 996 2567 de
1026 2539 1161 2577 privatis
1185 2540 1402 2570 incommodis
1428 2551 1581 2580 erumpe-

182 2586 219 2613 15
243 2581 380 2618 Furore]
403 2581 517 2620 Captis
533 2586 567 2610 et
580 2580 730 2610 alienatis
743 2589 835 2610 men·
880 2580 960 2608 bant
991 2580 1024 2609 in
1055 2582 1293 2611 certaminibus
1323 2583 1362 2611 de
1400 2583 1581 2622 republica.

133 2626 233 2655 tibus.
880 2622 1010 2661 Nempe
1034 2623 1109 2652 odia
1132 2623 1336 2662 plebeiorum
1355 2625 1508 2655 adversus
1524 2635 1582 2664 pa-

185 2669 220 2697 16
248 2667 334 2697 Caere
351 2687 359 2696 .
371 2687 378 2695 .
394 2687 402 2695 .
415 2687 421 2694 .
435 2667 594 2695 intactum
615 2685 622 2692 .
635 2685 642 2693 .
658 2685 666 2694 .
678 2685 685 2693 .
706 2665 840 2693 crimine
882 2665 996 2693 tricios
1012 2666 1191 2702 acerbiora,
1208 2672 1308 2704 atque
1326 2667 1406 2696 adeo
1429 2669 1585 2697 certami-

135 2711 220 2744 belli,
238 2710 366 2748 hospilio
383 2710 548 2738 vestalium
569 2728 597 2736 ..
610 2706 739 2744 darent]
770 2706 840 2735 Sal·
885 2715 929 2735 na
965 2708 1185 2745 perx'icaciora
1221 2707 1386 2738 faciebant
1434 2711 1582 2748 privatae,

137 2762 211 2781 vam
230 2757 423 2791 praestarent
442 2751 600 2780 Caeritum
619 2750 788 2778 cixitatem
808 2750 839 2777 111
886 2758 966 2786 quas
982 2749 1022 2777 ab
1041 2748 1104 2778 illis
1119 2750 1346 2790 patiebantur,
1366 2752 1507 2790 injuriae.

139 2796 279 2833 gratiani
313 2793 442 2833 praebiti
480 2792 658 2822 vestalibus
697 2791 844 2829 hospitii,

903 2838 1022 2872 eet}
