1925 3239
298 127 375 161 488
862 119 1001 157 TITI
1041 119 1212 156 LIVII

87 238 129 270 U.
148 237 186 267 c.
199 238 274 268 430.
290 219 510 277 praesentia
527 219 776 262 moderatum
795 219 868 262 iroe
887 234 978 271 esse,
996 233 1043 260 ne
1065 218 1167 275 quid
1184 217 1233 260 de
1264 218 1421 276 collega
1451 235 1561 262 secus
1583 222 1740 278 populo

83 282 122 312 A.
140 280 177 312 C·
194 281 269 312 322.
296 284 371 319 aut
391 278 550 319 senatui
570 277 781 325 scriberet3
811 275 892 326 sed,
910 290 1032 331 quum
1053 275 1293 326 revertisset,
1308 277 1562 331 potissimum
1581 293 1628 320 ex
1660 280 1740 320 tri-

300 334 416 376 bunis
436 333 715 375 consularibus
735 332 936 383 habuisse,
955 347 1065 388 quem
1087 347 1133 373 ex
1155 331 1330 387 collegis,
1351 333 1508 387 optione
1527 334 1578 375 ab
1597 343 1742 376 senatu

299 392 414 442 data,
436 391 584 432 socium
603 390 686 431 sibi
708 389 867 444 imperii
888 388 1092 444 delegerit.
1144 387 1255 429 Nam
1269 389 1413 443 populi
1433 390 1607 444 quidem,
1620 406 1742 446 penes

300 462 417 504 quem
434 454 610 502 potestas
645 446 822 488 omnium
855 459 989 486 rerum
1021 452 1130 495 esset,
1148 459 1197 486 ne
1227 445 1523 501 iram‘quidem
1550 462 1743 503 umquam

301 505 538 546 atrociorem
544 503 680 560 juisse
700 503 744 543 in
764 516 839 553 eos,
860 501 931 557 qui
951 502 1175 542 temeritate
1197 509 1317 557 atque
1350 501 1515 543 inscitia
1549 505 1743 545 exercitus

306 561 545 611 amisissent,
568 574 689 615 quam
707 565 754 600 ut
765 558 940 613 pecunia
961 572 1023 598 eos
1043 557 1250 599 multaret.
1271 558 1402 613 capite
1422 560 1673 615 anquisitum
1692 560 1743 601 ob

301 632 384 658 rem
407 616 505 658 bello
528 616 629 658 male
646 622 801 672 gestam
821 614 869 654 de
898 614 1136 669 imperatore
1167 614 1279 656 nullo
1312 614 1367 656 ad
1396 629 1482 656 eam
1510 616 1615 657 diem
1645 631 1743 660 esse.

301 672 423 714 Nunc
441 673 608 714 ducibus
622 671 766 727 populi
788 670 983 720 Romani,
1005 685 1092 724 qua:
1120 685 1167 711 ne
1199 671 1319 714 victis
1351 671 1511 726 quidem
1544 672 1644 713 bello
1662 672 1743 728 fas

285 729 438 786 fuerit,
458 730 595 785 virgas
615 735 654 769 et
683 741 832 769 secures
849 727 1082 777 victoribus,
1103 734 1139 767 et
1154 727 1403 783 justissimos
1424 730 1577 770 meritis
1598 730 1744 770 trium-

293 785 399 841 phos
443 785 650 827 intentari.
714 782 827 827 Quid
866 783 970 825 enim
1008 782 1167 824 tandem
1199 799 1418 839 passurum
1442 783 1580 841 fuisse
1600 785 1744 840 filium

300 857 431 893 suum,
459 845 493 882 si
524 842 738 883 exercitum
766 840 989 881 amisisset:
1019 840 1054 880 si
1069 838 1210 895 fusus,
1228 839 1423 897 jugatus,
1444 841 1586 882 castris
1606 849 1747 884 exutus

287 897 480 955 fuisset?
510 913 587 954 quo
609 898 719 939 ultra
750 897 854 938 iram
885 895 1192 951 violentiamque
1223 898 1308 952 ejus
1339 912 1581 939 excessuram
1589 897 1745 954 fuisse,

301 970 424 1011 quam
445 961 489 996 ut
525 955 752 996 verberaret
784 951 1050 1008 necaretque?
1081 952 1215 997 Quam
1243 954 1474 995 conveniens
1509 969 1600 1005 esse,
1619 970 1746 1011 prop-

301 1019 362 1052 ter
388 1011 441 1057 Q.
465 1010 641 1052 Fabium
670 1011 877 1052 civitatem
906 1010 951 1049 in
981 1008 1138 1060 laetitia,
1159 1009 1346 1059 victoria,
1369 1010 1745 1065 supplicationibus,

302 1083 349 1110 ac
368 1067 718 1125 gratulationibus
739 1081 844 1108 esse.-
875 1080 977 1116 eum,
992 1073 1163 1121 propter
1184 1081 1298 1120 quem
1316 1065 1452 1108 Deum
1472 1067 1636 1108 delubra
1667 1083 1744 1124 pa-

302 1132 427 1175 teant,
447 1139 529 1165 arce
560 1124 772 1179 sacrificiis
789 1122 973 1180 fument,
995 1122 1153 1172 honore,
1183 1123 1295 1163 (lonis
1325 1123 1590 1175 cumulentur,
1611 1125 1743 1166 nuda-

302 1189 388 1227 tum
417 1181 548 1237 virgis
581 1181 757 1222 lacerari
787 1181 831 1221 in
862 1185 1072 1234 conspectu
1103 1179 1247 1234 populi
1282 1178 1463 1221 Romani
1474 1196 1486 1229 ,-
1527 1181 1744 1222 intuentem

312 1236 564 1293 Capitolium
585 1245 707 1293 atque
728 1250 874 1287 arcem,
896 1234 1083 1290 Deosque
1103 1236 1154 1277 ab
1175 1251 1214 1276 se
1234 1238 1262 1260 ⁸¹
1278 1235 1430 1277 duobus
1457 1237 1614 1290 praeliis
1634 1237 1747 1279 haud

288 1293 457 1349 frustra
490 1293 739 1335 advocatos?
783 1293 872 1348 Quo
900 1291 946 1332 id
974 1292 1106 1333 auimo
1141 1293 1370 1343 exercitum,
1401 1293 1478 1348 qui'
1502 1294 1586 1349 ejus
1619 1294 1743 1335 ductu

302 1351 575 1406 auspiciisque
595 1350 768 1400 vicisset,
789 1351 969 1390 laturum
986 1347 1008 1388 2
1038 1363 1152 1404 quem
1180 1349 1329 1390 luctum
1351 1350 1393 1390 in
1422 1351 1563 1400 castris
1585 1349 1742 1391 Roma-

303 1407 380 1458 nis,
411 1422 532 1463 quam
567 1407 753 1448 lentitiam
787 1406 893 1447 inter
925 1404 1048 1445 hostes
1076 1404 1206 1464 jore?
1249 1405 1372 1456 Haec,
1394 1406 1517 1447 simul
1545 1407 1741 1462 jurgans,

302 1479 498 1519 querens,
523 1463 665 1504 Defim
688 1463 996 1516 hominumque
1018 1461 1144 1502 fidem
1167 1463 1398 1512 obtestans,
1419 1472 1462 1504 et
1492 1464 1742 1520 complexus

303 1521 456 1569 filium,
480 1519 672 1575 plurimis
695 1534 792 1560 cum
815 1518 1001 1560 lacrimis
1023 1519 1191 1573 agebat.

359 1576 593 1618 XXXIV.
625 1577 780 1617 Stabat
800 1590 898 1616 cum
921 1589 971 1615 eo
1003 1586 1171 1616 senatus
1196 1575 1406 1630 majestas,
1429 1574 1550 1616 favor
1575 1576 1739 1633 populi,

302 1633 582 1674 tribunicium
623 1633 846 1683 auxilium,
887 1632 1094 1672 memoria
1149 1632 1336 1672 absentis
1387 1633 1613 1674 exercitus.
1673 1632 1741 1675 Ex

305 1699 425 1744 parte
446 1690 578 1731 altera
597 1694 630 1715 82
642 1689 855 1744 imperium
875 1688 1067 1728 invictum
1092 1688 1235 1742 populi
1257 1687 1451 1738 Romani,
1471 1695 1509 1729 et
1529 1689 1745 1745 disciplina

305 1746 365 1787 rei
385 1746 594 1796 militaris,
615 1753 651 1786 et
670 1745 882 1786 dictatoris
902 1744 1074 1785 edictum
1089 1759 1166 1798 pro
1189 1745 1347 1786 num-ine
1378 1759 1528 1798 semper
1557 1747 1744 1788 observa-

309 1810 409 1854 tum,
430 1810 466 1844 et
502 1802 725 1843 lisanliana
754 1801 941 1856 imperia,
960 1808 996 1841 et
1020 1801 1256 1855 posthabita
1275 1800 1365 1854 filii
1389 1801 1542 1842 caritas
1567 1802 1741 1857 publicat

96 1865 260 1913 metatoris
309 1859 502 1911 utilitati,
535 1859 826 1914 jactabantur.
885 1857 978 1898 Hoc
1017 1858 1139 1898 etiam
1180 1857 1234 1898 L.
1271 1856 1465 1909 Brutum,
1502 1859 1743 1902 conditorem

95 1913 204 1938 '''¹‘³t¹⁰'
312 1915 510 1958 Romanae
531 1916 744 1964 libertatis,
765 1922 885 1955 antea
906 1914 950 1954 iu
970 1913 1121 1955 duobus
1141 1913 1279 1955 liberis
1300 1912 1462 1969 fecisse.
1484 1929 1588 1956 nunc
1602 1923 1744 1971 patres

309 1988 445 2023 comes,
468 1980 504 2013 et
521 1987 625 2013 senes
631 1971 785 2028 faciles
804 1975 834 1996 ⁸³
849 1970 896 2011 cle
925 1970 1057 2011 alieno
1088 1971 1252 2026 imperio
1281 1977 1426 2025 spreto,
1445 1977 1654 2027 tamquam
1685 1973 1746 2015 rei

300 2044 455 2084 par-ccc,
476 2028 695 2084 disciplinae
715 2027 904 2069 militaris
924 2041 1062 2068 ever-sat
1068 2027 1280 2083 juventuti
1296 2028 1477 2083 gratiam
1484 2028 1647 2084 facere.
1689 2028 1743 2071 Se
1769 2049 1772 2052 ⁴

305 2094 438 2127 tamen
477 2092 755 2141 perstaturum
786 2085 827 2124 in
867 2085 1044 2138 incepto.-
1086 2097 1155 2125 nec
1189 2084 1238 2134 ei,
1267 2084 1338 2139 qui
1365 2083 1552 2125 adversus
1592 2085 1743 2127 dictum

308 2157 439 2193 suum,
459 2142 632 2183 turbatis
654 2139 910 2196 religionibus
931 2155 976 2181 ac
997 2139 1133 2181 dubiis
1155 2141 1354 2194 auspiciis,
1370 2147 1598 2197 pugnasset,
1620 2142 1738 2198 quid-

309 2214 431 2254 quam
459 2213 506 2239 ex
517 2199 638 2254 justa
666 2212 786 2252 paeua
814 2197 1083 2239 remissurum..
1140 2197 1339 2253 stIajestas
1361 2197 1522 2252 imperii
1548 2205 1743 2253 petpetua

308 2269 357 2296 ne
376 2262 486 2305 esset,
506 2270 586 2296 nou
606 2269 681 2296 esse
704 2255 746 2295 in
762 2269 834 2294 sua
863 2260 1076 2308 potestate.
1136 2252 1190 2294 L.
1213 2253 1435 2307 Papirium
1455 2253 1561 2294 nihil
1578 2255 1626 2295 de
1655 2256 1743 2310 ejus

294 2313 396 2368 jure
417 2312 728 2353 deminuturum.
770 2317 920 2366 optare,
962 2324 1008 2350 ne
1050 2316 1227 2364 potestas
1268 2310 1505 2360 tribunicia,
1544 2311 1743 2353 inviolata

309 2369 413 2423 ipsa,
434 2368 557 2410 violet
578 2367 857 2409 intercessione
877 2381 952 2407 sua
974 2365 1204 2407 Romanum
1229 2367 1455 2422 imperium,
1474 2381 1549 2408 neu
1563 2367 1740 2423 populus

353 2485 390 2512 81
418 2481 552 2512 Duobus
562 2480 699 2521 proeliis]
718 2480 822 2520 Supra
837 2490 865 2510 c.
882 2482 932 2510 30.
949 2489 1006 2519 po·
1049 2481 1190 2510 tratibus
1214 2480 1416 2520 ducibusque
1445 2481 1657 2512 commissum
1686 2491 1745 2521 po·-

308 2525 428 2554 tiorcm
454 2525 606 2554 habuisse
621 2525 750 2554 videtur
773 2522 883 2553 Livius
907 2523 1005 2552 fidem
1051 2523 1119 2563 puli
1150 2524 1281 2553 nomine
1311 2531 1457 2563 geratur,
1487 2527 1638 2564 majestas
1676 2524 1743 2555 hue

259 2593 262 2596 ,
309 2577 424 2597 eorum
453 2574 641 2603 auctorum,
663 2568 718 2606 qni
747 2565 850 2596 semel
871 2570 1005 2596 tantum
1051 2576 1153 2606 usque
1171 2566 1338 2597 inviolata.

309 2620 473 2650 pugnasse
530 2611 664 2641 Fabium
711 2609 884 2640 tradidere.
944 2609 1006 2638 Sed
1093 2613 1131 2640 83
1156 2609 1211 2640 De
1237 2611 1356 2649 alieno]
1388 2609 1483 2649 Legit
1512 2609 1596 2639 Tan.
1620 2609 1743 2640 Faber:

309 2653 363 2683 hic
388 2653 577 2691 loquentem
602 2653 730 2684 inducit
754 2656 879 2692 patrem
904 2663 941 2682 ex
966 2662 1005 2681 ea
1048 2653 1223 2683 dictatorio.
1284 2652 1483 2683 Felicissima
1540 2654 1741 2688 conjectura.

309 2697 478 2735 opinione,
502 2706 574 2735 quae
600 2697 702 2736 magis
726 2704 832 2726 causae
858 2704 926 2725 suoe
957 2695 1004 2725 sa·
1047 2696 1169 2725 Sensus
1192 2696 1280 2726 enim
1297 2696 1442 2735 optimus
1458 2700 1520 2733 est,
1537 2701 1570 2725 et
1592 2697 1740 2735 apprime

309 2747 395 2769 veat.
1047 2739 1200 2778 congruit
1215 2744 1250 2770 et
1266 2748 1423 2771 numerus
1439 2739 1468 2770 ei
1483 2738 1590 2770 forma
1612 2739 1740 2770 littera-

327 2816 329 2819 ,
353 2784 393 2812 82
421 2782 594 2821 Imperium
619 2783 774 2812 invictum
800 2781 911 2821 populi
940 2779 1003 2811 Ro·
1047 2791 1133 2813 rum.

311 2823 415 2865 mani]
438 2824 584 2865 imperii,
603 2825 689 2864 quod
705 2835 723 2855 a
739 2824 860 2865 populo
883 2824 1004 2864 magis-

1892 664 1910 738 ,Μ’
1911 639 1913 642 Α

1886 1222 1896 1235 ⁶
1886 1198 1899 1216 ‘0
1884 1171 1898 1187 'u
1889 1155 1898 1161 ι
1885 941 1907 1149 -Ν,,ρι·ι;<ιςῤ,ᾖ
