1925 3239
327 95 403 130 412
875 87 1013 127 TITI
1047 88 1219 126 L1v11

109 196 152 228 U.
172 195 209 225 C.
225 197 300 229 397.

114 241 153 270 A.
169 239 206 268 C.
226 241 300 269 355.

118 307 271 345 Sulpicius

119 351 261 379 dictator.

327 188 438 231 fulta
459 203 522 231 res
547 189 742 231 Romana
761 197 884 238 esset,
906 189 1040 230 levius
1070 187 1165 238 fuit,
1187 186 1301 242 quod
1333 185 1480 229 Gallos
1511 201 1613 229 mox
1636 187 1753 229 Prae-

329 256 446 288 ueste
467 247 646 297 venisse,
667 256 795 301 atque
817 246 914 286 inde
945 246 1060 286 circa
1089 244 1251 285 Pedum
1285 244 1540 294 consedisse,
1562 244 1751 285 auditum

327 312 405 345 est.
467 303 736 344 Dictatorem
768 302 851 343 dici
888 301 939 341 C.
970 301 1208 355 Sulpicium
1241 300 1414 355 placuit.
1446 300 1593 340 consul
1627 300 1679 341 ad
1711 300 1754 341 id

326 360 491 401 adcitus
516 359 567 400 C.
593 359 784 400 Plautius
806 359 935 399 dixit.
968 358 1168 413 magister
1197 357 1385 411 equitum
1419 356 1615 396 dictatori
1638 355 1756 396 addi-

327 426 395 458 tus
418 415 485 457 M.
510 416 715 456 Valerius.
775 414 835 455 Hi
859 415 1012 454 robora
1034 414 1232 464 militum,
1253 427 1305 453 ex
1328 414 1493 453 duobus
1523 412 1757 453 consulari-

328 473 408 514 bus
431 473 690 513 exercitibus
719 470 867 520 electa‚
888 470 1085 511 adversus
1117 469 1263 511 Gallos
1294 470 1521 509 duxerunt.
1582 467 1757 509 Lentius

329 529 372 570 id
394 529 611 583 aliquanto
633 526 804 576 bellum,
821 541 947 581 quam
969 526 1077 580 parti
1099 526 1265 580 utrique
1288 526 1494 580 placebat,
1514 525 1608 565 fuit.
1626 538 1757 579 quum

331 586 469 641 primo
499 584 612 626 Galli
647 593 811 624 tantum
845 583 957 623 avidi
991 582 1233 623 certaminis
1267 582 1459 630 fuissent,
1483 581 1635 622 deiude
1670 580 1758 620 Ro-

330 656 480 682 manus
510 641 641 691 miles,
664 639 823 680 ruendo
846 640 889 679 in
911 653 1024 678 arma
1059 653 1108 678 ac
1139 638 1473 687 dimicationem,
1494 639 1759 692 aliquantum

332 698 542 740 Gallicam
566 696 766 737 ferociam
790 695 976 735 vinceret
991 701 1008 745 ;“
1032 694 1230 735 dictatori
1266 695 1512 748 neutiquam
1550 693 1759 749 placebat,

331 754 502 809 quando
523 752 639 794 nulla
658 761 832 807 cogeret
865 765 943 801 res,
965 750 1147 791 sortunae
1181 765 1224 791 se
1258 752 1526 791 committere
1559 751 1758 791 adversus

331 811 515 860 hostem,
536 824 661 864 quem
696 819 862 863 tempus
884 808 1137 848 deteriorem
1169 807 1211 847 in
1244 807 1333 848 dies
1365 816 1408 847 et
1446 807 1562 847 locus
1599 806 1760 847 alienus

332 867 505 916 faceret,
537 867 626 907 sine
659 873 897 921 praeparato
929 872 1186 914 commeatu,
1219 863 1309 903 sine
1341 863 1463 904 firmo
1497 863 1761 904 munimento

332 933 585 964 morantem.
616 923 668 963 ad
692 922 772 962 hoc
795 921 845 961 iis
866 921 1020 961 animis
1050 919 1400 975 corporibusque,
1421 934 1601 974 quorum
1622 919 1760 960 omnis

334 980 377 1021 in
403 980 549 1034 inpetu
584 979 644 1019 vis
679 986 802 1024 esset,
826 991 956 1032 parva
987 976 1131 1017 eadem
1167 976 1458 1031 languesceret
1485 990 1618 1017 mora.
1678 975 1762 1017 His

204 1070 205 1075 ,
334 1037 522 1078 consiliis
545 1036 729 1076 dictator
750 1034 904 1074 bellum
939 1033 1147 1083 trahebat,
1170 1047 1425 1088 gravemque
1454 1033 1647 1073 edixerat
1667 1047 1763 1087 poe-

124 1104 251 1140 lngrata
266 1101 324 1130 mi-
336 1107 449 1143 nam,
471 1093 504 1133 si
528 1093 622 1147 quis
644 1092 806 1146 injussu
827 1090 869 1130 in
894 1090 1058 1130 hostem
1080 1098 1325 1145 pugnasset.
1387 1089 1567 1140 Milites,
1585 1103 1698 1145 aegre
1720 1089 1762 1129 id

123 1146 243 1176 litibus.
336 1150 559 1206 patientes,
583 1149 719 1204 primo
744 1148 786 1188 in
809 1147 1062 1188 stationibus
1091 1146 1333 1202 vigiliisque
1367 1146 1476 1186 inter
1507 1159 1550 1185 se
1581 1145 1764 1186 dictato-

335 1220 424 1247 rem
447 1206 712 1246 sermonibus
731 1217 929 1258 carpere3
961 1203 1171 1244 interdum
1208 1202 1353 1243 Patres
1385 1201 1671 1243 communiter
1701 1202 1765 1242 in-

336 1277 524 1318 crepare,
564 1262 678 1317 quod
719 1275 805 1301 non
840 1259 1069 1315 jussissent
1111 1273 1184 1314 per
1225 1258 1418 1299 consules
1463 1259 1552 1314 geri
1591 1258 1762 1299 bellum.

337 1319 527 1361 Electum
559 1333 633 1359 esse
659 1317 848 1359 eximium
878 1316 1171 1370 imperatorem,
1193 1316 1354 1356 unicum
1385 1314 1538 1365 ducem,
1557 1315 1629 1370 qui
1660 1314 1767 1355 nillil

337 1377 475 1432 agenti
497 1375 576 1416 sibi
607 1375 654 1415 cle
685 1374 779 1415 coelo
811 1372 1089 1414 devolaturam
1119 1374 1164 1413 in
1193 1373 1322 1413 sinum
1353 1371 1564 1412 victoriam
1597 1377 1764 1412 censeat.

340 1432 499 1474 Eadem
522 1432 674 1473 deinde
696 1431 789 1471 haec
809 1429 990 1470 interdiu
1022 1429 1255 1485 propalam,
1275 1443 1324 1469 ac
1346 1428 1554 1469 ferociora
1576 1427 1655 1476 his,
1671 1427 1765 1482 jac-

341 1500 456 1541 tare;
486 1504 524 1530 se
544 1489 697 1544 injussu
720 1486 973 1541 imperatoris
993 1492 1064 1526 aut
1093 1485 1365 1536 dimicaturos,
1386 1491 1458 1525 aut
1489 1484 1648 1540 agmine
1679 1482 1768 1524 Ro-

337 1561 445 1587 mam
474 1546 614 1586 itm-os.
676 1543 980 1597 Inmiscerique
1011 1541 1218 1583 militibus
1249 1541 1544 1583 centuriones:
1576 1555 1655 1582 nec
1674 1541 1706 1564 ⁶⁴
1721 1541 1765 1581 in

338 1602 507 1645 circulis
529 1602 657 1643 modo
679 1600 870 1650 fremere,
893 1600 963 1640 sed
982 1599 1071 1654 jam
1094 1599 1180 1639 ⁶⁵in
1204 1598 1426 1654 principiis
1448 1613 1497 1639 ac
1517 1598 1549 1620 ⁶⁶
1565 1597 1764 1653 praetorio

339 1661 381 1701 in
407 1673 535 1700 unum
560 1672 772 1699 sermones
795 1656 1018 1707 confundi,
1039 1665 1166 1710 atque
1189 1655 1230 1696 in
1262 1655 1481 1696 concionis
1504 1653 1765 1709 magnitudi-

337 1731 436 1757 nem
458 1729 643 1756 crcscere
667 1714 804 1764 turba,
821 1723 864 1754 et
886 1712 1111 1753 vociferari
1133 1725 1186 1752 cx
1205 1712 1403 1752 omnibus
1425 1710 1543 1761 locis,
1561 1717 1605 1750 ut
1622 1718 1766 1751 extem-

333 1772 404 1829 plo
425 1772 481 1813 ad
499 1772 735 1813 dictatorem
755 1770 885 1811 iretur
898 1786 910 1810 :
940 1769 1063 1810 verba
1078 1783 1157 1823 pro
1178 1768 1349 1809 exercita
1363 1765 1527 1823 faceret
1551 1766 1643 1817 Sex.
1668 1765 1766 1809 Tuc-

340 1830 435 1879 lius,
456 1835 500 1869 ut
521 1829 670 1869 virtute
691 1828 776 1883 ejus
798 1826 965 1882 dignum
986 1832 1090 1866 esset.

399 1885 536 1927 XIII.
567 1886 597 1910 ⁶⁷
613 1884 852 1940 Septimum
885 1883 1064 1938 primum
1099 1881 1229 1936 pilum
1254 1881 1346 1936 jam
1373 1879 1535 1921 Tullius
1556 1877 1769 1926 ducebat;

342 1957 478 1998 neque
499 1948 589 1983 erat
621 1941 665 1982 in
697 1941 904 1990 exercitu,
925 1939 998 1995 qui
1031 1938 1200 1994 quidem
1235 1936 1445 1993 pedestria
1475 1934 1687 1991 stipendia
1707 1931 1769 1973 fe-

342 2001 483 2049 cisset,
506 1999 569 2039 vir
589 1997 712 2039 factis
735 1996 932 2038 nobilior.
964 1996 1013 2046 is,
1033 1994 1276 2050 praecedens
1309 1993 1496 2034 militum
1525 2004 1696 2048 agmen,
1717 1988 1779 2040 ad,

344 2055 530 2097 tribunal
571 2054 734 2111 pergit3
776 2052 1032 2107 mirantique
1067 2051 1258 2107 Sulpicio
1294 2065 1378 2091 non
1412 2050 1580 2090 turbam
1614 2046 1769 2102 magis,

343 2128 470 2168 quam
502 2113 636 2152 turbae
668 2110 903 2166 principem
932 2108 1134 2158 Tullium,
1155 2108 1343 2163 imperiis
1375 2104 1770 2147 obedientissimum

345 2169 538 2220 militem,
558 2173 590 2197 ⁶⁸
604 2166 780 2219 Scilicet,
796 2166 986 2216 dictator,
1006 2165 1158 2221 inquit,
1179 2164 1485 2206 condemnatum
1504 2177 1545 2205 se
1565 2161 1770 2203 universus

115 533 238 563 Bellum

117 577 283 606 Gallicum.

118 697 288 727 Dictatoris

119 741 286 770 cunctatio.

132 2138 200 2166 Sex.
213 2134 309 2164 Tullii

132 2179 169 2208 ad
187 2179 315 2207 dictato-

133 2232 197 2251 rcm
213 2220 311 2249 oratio

134 2266 266 2293 militum
279 2273 333 2292 no·

134 2309 226 2337 minc·
387 2295 428 2325 64
451 2294 494 2326 In
509 2293 652 2331 circulis]
676 2291 715 2322 In
731 2291 868 2322 coetibus
891 2289 1035 2321 militum
1082 2288 1237 2319 naculum
1269 2287 1524 2328 intelligendum
1549 2285 1692 2323 videtur,
1715 2284 1772 2315 sed

345 2339 466 2379 passim
484 2338 571 2367 inter
587 2346 620 2366 se
637 2334 909 2374 colloquentium.

387 2382 427 2412 65
454 2381 494 2411 In
525 2379 708 2420 principiis]
746 2378 920 2417 Principia
946 2376 1037 2407 locus

343 2429 439 2454 erant
469 2424 503 2453 in
533 2423 660 2459 castris,
690 2421 744 2452 ubi
775 2421 980 2461 praetorinm,
1002 2425 1036 2449 et

343 2467 584 2507 praecipuorum
599 2466 736 2501 ducum,
748 2468 829 2504 puta
839 2463 1037 2504 legatorum,

343 2510 554 2540 tribunorum
573 2509 729 2545 tentoria,
745 2513 780 2538 et
802 2507 900 2546 signa
914 2505 1037 2536 milita-

345 2553 394 2584 ria
410 2555 475 2584 fixa.
489 2559 594 2582 erant.
641 2552 690 2582 Ibi
704 2550 879 2581 consilium
896 2549 1038 2580 militare

347 2596 541 2632 habebatur,
557 2599 655 2633 atque
678 2595 779 2625 etiam
803 2592 949 2623 interdiu
973 2591 1039 2622 fere

346 2639 509 2678 potissimi
547 2638 669 2668 «lucum
714 2637 853 2677 imperia
888 2640 1041 2676 expecta-

347 2682 437 2712 bant.

388 2725 430 2755 66
454 2723 628 2762 Proeeorio]
654 2723 851 2754 Praetorinm
866 2726 916 2752 est
931 2721 1040 2752 taber-

351 2767 504 2797 naculum
532 2767 752 2806 imperatoris,
776 2766 831 2805 qui
856 2765 933 2795 olim
954 2775 1040 2805 proe-

342 2818 394 2840 ’κιιν
411 2810 591 2841 dicebatur.
637 2810 699 2841 Hic
725 2818 790 2840 non
807 2809 914 2849 ipsum
931 2809 1040 2840 taber-

1081 2333 1266 2373 propinqua
1282 2332 1311 2361 ei
1327 2331 1410 2362 loca.

1125 2376 1165 2409 67
1191 2375 1370 2415 Septimum
1381 2375 1527 2415 primum
1538 2371 1661 2412 pilum]
1676 2370 1705 2400 T
1709 2379 1773 2400 unc

1074 2419 1145 2458 jam
1161 2419 1340 2458 septimum
1358 2416 1515 2458 primipili
1527 2415 1678 2445 centurio
1689 2417 1772 2443 erat.

1080 2463 1131 2493 De
1154 2461 1311 2502 primipili
1334 2461 1527 2491 centurione
1548 2458 1614 2488 vid.
1638 2460 1706 2488 not.
1722 2459 1774 2488 45.

1082 2505 1121 2535 ad
1137 2515 1166 2535 c.
1182 2506 1232 2538 527.
1251 2504 1273 2534 l.
1292 2503 1334 2534 11.

1126 2547 1344 2587 63*Scilicet]
1385 2545 1506 2577 Reddit
1535 2543 1698 2575 rationem
1721 2543 1772 2574 sui

1085 2591 1162 2621 facti
1177 2590 1320 2628 Tullius,
1337 2594 1372 2620 et
1387 2589 1457 2620 lxaec
1473 2593 1523 2619 est
1545 2588 1590 2618 vis
1612 2587 1699 2617 vocis
1714 2587 1775 2617 sci·

1085 2636 1165 2665 licet.
1203 2633 1300 2673 Quod
1318 2642 1369 2663 me
1385 2641 1461 2662 cum
1479 2631 1540 2662 hoc
1557 2629 1702 2661 militum
1718 2638 1775 2669 ag-

1085 2679 1174 2708 mine
1192 2677 1232 2707 ad
1247 2675 1394 2707 tribunal
1410 2679 1507 2706 tuum
1531 2674 1654 2704 venisse
1670 2671 1774 2710 vides,

1084 2722 1154 2759 ejus
1171 2721 1215 2750 rei
1240 2719 1310 2750 haec
1333 2718 1460 2750 scilicet
1486 2727 1585 2749 causa
1608 2721 1670 2757 est,
1687 2714 1772 2756 quod

1084 2764 1243 2796 exercitus
1260 2763 1320 2793 διο.
