1991 3250
351 123 424 163 172
891 123 1038 163 TITI
1075 124 1258 164 LIVII

127 236 219 267 uc.
235 236 309 270 ⁶294.
405 222 587 266 XVIII.
633 223 794 267 Eadem
821 232 949 266 nocte
976 232 1021 267 et
1039 222 1275 267 Tusculum
1296 223 1350 266 de
1376 239 1473 268 arce
1493 234 1632 283 capta,
1654 225 1784 285 Capi-

126 280 169 310 A.
183 280 219 310 C·
236 284 310 309 4⁵8·
347 279 536 336 tolioque
556 291 782 338 occupato,
797 291 841 323 et
860 282 941 322 alio
965 283 1144 324 turbatae
1163 282 1280 323 urbis
1300 292 1410 324 statu
1429 285 1571 325 nuncii
1592 286 1781 327 veniunt.

119 339 296 389 ‘Tusculani
347 337 395 378 L.
425 337 640 379 Mamilius
671 339 840 380 'Tusculi
875 349 962 379 tum
994 339 1176 380 dictator
1205 349 1307 381 erat.
1348 341 1397 390 is,
1420 340 1650 383 confestim
1678 357 1783 384 con-

123 383 277 456 ?ffi'ffiss
342 405 497 436 vocato
521 406 685 446 senatu,
707 408 835 451 atque
858 395 1111 437 introductis
1141 397 1324 447 nunciis,
1346 411 1504 453 magno
1534 411 1662 454 opere
1683 413 1783 441 cen-

124 449 241 500 ferunt.
332 462 420 502 ‘set,
453 451 517 493 Ne
552 459 782 507 esspecienc,
815 452 910 493 dum
941 452 993 492 ab
1034 450 1168 493 Roma
1200 453 1337 509 legati,
1369 453 1568 495 auxilium
1593 462 1782 510 petentes,

339 508 528 550 veniant:
562 509 791 563 periculum
827 510 969 565 ipsum,
997 507 1295 565 discrimenque,
1327 525 1374 552 ac
1410 514 1442 537 ⁷⁹
1459 510 1621 552 sociales
1658 510 1786 564 Deos,

325 564 535 621 fidemque
548 564 758 622 foeclerum
779 565 825 606 id
841 579 1013 620 poscere.
1073 564 1316 608 Demerendi
1340 567 1522 623 lje‘nfficio
1542 575 1627 609 tam
1641 576 1785 623 poten-

336 629 430 672 tem,
462 630 545 663 tam
577 622 849 677 propinquam
879 621 1096 674 civitatem,
1125 637 1345 679 numquam
1370 639 1512 680 parem
1543 626 1783 667 occasionem

340 677 506 720 daturos
528 678 653 720 Deos.
708 678 854 720 Placet
874 679 971 720 ferri
997 679 1229 731 auxilium3
1252 681 1459 735 juventus
1482 683 1783 734 conscribitur,

337 750 455 776 arma
476 735 643 777 dantur.
694 735 877 777 Romam
905 736 1042 790 prima
1061 736 1153 778 luce
1171 739 1405 789 venientes,
1427 739 1575 794 procul
1596 740 1784 794 speciem

335 791 531 833 hostium
562 793 797 848 praebuere.
858 793 988 848 AEqui
1017 802 1093 841 aut
1114 793 1260 836 Volsci
1292 797 1434 836 venire
1457 796 1534 837 visi
1567 807 1679 837 sunt.
1710 797 1785 838 de-

336 849 452 900 inde,
480 849 555 890 ubi
589 864 720 891 vanus
752 859 887 892 terror
918 850 1042 900 abiit,
1071 852 1235 907 accepti
1267 852 1311 893 in
1345 853 1509 903 urbem,
1538 855 1708 909 agmine
1737 855 1783 896 in

337 905 479 946 forum
501 906 779 949 descendunt.
811 908 870 949 ibi
895 906 989 962 jam
1014 907 1063 948 P.
1089 907 1294 959 Valerius,
1318 909 1467 951 relicto
1484 911 1537 951 ad
1569 920 1784 966 portarum

335 963 540 1018 praesidia
571 963 752 1021 collega,
777 965 1013 1006 instruebat
1041 965 1192 1006 aciem.
1252 965 1502 1008 Auctoritas
1536 968 1613 1008 viri
1636 982 1782 1009 move-

336 1030 415 1070 rat,
434 1021 716 1072 adfirmantis,
742 1020 947 1077 Capitolio
969 1029 1212 1078 recuperato,
1228 1029 1265 1064 et
1285 1022 1381 1064 urhe
1394 1030 1560 1078 pacata,
1590 1027 1624 1048 ⁸⁰
1636 1025 1670 1066 si
1689 1024 1782 1066 edo-

337 1077 418 1118 ceri
438 1092 476 1118 se
495 1078 643 1130 sissent,
667 1093 753 1135 quae
768 1080 898 1136 frum·
919 1077 996 1120 abi
1026 1080 1201 1121 tribunis
1229 1079 1388 1121 occulta
1409 1081 1452 1121 in
1482 1081 1565 1136 lege
1580 1080 1781 1136 ferretur,

335 1149 543 1176 memorem
577 1150 616 1176 se
650 1136 849 1192 mqjorum
875 1151 1049 1187 suorum,
1073 1151 1284 1178 memorem
1318 1137 1576 1194 cognominis,
1603 1139 1782 1195 ⁸¹quod¹¹

328 1191 475 1246 populi
494 1192 648 1233 colendi
668 1193 776 1234 velut
800 1193 1042 1234 hereditaria
1063 1209 1160 1234 cura
1183 1194 1261 1235 sibi
1289 1197 1321 1218 ⁸²
1336 1210 1361 1235 a
1382 1195 1605 1250 majoribus
1625 1195 1782 1237 tradita

119 1256 230 1295 Pugna
243 1255 296 1285 ad·
335 1255 442 1300 esset,
473 1249 684 1290 concilium
707 1249 838 1305 plebis
862 1265 942 1292 non.
968 1250 1254 1306 itipediturnm.
1315 1251 1448 1293 Hunc
1476 1252 1628 1294 ducem
1659 1267 1781 1295 secu-

119 1309 226 1373 {erius
241 1300 324 1329 Ηῦῑ·
339 1306 384 1356 ti,
408 1307 697 1361 nequidquam
724 1307 1055 1348 reclamantibus
1085 1309 1285 1360 tribunis,
1305 1309 1347 1349 in
1376 1309 1538 1350 clivum
1568 1309 1781 1366 Capitoli-

142 1353 258 1373 ⁰¹¹¹⁸¹¹²²⁶
334 1377 439 1404 num
469 1364 640 1419 erigunt
667 1366 816 1405 aciem.
858 1364 1106 1420 adjungitur
1125 1375 1170 1406 et
1189 1365 1430 1408 Tusculana
1450 1366 1578 1423 legio.
1616 1376 1779 1408 certare

335 1421 442 1461 socii
473 1422 688 1476 civesque,
719 1422 799 1462 utri
831 1431 1087 1477 recuperatae
1120 1424 1229 1464 arcis
1264 1437 1384 1463 suum
1416 1424 1545 1464 decus
1576 1424 1777 1467 facerent.

332 1477 421 1518 dux
453 1487 628 1533 uterque
659 1493 758 1519 suos
789 1479 1053 1520 adhortatur.
1113 1479 1345 1535 Trepidare
1377 1489 1468 1522 tum
1500 1480 1667 1523 hostes:
1702 1496 1780 1524 nec

331 1534 407 1575 ulli
439 1535 537 1576 satis
569 1536 642 1586 rei,
672 1545 957 1591 praeterquam
994 1537 1106 1588 loco,
1136 1536 1280 1579 fidere.
1323 1538 1634 1593 trepidantibus
1669 1538 1779 1579 infe-

331 1599 430 1632 runt
459 1592 580 1648 signa
610 1592 795 1634 Romani
828 1594 1033 1648 sociique.
1092 1594 1188 1636 Jam
1220 1595 1262 1635 in
1295 1595 1547 1636 vestibulum
1579 1609 1779 1651 perrupe-

117 1661 259 1692 Valerius
332 1659 429 1689 rant
449 1650 610 1705 templi,
629 1664 760 1705 quum
783 1650 832 1691 P.
856 1650 1063 1701 Valerius,
1084 1653 1194 1692 inter
1215 1652 1420 1707 primores
1440 1667 1624 1708 pugnam
1643 1653 1777 1703 ciens,

118 1703 281 1752 ({0⁵·⁰⁰01⁴
333 1705 600 1747 interficitur.
642 1708 692 1748 P.
730 1707 987 1748 Volumnius
1026 1708 1261 1749 consularis
1300 1709 1408 1750 vidit
1446 1710 1684 1750 cadentem.
1726 1710 1777 1761 is,

117 1747 211 1779 ‘mur'
333 1763 435 1803 dato
467 1763 642 1820 negotio
677 1766 778 1815 suis,
800 1775 848 1805 ut
868 1780 1024 1820 corpus
1055 1767 1323 1823 obtegerent,
1346 1767 1435 1823 ipse
1466 1766 1509 1807 in
1540 1766 1682 1808 locum
1713 1767 1777 1807 vi-

333 1834 514 1874 cemque
552 1822 737 1862 consulis
778 1823 987 1877 provolat.
1059 1823 1153 1864 Prae
1191 1824 1340 1864 ardore
1380 1824 1611 1879 inpetuque
1643 1831 1776 1865 tantae

333 1878 392 1918 rei
424 1892 570 1919 sensus
603 1893 686 1919 non
720 1879 916 1934 pervenit
948 1880 1000 1921 ad
1031 1880 1234 1922 militem:
1276 1881 1390 1936 prius
1423 1881 1541 1931 vicit,
1572 1895 1697 1936 quarn
1731 1895 1776 1922 se

333 1949 526 1991 pugnare
548 1936 638 1976 siue
660 1936 768 1977 duce
799 1937 990 1978 sentiret.
1051 1937 1183 1978 Multi
1209 1938 1405 1978 exsulum
1435 1939 1555 1980 caede
1586 1938 1667 1979 sua'
1691 1937 1775 1979 foe-

333 1991 489 2033 davere
519 1992 750 2048 templum3
782 1994 905 2035 multi
942 1995 1027 2036 vivi
1055 1996 1195 2049 capti3
1231 1994 1477 2036 Herdonius
1508 1995 1775 2036 interfectus.

117 2068 259 2105 Recupe-
335 2048 405 2089 lta
428 2049 686 2105 Capitolium
712 2060 1022 2106 recuperatum.
1084 2052 1152 2093 De
1181 2052 1375 2107 captivis,
1398 2062 1443 2093 ut
1462 2053 1642 2107 quisquc
1667 2052 1777 2094 libet

116 2112 280 2160 ¹².¹‘¹¹¹.C³'
334 2115 407 2146 aut
434 2121 577 2147 servus
609 2119 733 2158 esset,
763 2111 792 2131 ⁵³
815 2123 901 2150 suae
931 2109 1115 2150 fortunae
1141 2125 1164 2149 a
1192 2124 1361 2165 quoque
1391 2120 1579 2150 sumtum
1613 2109 1775 2165 suppli-

117 2155 270 2194 P¹t⁰¹¹¹¹¹¹¹·
333 2163 448 2204 cium
478 2173 556 2205 est.
616 2163 862 2206 Tusculanis
896 2167 1045 2221 gratiae
1078 2176 1213 2209 actae:
1249 2166 1512 2221 Capitolium
1548 2176 1775 2222 purgatum
1822 2167 1825 2170 ’

331 2230 458 2276 atque
488 2220 726 2262 lustratum.
789 2221 840 2262 ln
869 2223 1056 2264 consulis
1079 2224 1255 2265 domum
1281 2224 1423 2278 plebes
1452 2227 1482 2247 ⁸⁴
1499 2224 1772 2279 quadrantes,

331 2287 379 2318 ut
401 2277 549 2319 funere
569 2278 773 2333 ampliore
793 2279 1029 2331 efferretur,
1044 2280 1231 2336 jactasse
1254 2280 1401 2321 fertur.

387 2334 527 2377 XIX.
569 2335 684 2377 Pace
717 2345 851 2391 parta,
883 2337 1039 2378 instare
1074 2348 1164 2379 tuin
1202 2338 1361 2379 tribuni
1397 2337 1611 2389 Patribus,
1639 2343 1682 2377 ut
1713 2335 1770 2378 P.

708 2415 714 2435 ί
737 2427 756 2445 a
770 2417 867 2446 Gron.
885 2418 975 2448 (hev.
1190 2416 1204 2437 l‘
1228 2429 1287 2460 quo
1302 2419 1386 2449 Eoed.

372 2476 593 2510 79¹¹Soriales
608 2476 693 2517 deos]
726 2477 815 2507 Deos
841 2477 978 2507 arbitros
995 2481 1030 2507 et
1075 2477 1273 2516 Gronovius,
1303 2479 1355 2508 cui
1383 2478 1613 2509 assentiuntur
1638 2477 1704 2508 duo
1731 2487 1771 2508 ex

328 2523 431 2549 testes
449 2526 622 2559 pactorum
647 2520 765 2559 quibus
790 2521 869 2550 socii
891 2521 979 2551 inter
995 2532 1029 2551 se
1074 2520 1168 2552 MSS.
1186 2522 1337 2552 Ilearnii.
1367 2521 1476 2561 Vulgo
1492 2521 1585 2562 quod.

328 2562 475 2593 devincti
493 2571 583 2593 sunt.
1119 2565 1228 2596 82*A
1242 2563 1432 2606 majoribus]
1466 2566 1538 2595 lmo
1554 2575 1572 2594 a
1592 2568 1698 2604 patre,
1713 2564 1770 2604 qui

372 2607 441 2636 80*
453 2606 489 2636 Si
504 2607 626 2637 edoceri
640 2616 672 2636 Se
686 2608 814 2646 sissent]
837 2607 868 2637 Si
887 2617 921 2638 se
936 2607 1028 2637 sivis-
1071 2609 1199 2648 primus
1216 2617 1400 2648 cognomen
1418 2607 1595 2638 l'ublicolae
1611 2607 1702 2637 tulit.

327 2653 404 2679 sent
426 2649 570 2686 edoceri,
590 2660 743 2689 quamam
766 2651 798 2680 in
824 2650 909 2690 lege,
926 2661 1025 2690 quam
1116 2655 1155 2682 83
1182 2652 1413 2692 Suoestwtimae
1428 2661 1447 2680 α
1464 2662 1585 2691 quoque
1600 2655 1767 2691 sumptum

327 2692 478 2723 ferebant
495 2693 636 2730 tribuni,
649 2693 782 2724 occulta
795 2694 885 2724 fraus
896 2694 1025 2726 lateret.
1070 2696 1264 2735 supplicium
1295 2694 1356 2735 est]
1396 2695 1518 2725 Servile
1549 2694 1766 2734 supplicium,

328 2741 352 2772 -t-
364 2735 469 2766 Proba
503 2736 657 2766 Rhenani
687 2737 890 2775 emendatio,
919 2748 1022 2777 quum
1069 2749 1168 2768 crux:
1200 2738 1292 2768 liberi
1319 2738 1483 2776 hoinines,
1507 2742 1544 2768 ut
1567 2738 1765 2779 plurimum,

327 2780 443 2819 scripti
467 2778 616 2819 plerique
645 2779 791 2810 habeant
815 2783 842 2811 si
864 2792 896 2812 se
918 2783 1022 2813 doceri
1067 2782 1176 2812 securi
1193 2782 1477 2821 percutiebantur.

326 2825 503 2853 sensissent.
1110 2828 1150 2857 8⁴
1160 2825 1179 2842 ⁸*
1186 2824 1411 2865 ‚quadranti-s]
1425 2824 1599 2864 Quadrans
1609 2827 1657 2855 est
1670 2834 1766 2863 ‹lirar-

371 2870 406 2897 ὅΙ
445 2866 518 2908 ‚Quo
540 2869 651 2908 populi·
678 2867 811 2908 colendi]
849 2868 902 2898 Sic
931 2873 1020 2899 recte
1065 2872 1100 2899 ta
1118 2877 1192 2909 pars
1208 2869 1289 2899 assis
1311 2869 1465 2900 Romani.
