1925 3239
89 260 128 288 s.
148 260 183 289 s.
201 262 275 292 459·

89 305 127 333 A.
148 310 183 332 l..
201 305 273 337 2³93.

100 890 258 916 &tunniniu

100 944 107 959 τ.
129 937 222 960 »stant

106 2655 246 2693 Papirius

108 2699 219 2726 milites
237 2700 304 2728 lior-

105 2744 201 2771 tatur.

297 154 371 188 598
848 149 987 186 TITl
1034 149 1206 187 LIVII

303 260 398 302 gem
437 245 704 287 victimarum
742 246 1000 287 documento
1042 246 1193 287 ceteris
1232 245 1362 294 fuere,
1392 259 1446 286 ne
1480 245 1730 287 abnuerent.

308 303 570 344 Primoribus
613 303 868 344 Samnitium
904 318 954 343 ea
993 303 1276 343 detestatione
1316 303 1547 352 obstrictis,
1583 303 1731 342 decem

304 360 536 401 nominatis
567 360 620 401 ab
653 360 919 415 imperatore,
951 361 1010 401 cis
1042 360 1220 409 dictum,
1243 364 1272 386 ⁵⁸
1288 370 1333 399 ut
1356 360 1418 400 vir
1449 360 1585 399 viru'm
1620 358 1734 414 lege-

304 427 412 466 rent,
450 416 586 457 donec
626 417 839 457 sexdecim
883 416 1058 457 millium
1100 418 1331 457 numerum
1354 415 1652 456 confecissent.
1683 429 1733 454 ea

303 473 417 529 legio
437 473 611 514 linteata
634 475 687 513 ab
714 474 1007 528 integumento
1039 473 1247 528 consepti,
1269 487 1354 526 quo
1386 481 1548 512 sacrata
1579 471 1733 512 nobili·

306 539 369 570 tas
391 540 494 581 erat,
516 530 727 586 adpellata
745 539 820 570 est.
883 529 965 570 His
987 544 1103 570 arma
1125 530 1309 584 insignia
1337 529 1450 579 data,
1471 538 1514 569 et
1544 528 1732 569 cristatae

306 586 455 642 galeae,
479 596 524 627 ut
545 587 654 627 inter
676 596 837 627 ceteros
859 587 1106 627 eminerent.
1170 586 1318 626 Paullo
1339 585 1432 641 plus
1454 584 1606 640 viginti
1640 583 1734 624 mil-

304 643 407 684 lium
451 644 554 684 alius
596 643 808 683 exercitus
853 642 946 692 fuit,
979 657 1054 687 nec
1085 657 1308 698 corporum
1348 641 1502 696 specie,
1532 655 1611 681 uec
1641 640 1736 696 glo-

306 701 368 740 ria
410 700 523 750 belli,
555 714 632 741 nec
664 700 865 755 adparatu
899 699 1086 740 linteatae
1116 698 1275 755 legioni
1306 698 1463 753 dispar.
1496 698 1566 738 hic
1598 697 1736 737 homi-

306 771 409 796 num
451 771 663 808 numeruS‚
695 756 809 811 quod
851 756 1014 796 roboris
1054 765 1156 806 erat,
1187 755 1239 796 ad
1274 754 1548 810 Aquiloniam
1591 767 1738 795 conse-

308 813 385 853 dit.

367 869 608 911 XXXIX.
641 869 846 911 Consules
880 868 1061 924 profecti
1095 868 1148 908 ab
1177 868 1304 910 urbe:
1337 868 1451 924 prior
1483 867 1556 922 Sp.
1589 865 1739 908 Carvi-

310 926 403 977 lius,
435 927 504 966 cui
534 934 695 967 veteres
728 926 929 982 legiones,
960 940 1063 980 quas
1096 924 1162 965 M.
1182 925 1351 975 Atilius,
1382 924 1608 980 superioris
1639 922 1738 963 anni

309 983 471 1034 consul,
496 983 536 1023 in
570 998 673 1039 agro
699 982 977 1023 Interamnati
1014 981 1249 1036 reliquerat,
1272 982 1453 1022 decretae
1485 989 1618 1030 erant,
1639 993 1739 1020 cum

309 1042 369 1080 eis
403 1041 442 1080 in
475 1041 692 1080 Samnium
721 1040 953 1095 profectuS,
982 1037 1084 1079 dum
1117 1039 1275 1088 hostes,
1299 1038 1505 1093 ⁵⁹operati
1538 1036 1740 1092 supersti-

308 1096 513 1147 tionibus,
543 1097 725 1137 concilia
757 1108 917 1138 secreta
947 1105 1095 1151 agunt,
1126 1095 1396 1135 Amiternum
1439 1093 1645 1149 oppidum
1687 1093 1740 1132 de

311 1154 574 1194 Samnitibus
599 1155 635 1194 vi
660 1155 786 1209 cepit.
848 1153 973 1194 Caesa
996 1153 1052 1192 ibi
1077 1151 1208 1192 millia
1241 1152 1460 1192 hominum
1493 1151 1578 1191 duo
1610 1149 1741 1190 ferme

310 1222 438 1265 atque
459 1210 721 1265 octingenti:
754 1220 881 1265 capta
903 1218 1085 1264 quatuor
1106 1208 1238 1248 millia
1259 1207 1430 1248 ducenti
1455 1207 1740 1263 septuaginta.

314 1267 527 1323 PapiritiS,
548 1282 665 1308 novo
688 1267 876 1308 exercitu
901 1268 980 1320 (ita
1010 1266 1227 1306 decretum
1260 1266 1367 1313 erat)
1401 1265 1575 1320 scripto,
1600 1263 1741 1304 Duro-

308 1325 422 1365 niam
445 1325 588 1365 urbem
614 1324 892 1380 expugnarit.
915 1324 1067 1373 minus,
1089 1336 1216 1377 quam
1247 1321 1425 1377 collega,
1454 1321 1570 1376 cepit
1601 1319 1741 1360 homi·

309 1395 427 1431 num,
449 1381 542 1437 plus
573 1381 791 1436 aliquanto
822 1380 994 1421 occidit.
1020 1379 1162 1434 praeda
1191 1379 1393 1434 opulenta
1424 1377 1650 1432 utrobique
1679 1387 1744 1417 est

310 1447 447 1494 parta.
509 1437 615 1479 Inde
644 1438 861 1494 pervagati
900 1437 1118 1477 Samnium
1151 1435 1359 1485 consules,
1392 1435 1579 1475 maxime
1611 1433 1742 1489 depo-

309 1495 457 1550 pulato
487 1494 663 1535 Atinate
693 1509 811 1550 agro,
844 1493 1054 1535 Carvilius
1085 1492 1136 1533 ad
1169 1492 1432 1541 Cominium,
1465 1490 1660 1546 Papirius
1692 1490 1744 1531 ad

311 1551 585 1606 Aquiloniam
609 1551 701 1604 (ubi
724 1565 890 1592 summa
911 1551 968 1591 rei
1001 1548 1256 1590 Samnitium
1278 1551 1385 1599 erat)
1410 1547 1616 1604 pervenit.
1638 1547 1743 1587 ⁶0ibi

312 1608 572 1663 aliquamdiu
595 1623 673 1649 nec
691 1617 900 1649 cessatum
926 1608 979 1648 ab
1002 1606 1128 1648 armis
1144 1615 1221 1657 est,
1236 1619 1372 1660 neque
1393 1605 1558 1646 naviter
1578 1617 1745 1659 pugna-

312 1675 402 1706 tum
423 1682 431 1706 :
462 1665 704 1706 lacessendo
736 1665 917 1720 quietos,
940 1663 1231 1704 resistentibus
1253 1662 1458 1712 cedendo,
1480 1661 1746 1702 comminan-

311 1722 451 1776 doque
483 1722 631 1777 magiS,
663 1737 788 1777 quam
825 1721 1043 1762 inferendo
1076 1735 1279 1776 pugnam,
1310 1719 1398 1759 dies
1425 1719 1745 1759 absumebatur.

312 1779 426 1833 quod
457 1794 586 1833 quum
612 1779 883 1834 inciperetur,
908 1778 1287 1832 remittereturque,
1309 1776 1500 1816 omnium
1523 1785 1659 1815 rerum
1683 1785 1745 1814 et-

312 1836 395 1875 iam
420 1850 643 1891 parvarum
666 1846 842 1876 eventus
866 1834 1159 1891 proferebatur
1180 1834 1222 1874 in
1246 1833 1349 1875 dies.
1381 1832 1526 1873 Altera
1550 1831 1747 1872 Romana

311 1902 449 1933 castra
481 1892 633 1949 viginti
668 1892 851 1933 millium.
877 1892 1015 1947 spatio
1045 1891 1244 1932 aberant:
1276 1899 1319 1930 et
1349 1889 1534 1931 absentis
1567 1887 1744 1944 collegae

312 1949 491 1990 consilia
532 1949 731 1991 omnibus
768 1949 964 2005 gerendis
1007 1949 1234 1988 intererant
1266 1947 1416 1989 rebus:
1461 1945 1748 1999 intentiorque

314 2006 540 2057 Carvilius,
562 2021 647 2062 quo
673 2006 832 2061 majore
861 2005 1106 2046 discrimine
1138 2018 1199 2044 res
1223 2004 1478 2053 vertebatur,
1501 2003 1542 2043 in
1566 2001 1746 2056 Aquilo·
1767 2016 1769 2018 ·

314 2062 445 2113 niam,
468 2078 592 2118 quam
618 2064 669 2104 ad
694 2062 956 2112 Cominium,
979 2061 1090 2117 quod
1121 2060 1360 2109 obsidebat,
1381 2068 1485 2100 erat.
1547 2059 1594 2099 L.
1618 2058 1748 2114 Papi-

317 2120 417 2170 rius,
433 2119 524 2173 jam
548 2134 622 2175 per
643 2121 786 2161 omnia
807 2120 857 2160 ad
890 2117 1179 2160 dimicandum
1203 2117 1303 2158 satis
1335 2125 1519 2171 paratus,
1542 2116 1746 2156 nuncium

317 2176 368 2217 ad
392 2175 598 2232 collegam
621 2178 779 2228 mittit3
808 2176 886 2218 sibi
906 2175 949 2217 in
970 2175 1102 2216 animo
1120 2189 1209 2225 esse,
1227 2180 1379 2229 postero
1401 2173 1475 2223 die,
1495 2172 1531 2213 si
1554 2186 1628 2228 per
1656 2186 1747 2212 aas·

310 2232 422 2286 >picia
445 2232 595 2283 liceret,
617 2234 826 2290 confligere
846 2248 933 2274 cum
954 2232 1071 2273 hoste.
1134 2229 1245 2286 Opus
1262 2245 1353 2281 esse,
1375 2237 1411 2270 et
1440 2229 1568 2280 illum,
1590 2235 1745 2284 quanta

316 2290 491 2330 murima
513 2290 554 2330 vi
569 2298 714 2345 posset,
743 2290 966 2332 Cominium
987 2289 1231 2344 obpugnare,
1253 2301 1300 2327 nc
1328 2286 1428 2343 quid
1458 2286 1679 2326 laxamenti
1697 2285 1749 2328 sic

317 2346 570 2387 Samnitibus
590 2348 646 2387 ad
662 2346 838 2388 subsidia
862 2346 1128 2402 Aquiloniam
1148 2343 1358 2385 mittenda.
1419 2342 1545 2384 Diem
1577 2343 1627 2382 ad
1652 2357 1749 2396 pro-

318 2403 594 2444 ficiscendum
617 2405 798 2445 nuncius
829 2404 1003 2445 habuit:
1037 2412 1162 2443 nocte
1195 2401 1332 2450 rediit,
1355 2400 1590 2454 adprobare
1622 2398 1747 2439 collc-

318 2474 414 2514 gam
449 2460 643 2501 consulta
672 2461 869 2502 referens.
931 2460 1141 2515 PapiriuS,
1173 2457 1329 2498 nuncio
1363 2458 1506 2506 misso,
1528 2454 1746 2510 extemplo

317 2515 567 2558 concionem
591 2517 766 2570 liabuit3
790 2517 922 2558 multa
942 2517 993 2557 de
1016 2516 1212 2556 universo
1235 2527 1387 2570 genere.
1411 2513 1522 2563 belli,
1543 2512 1673 2552 multa
1694 2511 1747 2551 de

319 2573 517 2627 praesenti
542 2574 726 2616 hostium
751 2575 972 2629 adparatu,
991 2587 1097 2613 vana
1114 2571 1249 2626 magis
1268 2570 1421 2625 specie,
1437 2584 1562 2624 quam
1580 2568 1744 2609 efficaci

318 2629 370 2670 ad
393 2639 607 2682 eventum,
628 2631 839 2673 disseruit.
904 2630 997 2671 Non
1027 2629 1129 2671 enim
1151 2629 1294 2669 cristas
1324 2626 1487 2667 vulnera
1506 2624 1677 2681 ι1’(ιιτ(’νι.’,·
1707 2631 1744 2665 et

332 2798 334 2800 v
364 2780 401 2808 58
425 2777 468 2807 (It
486 2778 535 2806 ria·
549 2779 655 2807 virum
674 2778 831 2817 legerent]
850 2776 925 2806 Vid.
942 2780 1010 2805 not.
1099 2773 1167 2804 60*
1183 2773 1243 2812 lbi]
1270 2773 1317 2803 Eo
1335 2772 1406 2802 loco
1423 2772 1477 2811 qui
1497 2773 1657 2811 posterior
1673 2780 1743 2800 me-

321 2823 372 2852 60.
390 2820 428 2850 :ul
449 2821 506 2850 lX-
524 2824 575 2853 39-
1057 2822 1202 2850 moratus
1219 2821 1282 2856 cst,
1301 2825 1419 2857 nempe
1442 2815 1484 2847 ad
1499 2814 1722 2855 Aquiloniam.

365 2864 431 2899 59⁶
445 2863 591 2904 Operam]
610 2864 682 2895 Vid.
701 2868 770 2895 not.
788 2866 839 2895 31.
858 2863 898 2894 ad
915 2861 941 2893 Ι.
959 2865 1009 2895 31.

1918 2931 1925 3239 ῌ-...Ῑνψὴῇ
1922 2900 1925 2917 -
1922 2868 1925 2889 -
1911 2766 1925 2845 4,-
