1969 3239
594 83 717 124 LIB.
745 82 817 123 111.
857 82 987 122 CAP.
1014 82 1162 121 LXXI.
1225 109 1229 111 μ
1525 86 1603 123 225

161 198 244 226 non
258 198 385 239 posse
404 186 500 227 illos
520 187 716 227 resistere
743 183 837 233 sibi,
859 183 1012 238 quihus
1042 181 1238 237 conferta
1263 183 1458 236 peditum
1488 186 1599 226 acies
1612 195 1654 226 U.
1672 194 1709 226 C.
1725 197 1801 229 309.

162 244 366 284 cessisset.
429 243 558 285 Haud
591 242 728 284 surdis
757 240 931 282 auribus
962 240 1106 281 dicta:
1139 239 1402 294 inpressione
1426 254 1509 280 una
1533 240 1650 282 to-A·
1668 239 1706 270 C.
1721 241 1799 270 4⁴3·

163 307 256 341 tum
275 300 512 356 equitatum
537 299 697 350 fudere,
716 312 916 354 magnam
940 298 1024 338 vim
1045 311 1100 337 ex
1118 297 1238 352 equis
1258 296 1598 351 praecipitavere,

162 355 277 411 ipsos
302 371 521 413 equosque
543 356 714 413 spiculis
737 353 983 397 confodere.
1006 354 1040 394 is
1072 353 1168 394 finis
1200 366 1358 409 pugnae
1389 354 1598 408 equestris

161 412 260 454 fuit.
319 413 457 466 Tum,
478 414 614 456 adorti
636 413 829 468 peditum
852 412 1003 461 aciem,
1025 411 1206 452 nuncios
1228 412 1280 452 ad
1312 410 1508 450 consules
1537 411 1597 452 rei

161 479 296 525 gestae
319 473 511 522 mittunt,
534 471 606 512 ubi
622 470 715 525 jam
740 469 1024 510 inclinabatur
1053 467 1240 509 hostium
1264 467 1392 508 acies.
1414 468 1598 509 nuncius

160 527 316 570 deinde
349 538 391 570 et
423 528 694 570 vincentibus
725 526 934 567 Romanis
955 525 1121 566 animos
1144 525 1282 576 auxit,
1305 533 1348 564 et
1367 522 1597 565 referentes

161 585 342 639 gradum
365 585 545 641 perculit
567 584 748 640 AEquos.
809 583 860 624 In
883 583 1025 624 media
1045 583 1231 638 primum
1254 581 1346 622 acie
1368 580 1482 622 vinci
1505 596 1598 629 coe-

159 641 238 695 pti,
259 657 345 696 qua
365 643 593 697 permissus
616 642 832 697 equitatus
855 641 1101 681 turbaverat
1122 639 1306 680 ordines.
1368 638 1599 680 Sinistrum

158 698 313 740 deinde
331 714 465 740 cornu
487 700 542 741 ab
565 699 774 746 Quinctio
797 697 973 739 consule
1001 697 1100 752 pelli
1121 705 1345 751 coeptum3
1378 695 1421 736 in
1442 695 1598 737 dextro

159 755 390 809 plurimum
422 756 579 798 laboris
611 756 708 798 fuit.
770 755 839 797 Ibi
870 754 1081 811 Agrippa,
1102 762 1230 794 aetate
1262 752 1510 808 viribusque
1535 752 1597 793 fe-

158 825 255 864 rox,
275 828 406 867 quum
431 814 549 854 omni
573 823 693 869 parte
713 828 874 869 pugnae
905 811 1058 853 melius
1079 824 1169 851 res·2
1199 811 1305 866 geri,
1328 824 1457 865 quam
1479 809 1595 865 apud

158 883 216 920 se,
238 869 416 922 videret,
438 881 616 926 accepta
637 872 759 927 signa
776 871 830 911 ab
853 868 1068 925 signiferis
1091 868 1182 923 ipse
1204 867 1375 913 inferre,
1397 868 1597 922 quaedam

148 924 296 980 jacere
326 927 454 969 etiam
489 928 532 969 in
556 927 772 969 confertos
795 928 940 969 hostes
963 925 1118 980 coepit.
1180 923 1317 980 Cujus
1340 923 1595 979 ignominiae

155 992 273 1025 metu
295 985 502 1026 concitati
535 984 704 1036 milites,
727 985 922 1026 invasere
944 983 1126 1024 hostem.
1150 981 1210 1022 ita
1232 990 1403 1037 aequata
1424 995 1478 1021 ex
1502 995 1595 1022 om-

155 1039 201 1080 ni
224 1050 345 1096 parte
366 1042 548 1084 victoria
567 1052 647 1084 est.
707 1042 904 1084 Nuncius
937 1049 1026 1081 tum
1057 1054 1082 1079 a
1114 1039 1324 1085 Quinctio
1355 1038 1488 1088 venit,
1507 1038 1598 1079 vic-

156 1105 294 1138 torem
321 1098 415 1153 jam
450 1114 494 1140 se
527 1100 735 1140 inminere
766 1099 957 1140 hostium
990 1097 1166 1147 castris3
1196 1095 1309 1136 nolle
1338 1095 1599 1151 inrumpere,

156 1163 384 1210 antequam
429 1157 538 1198 sciat
569 1156 827 1199 debellatum
861 1165 905 1197 et
936 1156 980 1195 in
1013 1154 1183 1195 sinistro
1217 1166 1350 1194 cornu
1384 1166 1490 1193 esse.
1549 1152 1598 1193 Si

149 1209 243 1265 jam
267 1212 446 1254 fudisset
470 1213 627 1265 hostes,
649 1213 864 1256 conferret
889 1212 944 1253 ad
977 1226 1021 1252 se
1054 1212 1192 1266 signa,
1214 1219 1263 1250 ut
1298 1208 1424 1251 simul
1457 1209 1598 1250 omnis

155 1270 370 1311 exercitus
414 1271 560 1327 praeda
601 1271 824 1327 potiretur.
887 1269 1039 1310 Victor
1072 1268 1272 1324 Agrippa
1310 1280 1408 1307 cum
1447 1274 1599 1307 mutua

155 1327 443 1380 gratulatione
465 1328 517 1368 ad
543 1328 745 1369 victorem
770 1327 981 1383 collegam
1002 1334 1226 1380 castraque
1248 1324 1438 1365 hostium
1462 1323 1597 1374 venit,

156 1382 214 1423 ibi
238 1384 386 1438 paucis
409 1385 754 1436 defendentibus,
777 1393 1083 1438 momentoque
1106 1382 1224 1432 fusis,
1249 1381 1340 1422 sine
1361 1380 1597 1421 certamine

154 1439 196 1480 in
235 1441 491 1482 munitiones
525 1443 801 1498 inrumpunt:
833 1440 1112 1497 ⁰¹praedaque
1145 1438 1312 1495 ingenti
1346 1446 1597 1493 compotem

153 1497 407 1548 exercitum,
441 1499 526 1539 suis
560 1499 690 1540 etiam
725 1499 850 1539 rebus
885 1496 1161 1552 recuperatis,
1183 1510 1279 1551 quae
1316 1494 1598 1550 populatione

151 1567 353 1608 agrorum
386 1556 555 1596 amissae
588 1566 723 1606 erant,
757 1555 981 1596 reducunt.
1041 1552 1328 1608 Triumphum
1363 1565 1442 1592 nec
1477 1552 1595 1607 ipsos

154 1611 402 1664 postulasse,
425 1627 504 1653 nec
525 1612 714 1653 delatum
736 1612 785 1653 iis
806 1612 861 1652 ab
892 1618 1056 1661 senatu,
1078 1610 1271 1664 accipio:
1304 1622 1384 1650 nec
1415 1609 1599 1649 traditur

152 1681 302 1709 caussa
334 1669 463 1724 spreti
499 1679 574 1709 aut
607 1684 692 1710 non
725 1669 882 1725 sperati
918 1667 1108 1709 honoris.
1169 1666 1264 1722 Ego
1303 1676 1512 1721 quantum
1552 1665 1598 1706 in

152 1733 272 1765 tanto
310 1725 532 1766 intervallo
566 1736 808 1781 temporum
848 1725 1053 1781 conjicio,
1086 1738 1220 1779 quum
1259 1723 1431 1763 Valerio
1467 1731 1598 1777 atque

151 1779 338 1823 Horatio
369 1782 632 1835 consulibus,
661 1784 924 1838 qui⁴praeter
957 1782 1137 1822 Volscos
1169 1791 1213 1822 et
1245 1780 1410 1837 AEquos
1443 1780 1597 1820 Sabini

148 1839 279 1879 etiam
303 1839 401 1880 belli
428 1839 605 1895 perfecti
639 1841 819 1897 gloriam
853 1847 1120 1895 pepererant,
1142 1847 1324 1894 negatus
1358 1838 1412 1878 ab
1446 1846 1596 1878 senatu

150 1895 392 1951 triumphus
426 1910 550 1948 esset,
573 1898 843 1939 verecun'diae
878 1896 961 1937 fuit
996 1910 1070 1951 pro
1106 1905 1225 1950 parte
1254 1894 1434 1935 dimidia
1456 1908 1597 1935 rerum

149 1953 395 1994 consulibus
421 1964 564 2009 petere
588 1955 868 2011 triumphum.
892 1968 945 1995 ne
966 1953 1111 2002 etiam,
1132 1953 1164 1992 si
1186 1952 1485 2007 inpetrassent,
1504 1965 1595 1992 ma-

150 2009 217 2065 gis
240 2009 460 2051 hominum
487 2012 606 2062 ratio,
631 2028 759 2068 quam
783 2012 1048 2061 meritorum,
1073 2009 1221 2050 habita
1244 2008 1473 2049 videretur.

211 2065 389 2108 LXXI.
424 2068 657 2110 Victoriam
683 2070 921 2118 honestam,
944 2082 997 2108 ex
1033 2067 1230 2107 hostibus
1262 2076 1444 2121 partam,
1468 2075 1591 2122 turpe
1603 2073 1774 2113 Turpeju,

148 2122 265 2163 domi
290 2124 343 2164 de
365 2124 521 2166 finibus
545 2127 758 2167 sociorum
776 2125 990 2181 judicium
1011 2123 1158 2179 populi
1181 2122 1454 2164 deformavit.
1491 2117 1716 2189 Ari-‘1¹2icium

148 2179 235 2220 cini
259 2190 389 2235 atque
411 2181 616 2224 Ardeates
638 2183 690 2224 de
713 2183 918 2238 ambiguo
943 2195 1048 2237 agro
1074 2195 1206 2236 quum
1229 2194 1344 2235 saepe
1369 2179 1478 2220 bello
1501 2194 1588 2221 cer·
1600 2162 1754 2234 Sgcglssfi‘jss

150 2245 325 2287 tassent‚
361 2238 503 2279 multis
537 2241 580 2280 in
614 2241 750 2281 vicem
785 2239 977 2280 cladibus
1012 2237 1125 2289 fessi,
1150 2237 1346 2292 judicem
1382 2237 1729 2292 populumfmibus.

150 2292 397 2335 Romanum
421 2310 587 2351 cepere.
647 2297 794 2343 Quum
826 2297 878 2337 ad
909 2309 1101 2336 caussam
1125 2295 1333 2335 orandam
1359 2295 1590 2344 venissent,

148 2351 334 2392 concilio
359 2353 505 2407 populi
525 2368 549 2392 a
570 2355 891 2409 magistratibus
910 2354 1026 2402 dato,
1047 2366 1204 2408 magna
1222 2351 1501 2393 contentione
1519 2366 1591 2392 ac-

150 2417 254 2449 tum.
272 2409 453 2464 jamque
474 2410 599 2450 edi-tis
622 2412 816 2461 testibus,
836 2424 966 2465 quum
989 2410 1124 2450 tribus
1145 2409 1304 2459 vocari,
1323 2419 1366 2449 et
1384 2409 1590 2463 populum

146 2464 255 2505 inire
278 2465 529 2522 suffragium
557 2476 785 2521 oporteret,
808 2466 1029 2522 consurgit
1062 2465 1111 2506 P.
1135 2465 1333 2520 Scaptius
1366 2465 1418 2505 de
1450 2465 1589 2522 plebe,

148 2535 306 2577 magno
330 2533 430 2564 natu
449 2540 457 2565 :
489 2535 547 2574 et,
572 2524 620 2564 Si
641 2524 744 2574 licet,
769 2524 923 2578 inquit,
946 2522 1132 2572 consules,
1152 2521 1199 2563 de
1221 2521 1427 2576 republica
1445 2521 1589 2573 dicere,

146 2591 280 2619 errare
308 2594 377 2636 ego
402 2581 599 2635 populum
629 2581 672 2621 in
696 2581 770 2621 hac
793 2595 930 2621 caussa
948 2594 1024 2620 non
1040 2579 1198 2633 patiar.
1262 2579 1424 2629 Quum,
1448 2590 1493 2619 ut
1519 2593 1590 2621 va-

144 2648 262 2686 num,
284 2651 380 2678 eum
406 2649 610 2694 negarent
634 2638 827 2679 consules
851 2636 1112 2677 audiendum
1131 2650 1236 2686 esse,
1255 2635 1587 2677 vociferantem-

709 2730 722 2744 ι·
737 2725 830 2753 rcmG
837 2733 904 2752 ron.
921 2724 1015 2752 Crev.

188 2794 225 2825 91
239 2792 256 2809 ἕ
272 2792 393 2823 Praeda
410 2815 418 2822 .
431 2815 438 2821 .
454 2815 462 2822 .
473 2815 481 2822 .
496 2794 621 2831 ingenti
650 2792 836 2832 compotem]
881 2801 952 2830 gua
968 2792 1047 2821 satis
1059 2796 1242 2831 compotem2
1291 2791 1400 2830 Hujus
1430 2791 1585 2832 loquendi

144 2835 196 2866 Sic
206 2835 394 2874 Sallustius,
410 2846 512 2877 neque
527 2839 647 2874 animo,
665 2847 684 2866 n
697 2847 764 2876 ’que
778 2837 839 2866 lin-
883 2835 999 2864 formae
1015 2836 1183 2866 rarissima
1198 2838 1279 2866 sunt
1302 2835 1467 2876 exempla.

205 2891 312 2919 vor„
337 2892 368 2919 1.
938 2891 965 2929 ρ,
