1969 3239
539 136 541 138 ’
571 141 688 187 Llss.
717 140 762 187 v.
801 134 931 185 cAP.
957 144 1120 185 van.
1493 154 1570 191 839

131 246 296 302 templo
332 244 556 298 diceretur,
580 248 818 303 militesque
849 246 1054 288 haberent
1092 247 1406 303 imperatorem,
1439 265 1564 304 quem
1579 265 1620 296 U.
1637 265 1674 297 c.
1692 265 1773 297 365λ

136 303 305 353 vellent,
327 304 472 345 eadem
496 312 526 335 ⁷⁷
541 306 760 360 degressus
791 304 970 345 nuncius
994 304 1124 345 Veios
1147 305 1393 346 contendit:
1428 308 1564 348 missi·
1578 309 1615 363 4·
1634 309 1671 359 C:
1688 311 1762 342 387·

131 366 217 413 que
238 360 420 401 Ardeam
446 361 574 417 legati
596 363 647 402 ad
671 360 914 410 Camillum,
939 359 1067 401 Veios
1089 375 1184 401 eum
1211 362 1470 417 perduxere:
1493 379 1564 405 seu
1577 352 1728 424 ἑζῗέῗὲζῖς

133 417 267 470 (quod
293 419 428 473 magis
452 419 622 459 credere
654 415 875 466 libet‚'non
913 418 1026 472 prius
1060 417 1298 472 profectum
1335 420 1388 459 ab
1412 419 1702 472 Ardea,dic'1tur.

131 487 258 526 qiiam
302 476 511 530 comperit
551 475 686 529 legem
730 475 882 525 latam3
933 474 1047 528 quod
1091 489 1168 515 nec
1212 475 1374 529 injussu
1415 477 1564 532 populi

131 533 162 554 ⁷²³
179 532 330 571 mutari
357 532 510 572 finibus
534 542 688 586 posset,
713 545 803 582 uec,
828 531 906 571 nisi
929 531 1113 571 dictator
1134 531 1288 582 dictus,
1311 533 1499 587 auspicia
1522 534 1564 575 in

129 589 320 628 exercitu
354 587 524 636 habere)
555 583 622 627 lex
664 588 827 628 curiata
867 587 951 628 lata
990 598 1070 638 est,
1102 588 1371 644 dictatorque
1411 589 1563 630 absens

130 643 285 684 dictus.

188 699 381 741 XLVII.
415 698 529 740 Dum
553 700 645 740 haec
671 700 787 741 Veiis
823 701 1074 755 agebantur,
1098 701 1264 741 interim
1298 715 1372 742 arx
1406 701 1560 745 Romae
1576 724 1722 761 Capitoni

131 755 479 812 Capitoliumque
508 757 547 796 in
581 757 744 812 ingenti
783 757 967 812 periculo
1000 758 1094 798 fuit.
1119 773 1301 812 namque
1335 759 1464 809 Galli,
1488 774 1558 801 seu
1576 769 1756 805 periculum.

129 814 310 869 vestigio
344 823 490 853 notato
524 813 724 864 humano,
757 829 841 869 qua
874 815 1052 855 nuncius
1084 830 1107 855 a
1142 814 1256 855 Veiis
1298 827 1559 871 pervenerat,

128 883 199 909 seu
222 885 296 910 sua
314 881 464 925 sponte
479 871 770 911 animadverso
789 872 840 911 ad
860 871 1100 912 Carmentis
1114 886 1312 912 saxorum
1327 893 1341 913 p
1354 872 1560 915 adscensu

128 933 267 981 tequO,
299 937 424 968 nocte
457 926 671 978 sublustri,
694 943 825 982 quum
859 928 996 983 primo
1028 929 1246 979 inermem,
1271 929 1342 983 qui
1378 939 1562 972 tentaret

127 984 253 1034 viam,
277 983 596 1039 praemisissent,
616 985 829 1025 tradentes
851 984 948 1025 inde
969 999 1098 1034 arma,
1118 986 1190 1026 ubi
1213 986 1313 1040 quid
1338 985 1471 1040 iniqui
1496 1001 1560 1027 es·

126 1048 203 1090 set,
224 1040 374 1080 alterni
400 1040 540 1091 innisi,
562 1041 916 1095 sublevantesque
939 1042 981 1082 in
1005 1042 1142 1082 vicem
1165 1051 1208 1082 et
1241 1043 1454 1082 trahentes
1486 1044 1560 1085 alii

124 1095 243 1147 alios,
276 1107 400 1152 prout
431 1098 664 1152 postularet
705 1098 848 1149 locus3
892 1109 1010 1139 tanto
1053 1098 1222 1139 silentio
1263 1099 1306 1139 in
1346 1114 1559 1141 summum

125 1159 308 1204 evasere,
333 1164 379 1194 ut
402 1168 487 1194 non
509 1155 706 1195 custodes
730 1155 864 1196 solum
888 1154 1094 1205 fallerent,
1118 1156 1190 1196 sed
1225 1170 1275 1196 ne
1308 1170 1432 1197 canes
1465 1158 1559 1212 qui-

124 1209 235 1261 detn,
259 1210 487 1251 sollicitum
520 1212 675 1252 animal
707 1212 759 1252 ad
786 1222 1026 1253 nocturnos
1060 1213 1273 1267 strepitus,
1304 1214 1557 1255 excitarent.

123 1269 156 1292 5⁹
168 1266 350 1308 Anseres
374 1282 457 1307 non
482 1267 680 1318 fefellere,
702 1269 856 1322 quibus
879 1269 1006 1309 sacris
1027 1269 1190 1310 Junoni
1213 1271 1254 1309 in
1277 1284 1442 1310 summa
1464 1271 1557 1311 ino—
1569 1280 1712 1313 Anseres.

122 1324 192 1377 pia
213 1324 297 1364 cibi
324 1335 464 1365 tamen
487 1325 794 1365 abstinebatur.
816 1340 911 1380 quae
947 1340 1010 1366 res
1044 1326 1165 1366 saluti
1202 1326 1295 1367 fuit.
1358 1327 1556 1383 Namque

122 1379 321 1436 clangore
341 1395 486 1422 eorum
509 1381 754 1436 alarumque
775 1383 937 1437 crepitu
961 1383 1128 1423 excitus
1162 1381 1228 1424 M.
1254 1382 1458 1434 Manlius,
1481 1385 1553 1439 qui
1568 1398 1612 1427 M.
1630 1399 1742 1429 Manlii

123 1437 305 1478 triennio
327 1447 426 1478 ante
446 1438 594 1478 consul
617 1438 766 1488 fuerat,
791 1439 852 1479 vir
885 1438 992 1479 bello
1015 1439 1225 1495 egregius,
1248 1440 1374 1480 armis
1406 1441 1554 1496 adrep-
1566 1443 1676 1474 virtus.

123 1493 191 1543 tis,
214 1493 336 1534 simul
360 1493 412 1534 ad
434 1509 549 1535 arma
570 1505 731 1535 ceteros
753 1495 883 1546 ciens,
907 1496 1050 1546 vadit·;
1070 1507 1127 1546 et,
1149 1496 1249 1536 dum
1273 1497 1399 1537 ceteri
1424 1499 1555 1552 trepi-

120 1550 238 1600 dant,
262 1550 451 1600 Gallum,
471 1552 542 1605 qui
558 1551 650 1605 jam
673 1552 714 1592 in
737 1566 902 1592 summo
925 1553 1188 1603 constiterat,
1214 1554 1399 1594 umbone
1421 1554 1555 1596 ictum

119 1607 333 1648 deturbat.
395 1607 531 1662 CuJus
554 1622 676 1649 casus
701 1609 880 1663 prolapsi
915 1624 1046 1664 quum
1083 1610 1300 1664 proximos
1333 1620 1555 1662 sterneret,

120 1663 379 1718 trepidantes
401 1663 521 1714 alios,
536 1666 747 1720 armisque
770 1666 935 1706 omissis
957 1667 1243 1720 saxa,quibus
1265 1666 1555 1718 adhaerebant,

118 1720 315 1760 manibus
348 1721 586 1775 amplexos,
607 1723 803 1763 trucidat.
827 1723 1006 1778 jamque
1035 1731 1078 1763 et
1108 1722 1178 1763 alii
1210 1725 1460 1779 congregati
1493 1734 1556 1765 te-

118 1775 168 1816 lis
219 1777 532 1832 missilibusque
573 1780 685 1819 saxis
728 1779 975 1835 proturbare
1016 1779 1173 1830 hostes,
1219 1780 1423 1835 ruinaque
1464 1790 1557 1823 tota

117 1832 316 1889 prolapsa
336 1835 447 1874 acies
470 1835 512 1875 in
547 1835 924 1892 praeceps'deferri.
983 1836 1138 1877 Sedato
1169 1837 1322 1877 deinde
1354 1837 1554 1889 tumultu,

116 1889 324 1944 reliquum
366 1891 506 1931 noctis
539 1898 764 1947 (quantum
809 1894 850 1933 in
895 1894 1074 1934 turbatis
1115 1893 1328 1933 mentibus
1372 1905 1553 1948 poterat,

114 1960 246 2000 quum
273 1949 532 2003 praeteritum
564 1960 735 2004 quoque
764 1950 997 2004 periculum
1030 1950 1292 1998 sollicitaret)
1315 1951 1446 2004 quieti
1479 1952 1552 1992 da-

81 2010 85 2015 *
116 2011 208 2042 tum
230 2013 307 2044 est.
368 2004 483 2045 Luce
504 2017 611 2056 ortu,
635 2008 796 2047 vocatis
819 2007 994 2047 classico
1015 2007 1065 2047 ad
1089 2007 1317 2047 concilium
1344 2007 1550 2048 militibus

114 2059 167 2099 ad
193 2059 401 2109 tribunos,
423 2077 552 2116 quum
577 2074 620 2103 et
642 2073 753 2103 recte
774 2074 816 2104 et
839 2078 1056 2118 perperam
1080 2063 1194 2104 facto
1219 2064 1400 2118 pretium
1420 2065 1550 2105 debe-

114 2125 257 2166 retur3
289 2116 477 2159 Manlius
513 2120 696 2174 primum
732 2121 789 2160 ob
810 2121 1011 2160 virtutem
1042 2120 1235 2161 laudatus
1268 2121 1549 2177 donatusque,

116 2185 201 2212 non
223 2174 277 2214 ab
301 2173 480 2215 tribunis
503 2176 637 2217 solum
663 2176 948 2228 militum,sed
970 2191 1178 2218 consensu
1202 2178 1330 2218 etiam
1352 2177 1548 2221 militari:

647 2295 663 2316 v
684 2300 794 2320 saa-um
805 2291 900 2320 Gron.
917 2292 1006 2320 Crev.

114 2390 249 2420 cessitas
265 2389 403 2429 cogebat
420 2390 550 2421 asolito
567 2399 655 2421 more
671 2388 705 2422 in
734 2391 805 2432 qui·
850 2390 919 2422 solo
951 2393 983 2422 in
1016 2392 1098 2422 fines
1130 2393 1310 2428 Romanos,
1338 2393 1404 2423 sive
1437 2394 1469 2422 in
1501 2391 1573 2434 lo·v

111 2432 251 2463 busdam
306 2434 468 2464 recedere.
529 2434 724 2465 Plutarchus
771 2438 804 2465 in
850 2444 926 2466 cum
939 2437 995 2475 qui
1008 2432 1167 2466 Romanae
1181 2437 1316 2466 ditionis
1331 2442 1548 2472 esset,trans-

112 2476 206 2506 eam.
236 2477 308 2507 sine
337 2477 406 2507 ulla
435 2479 605 2508 mentione
638 2478 718 2515 legis
749 2489 804 2508 cu-
851 2481 908 2509 ire.

113 2519 218 2556 riatae,
242 2529 307 2559 qua
330 2520 489 2551 Camillus
517 2523 558 2551 ab
589 2521 686 2551 exilio
715 2532 806 2552 revo·
892 2525 933 2556 79
973 2523 1106 2553 Anseres
1142 2533 1204 2552 von
1228 2520 1397 2561 qu'ellere}
1438 2522 1546 2554 Docet

113 2570 256 2600 caretur,
272 2573 348 2593 eum
367 2564 566 2594 dictatorem
590 2564 716 2594 ‹tit-tum
734 2574 804 2594 esse
850 2565 938 2595 Plut.
954 2566 1014 2595 sub
1031 2566 1131 2595 finem
1156 2565 1230 2595 libri
1256 2566 1296 2595 de
1322 2565 1457 2594 fortuna
1481 2565 1546 2595 Ro-

113 2605 227 2636 sci-ibit
242 2607 283 2636 ab
307 2607 346 2636 iis
369 2607 425 2646 qui
454 2608 487 2637 in
514 2617 588 2638 arce
613 2607 806 2637 obsideban-
850 2617 1038 2644 manorum,
1054 2618 1113 2638 suo
1128 2609 1235 2638 adhuc
1262 2618 1344 2645 aevo,
1359 2609 1393 2638 in
1419 2618 1549 2638 memo-

109 2652 177 2678 tur.
850 2652 930 2681 riam
949 2652 1018 2689 ejus
1043 2651 1102 2688 rei,
1119 2652 1247 2682 solenni
1273 2661 1394 2690 pompa
1422 2652 1544 2690 gestari

154 2689 195 2724 77‘
211 2688 406 2731 Regressus]
427 2692 515 2724 Olim
533 2693 704 2732 digressus.
730 2690 805 2723 Mu-
849 2694 983 2724 solitum
1015 2703 1085 2723 esse
1109 2704 1225 2724 canem
1255 2695 1288 2724 in
1317 2694 1412 2724 furca
1433 2695 1544 2724 suffix-

110 2735 195 2764 tavit
222 2734 288 2772 hic,
316 2743 356 2766 ut
393 2736 469 2766 alibi
510 2745 609 2776 saepe,
641 2737 803 2776 Sigonius.
849 2747 918 2772 um,
957 2746 1106 2767 anserem
1147 2747 1227 2767 vero
1268 2739 1302 2766 in
1328 2737 1466 2767 ‘lectica
1509 2743 1543 2767 et

111 2775 185 2806 Vid.
203 2783 273 2808 not.
287 2782 339 2809 30.
356 2779 396 2810 ad
424 2779 483 2809 111.
502 2783 532 2811 Β.
548 2787 581 2810 et
609 2787 676 2810 not.
695 2785 746 2815 90.
765 2781 806 2810 ad
850 2787 937 2810 veste
990 2779 1139 2820 stragula
1189 2779 1281 2811 velut
1332 2780 1543 2821 triumphan-

111 2819 165 2848 IV.
187 2823 234 2850 17.
846 2829 927 2853 tem.

152 2863 364 2902 tenuatam*
389 2865 530 2905 finibus]
573 2865 599 2897 E
628 2867 802 2906 peregrino

892 2915 913 2948 Ζ
937 2915 960 2948 ‘2
