1925 3239
599 141 720 181 LIB.
746 140 833 179 vn.
871 141 997 178 CAP.
1027 141 1076 179 X.
1491 148 1566 182 409

136 250 292 286 sortem
314 242 486 299 periculi
511 249 654 299 petere
673 241 848 283 nollent.
869 247 959 281 tum
978 239 1028 281 T.
1053 239 1258 292 Manlius,
1283 240 1331 284 L.
1352 241 1477 293 filius,
1493 242 1564 297 qui
1582 258 1621 290 U.
1638 259 1674 290 c,
1693 261 1768 293 394,

138 310 299 355 patrem
331 315 355 341 a
386 302 611 341 vexatione
642 298 869 339 tribunicia
892 297 1195 348 vindicaverat,
1216 312 1271 338 ex
1303 300 1484 339 statione
1514 299 1564 339 acl
1580 305 1617 333 A.
1635 303 1670 334 C.
1686 306 1760 334 358·

138 357 392 399 dictatorem
416 357 578 413 pergit:
602 354 768 418 Injussu
789 361 873 405 tito,
895 354 1049 409 inquit,
1070 355 1305 410 imperator,
1326 361 1436 395 extra
1461 355 1568 395 ordi-

1583 349 1612 378 Si
1617 348 1744 386 ngulare

1585 395 1740 420 certamen

138 427 227 454 nem
256 428 475 469 ‘reumquctm
499 417 782 469 pugnaverant,
802 425 881 452 non
911 412 944 451 si.
980 418 1128 452 certam
1159 411 1370 452 victoriam
1397 412 1570 453 videam.
1586 435 1622 463 T.
1646 434 1757 463 Manlii

144 470 193 511 Si
233 477 278 511 tu
309 469 527 526 permittiS,
557 469 646 510 volo
674 482 743 523 ego
775 467 842 508 illi
874 467 1011 509 belluae
1040 467 1253 518 ostendere,
1285 467 1444 522 quando
1477 469 1572 510 adeo
1587 487 1655 507 cum
1671 477 1772 507 Gallo.

129 525 259 582 ferox
282 526 502 582 praesultat
522 525 692 565 hostium
723 524 866 581 signis,
885 539 946 565 me
963 539 1009 565 ex
1040 539 1086 565 ea
1104 523 1282 580 familia
1315 531 1459 576 ortum,
1480 539 1574 580 quae

145 582 364 624 Gallorum
404 596 544 638 agmen
579 595 625 621 ex
661 595 759 636 rupe
801 581 976 636 Tarpeia
1012 581 1166 637 dejecit.
1226 580 1336 622 Tum
1379 581 1575 632 dictator,

143 638 284 681 Macte
311 641 474 690 virtute,
505 638 658 693 inquit,
688 653 734 678 ac
766 638 918 693 pietate
946 638 991 678 in
1016 645 1177 693 patrem
1213 639 1492 693 patriamque,
1527 638 1575 680 T.

146 694 302 747 Manli,
323 703 415 738 esto.
474 694 622 749 Perge,
644 701 681 735 et
701 709 837 735 nomen
862 693 1093 735 Romanum
1113 695 1321 746 invictum,
1326 695 1576 750 juvantibus

145 750 258 803 Diis,
295 759 452 808 praesta.
511 750 692 792 Armant
732 752 829 792 inde
864 752 1067 806 juvenem
1111 752 1307 806 aequales.
1339 754 1368 776 ⁵³
1383 752 1576 806 pedestre

145 820 311 850 scutum
330 809 460 865 capit,
482 812 513 831 ⁵⁴
527 808 726 863 Hispano
750 808 936 863 cingitur
966 807 1123 862 gladio,
1144 809 1194 849 ad
1230 808 1468 864 propiorem
1502 809 1578 850 ha-

143 865 219 906 bili
259 879 462 921 pugnam.
521 866 745 906 Armatum
785 866 1124 920 adornatumque
1165 866 1362 905 adversus
1404 865 1577 907 Gallum

144 922 296 963 stolide
317 923 533 971 laetum,et
559 923 776 977 (quoniam
802 922 842 962 id
865 936 1034 976 quoque
1051 923 1257 962 memoria
1274 921 1450 976 dignum
1467 923 1577 963 anti-

141 979 238 1033 quis
259 980 394 1019 visum
417 980 498 1027 est)
519 979 707 1033 linguam
732 979 858 1019 etiam
881 980 935 1018 ab
959 979 1087 1019 inrisu
1120 988 1399 1028 exserentem,
1423 979 1578 1033 produ-

144 1044 262 1076 cunt.
323 1035 556 1090 Recipiunt
578 1036 675 1076 inde
697 1049 740 1076 se
761 1036 811 1076 ad
830 1035 1055 1076 stationem
1076 1053 1085 1077 :
1119 1045 1162 1075 et
1183 1035 1267 1075 duo
1286 1035 1329 1075 in
1352 1035 1491 1076 medio
1512 1050 1579 1076 ar-

144 1092 264 1142 mati,
285 1095 316 1116 ⁵⁵
329 1091 558 1148 spectaculi
582 1092 719 1147 magis
740 1106 871 1142 more,
886 1106 1012 1146 quam
1035 1092 1128 1147 lege
1151 1092 1579 1143 belli,destituuntur,

145 1162 412 1204 nequaquam
438 1149 527 1189 visu
550 1163 599 1188 ac
622 1149 762 1204 specie
785 1149 1096 1189 aestimantibus
1129 1163 1261 1204 pares.
1323 1147 1489 1204 Corpus
1520 1149 1579 1189 al-

146 1206 225 1246 teri
264 1205 560 1261 magnitudine
598 1205 818 1256 eximium,
851 1205 1093 1246 versicolori
1129 1215 1243 1245 veste
1287 1205 1496 1260 pictisque
1536 1216 1581 1246 et.

145 1276 247 1303 auro
269 1262 430 1303 caelatis
447 1261 661 1317 refulgens
683 1262 834 1303 armis:
867 1262 1007 1302 media
1036 1262 1078 1302 in
1110 1262 1241 1302 altero
1273 1261 1464 1303 militaris
1496 1271 1581 1302 sta-

148 1319 524 1374 tura,modicaque
545 1320 587 1359 in
611 1320 737 1359 armis
760 1319 972 1359 habilibus
996 1319 1130 1374 magis
1153 1333 1278 1372 quam
1301 1318 1464 1358 decoris
1486 1333 1580 1374 spe-

148 1375 251 1416 cies.
274 1390 358 1416 non
381 1385 545 1425 cantuS,
569 1390 654 1415 non
685 1376 916 1416 exsultatio
939 1389 1236 1429 armorumque
1256 1375 1435 1430 agitatio
1458 1390 1581 1426 vana,

149 1432 221 1473 sed
241 1442 404 1487 pectuS,
427 1433 665 1472 animorum
698 1433 856 1486 iraeque
888 1433 1028 1472 tacitae
1062 1431 1247 1487 plenum,
1269 1445 1438 1472 omnem
1471 1431 1581 1472 fero-

149 1488 260 1529 ciam
282 1489 325 1528 in
348 1489 575 1529 discrimen
595 1488 735 1543 ipsum
757 1489 999 1529 certaminis
1020 1488 1253 1530 distulerat.
1314 1488 1399 1528 Ubi
1422 1490 1582 1529 consti-

151 1553 240 1586 tere
262 1545 371 1585 inter
391 1545 493 1586 duas
516 1546 641 1595 acies,
663 1554 728 1585 tot
748 1547 862 1586 circa
883 1545 1124 1585 mortalium
1157 1544 1308 1586 animis
1339 1558 1413 1600 spe
1443 1555 1580 1586 metu-

149 1616 234 1656 que
275 1602 570 1656 pendentibus,
605 1601 769 1649 Gallus,
811 1601 925 1642 velut
962 1602 1093 1642 moles
1136 1616 1315 1656 superne
1355 1602 1580 1653 inminens,

149 1659 181 1681 ⁵⁶
194 1659 387 1713 projecto
424 1658 533 1699 laeva
569 1668 705 1708 scuto,
735 1659 780 1699 in
820 1658 1083 1699 advenientis
1115 1673 1229 1699 arma
1259 1658 1393 1698 hostis
1425 1673 1581 1700 vanum

151 1719 181 1742 ⁵⁷
195 1716 340 1756 caesim
365 1729 462 1755 cum
483 1715 647 1771 ingenti
669 1716 810 1755 sonitu
833 1729 974 1755 ensem
995 1716 1168 1770 dejecit.
1230 1714 1467 1764 Romanus,
1488 1729 1582 1756 mu·-

151 1786 280 1814 crone
311 1772 525 1824 subrecto,
557 1776 587 1796 ⁵³
601 1785 732 1827 quum
769 1780 889 1812 scuto
923 1778 1127 1814 scutumm
1157 1773 1289 1813 imum
1320 1772 1581 1827 perculisset,

638 1879 660 1894 ¹¹¹
682 1879 803 1905 scutum
817 1880 900 1904 scuto
916 1876 1012 1904 Gron.
1026 1875 1115 1905 Crev.

893 1972 951 1992 um
976 1964 1174 2003 pedestrem,
1199 1963 1254 2002 qui
1278 1962 1422 1993 diversus
1445 1968 1517 1994 erat
1543 1964 1583 1993 ab

894 2007 1058 2045 equestri:
1084 2017 1184 2045 quum
1210 2011 1323 2036 autem
1348 2005 1403 2035 illo
1426 2017 1494 2037 aevo
1518 2016 1583 2046 quo

892 2049 1056 2080 scribebat
1067 2049 1314 2088 Quadrigarius,
1328 2049 1455 2088 gladius
1464 2050 1585 2080 Roma·

187 1967 226 1996 53
235 1963 413 1995 *Pedestre
418 1967 545 1995 scutum
555 1963 654 2003 capit]
668 1963 728 1993 Pro
736 1973 851 2004 parma

157 2008 330 2044 nimirum,
345 2017 442 2046 quam
459 2007 588 2046 equites
604 2007 774 2045 gerebant.
797 2007 849 2036 De

156 2060 272 2091 parma
285 2050 350 2081 vid.
367 2056 437 2080 not.
448 2053 504 2085 75.
513 2050 555 2080 ad
569 2050 622 2080 IV.
634 2053 688 2081 38.
703 2055 728 2088 ἦ·
739 2049 777 2079 In
787 2049 850 2080 hac

156 2103 270 2133 pugna
283 2093 497 2124 describenda
511 2098 644 2123 secutus
664 2099 714 2122 est
737 2092 849 2122 Livius

159 2136 335 2167 Claudium
357 2136 738 2176 Quadrigariumhcujus
754 2136 852 2166 verba

158 2179 224 2210 vid.
238 2179 328 2219 apud
345 2179 382 2209 A.
397 2179 555 2215 Genium,
571 2180 630 2209 IX.
652 2182 701 2210 13.

202 2226 243 2254 54
266 2222 445 2262 Hispano..
459 2223 597 2262 gladio]
623 2222 759 2252 Gladius
775 2222 851 2252 His-

159 2266 298 2308 panicus
313 2266 475 2296 brevitate
497 2265 592 2305 agilis
614 2270 697 2304 erat,
706 2266 851 2305 pariter-

160 2320 232 2352 que,
248 2309 357 2348 inquit
374 2307 483 2348 Polyb.
501 2308 522 2338 l.
539 2308 594 2338 Vl.
609 2313 639 2338 et
653 2309 854 2348 adpunctim

161 2353 341 2384 loedendum
370 2353 543 2388 excellens„
561 2356 593 2381 et
620 2352 665 2381 ad
687 2353 790 2382 caesim
814 2361 855 2382 esc

162 2401 302 2436 utraque
333 2394 432 2436 parde
454 2394 651 2435 feriendum
679 2397 854 2425 vehemens.

167 2439 336 2474 &astabat
358 2440 444 2470 euim
468 2439 594 2468 lamina
615 2439 726 2468 valida
747 2443 777 2468 et
789 2439 855 2477 fir-

165 2492 230 2513 ma.
274 2482 323 2512 Eo
346 2481 487 2513 Romani
517 2480 638 2510 milites
660 2481 854 2511 utebantur.

163 2524 334 2566 Hispania-i
348 2524 526 2565 appellatio
543 2523 667 2553 indicat
689 2533 765 2553 eum
790 2524 854 2554 Ro-

164 2578 279 2600 manos
294 2568 335 2598 ab
351 2569 508 2608 Hispanis
525 2567 700 2605 accepisse.
725 2567 788 2597 Sed
802 2566 853 2596 his

163 2611 368 2652 temporibus
396 2611 562 2650 ,quodnam
593 2610 750 2640 Romanis
778 2620 854 2639 cum

166 2655 327 2695 Hispania
349 2654 584 2695 commercium
610 2653 704 2682 erat?
729 2653 773 2683 Et
797 2653 856 2682 Po-

163 2695 270 2738 lybius
283 2699 379 2728 testis
395 2701 445 2732 est
466 2697 631 2727 Romanos
648 2695 733 2726 bello
747 2696 850 2726 Anni-

165 2740 272 2771 balico
301 2740 426 2780 gladios
458 2740 620 2780 Hispanos
649 2749 706 2779 pro
736 2739 851 2778 patriis

165 2793 331 2814 assumere
361 2784 508 2823 coepisse.
553 2782 713 2813 Dicamus
750 2782 853 2821 igitur

167 2837 244 2857 cum
261 2827 372 2867 Lipsio
387 2827 532 2863 Livium,
548 2826 614 2856 sive
640 2826 750 2864 potius
763 2825 853 2864 Qua-

166 2870 346 2910 drigarium
364 2869 418 2901 hic
433 2869 579 2901 indicare
595 2868 734 2900 voluisse
751 2868 855 2908 gladi-

894 2102 1012 2122 norum
1033 2093 1184 2133 pedester
1208 2093 1407 2132 Hispanicus
1428 2099 1463 2122 et
1485 2098 1584 2130 esset,

896 2139 929 2165 et
945 2136 1154 2173 vociferetur,
1169 2135 1262 2165 illum
1278 2136 1471 2176 scriptorem
1495 2136 1586 2166 locu-

894 2183 966 2208 tum
982 2188 1052 2209 esse
1068 2189 1108 2209 ex
1124 2189 1192 2209 suae
1208 2179 1314 2209 aetatis
1330 2179 1585 2216 consuetudine,

894 2223 1043 2260 quamvis
1073 2222 1199 2261 gladius
1230 2232 1294 2261 quo
1330 2222 1476 2252 Manlius
1506 2232 1585 2252 usus

895 2269 956 2303 est,
975 2274 1040 2295 non
1056 2265 1157 2295 suerit
1171 2275 1284 2295 revera
1299 2265 1511 2305 Hispanicus,
1528 2265 1585 2295 sed

897 2318 936 2338 ex
965 2309 1067 2338 veteri
1104 2309 1328 2339 Romanorum
1366 2317 1469 2338 more.
1513 2308 1586 2338 vid.

896 2351 986 2390 Lips.
1004 2351 1026 2381 l.
1044 2352 1103 2382 111.
1120 2351 1159 2381 de
1176 2350 1278 2381 Milit.
1295 2351 1391 2381 Rom.
1407 2350 1494 2381 Dial.
1510 2355 1541 2381 3.

932 2394 1188 2434 55*S]1ectaeuli.
1200 2416 1207 2423 .
1221 2393 1319 2432 more]
1331 2393 1457 2424 Alludit
1471 2394 1585 2431 Livius

899 2437 940 2467 ad
956 2437 1176 2476 gladiatorum
1193 2446 1330 2476 pugnas.

940 2481 981 2511 56
1004 2478 1166 2521 Prqjectu]
1187 2481 1272 2510 Ante
1289 2489 1322 2509 se
1339 2480 1476 2520 prolato.

940 2526 979 2557 57
1014 2523 1137 2564 Caesim]
1168 2523 1270 2552 Gallis
1300 2522 1399 2562 gladii
1429 2523 1587 2563 praelongi

897 2571 1004 2603 erant,
1019 2576 1057 2597 ae
1071 2567 1142 2597 sine
1167 2566 1378 2596 mucronibus
1393 2579 1400 2596 ι
1422 2572 1509 2597 teste
1532 2566 1584 2596 Li·

898 2611 964 2647 vio,
987 2608 1010 2641 l.
1033 2609 1142 2640 xxu.
1172 2620 1200 2639 c.
1231 2610 1282 2639 46.
1326 2610 1441 2648 Itaque
1475 2610 1588 2640 caesim

899 2658 1035 2683 tantum
1051 2652 1148 2682 ferire
1163 2657 1319 2691 poterant
1334 2652 1474 2683 hostem.

938 2698 976 2726 58
993 2696 1107 2736 ‚Quum
1121 2699 1247 2726 scutum
1263 2700 1349 2725 scuto
1364 2697 1463 2726 imum
1476 2705 1592 2736 percu-

896 2737 995 2777 lisset]
1015 2739 1062 2768 Ut
1078 2739 1117 2768 de
1141 2738 1244 2778 gradu
1267 2738 1396 2768 hostem
1421 2739 1590 2778 dejiceret,

895 2786 942 2818 et,
958 2782 1129 2812 occasione
1145 2781 1222 2811 data
1238 2791 1278 2811 ex
1301 2783 1427 2812 incerto
1443 2788 1477 2813 et
1492 2781 1593 2811 vacil-

896 2823 981 2855 lanti
995 2825 1068 2863 ejus
1085 2830 1191 2862 motu,
1203 2834 1274 2855 sese
1291 2831 1401 2865 posset
1416 2826 1503 2857 inter
1519 2834 1591 2856 cor-

896 2877 957 2909 pus
974 2867 1044 2909 ejus
1061 2877 1218 2908 armaque
1235 2868 1412 2900 insinuare.
