1969 3239
615 105 734 144 LIB.
760 104 829 143 VI.
866 105 996 143 CAP.
1023 105 1109 144 XV.
1504 113 1580 148 365

200 203 307 247 XV.
339 205 408 248 Ita
429 208 644 265 suspensis
662 209 786 249 rebus
809 205 1009 256 dictator,
1030 206 1196 248 adcitus
1219 207 1273 249 ab
1306 209 1513 261 exercitu,
1535 212 1577 252 in
1593 223 1634 254 U⁷
1652 223 1688 254 C.
1705 226 1779 260 370.

141 261 291 303 urbem
314 265 442 305 venit.
463 272 632 320 postero
653 264 722 305 die
743 273 890 304 senatu
921 263 1086 314 habito,
1106 278 1253 318 quum,
1277 266 1377 305 satis
1412 268 1578 321 pericli-
1592 268 1785 342 gissstiifffi

144 384 222 426 set,
246 377 426 431 stipatus
458 392 508 418 ea
538 377 825 428 multitudine,
848 376 948 418 sella
983 376 1023 416 in
1057 377 1247 440 comitio·
1269 379 1420 432 posita,
1444 381 1578 421 viato-
1591 354 1797 426 {gp-unmez-

143 444 231 472 rem
267 434 322 474 ad
352 433 418 474 M.
442 434 654 475 Manlium
687 434 829 485 misit:
860 434 950 488 qui,
982 433 1203 474 dictatoris
1230 448 1352 488 jussu
1389 446 1577 488 vocatus,
1593 450 1745 481 Manlium

142 502 273 542 quum
296 490 464 546 signum
489 491 571 531 suis
593 490 792 540 dedisset,
813 490 958 530 adesse
978 500 1208 540 certamen,
1230 491 1400 546 agmine
1430 493 1693 548 ingen-vocat.

139 327 256 360 tatus
280 321 520 363 voluntates
544 321 781 371 hominum,
801 320 1019 360 discedere
1041 330 1234 361 senatum
1263 322 1317 362 ab
1350 337 1394 363 se
1427 325 1578 364 vetuis-

145 545 175 584 ti
199 546 252 586 ad
275 547 457 588 tribunal
482 548 611 588 venit.
671 547 788 588 Hinc
818 556 1003 598 senatUS,
1025 547 1126 588 hinc
1159 548 1292 603 plebs,
1315 563 1434 589 suum
1467 552 1580 604 quis-

143 616 226 656 que
248 603 459 644 intuentes
481 604 649 654 ducein,
672 604 786 647 velut
810 603 851 643 in
874 604 965 644 acie
996 603 1291 645 constiterant.
1350 605 1460 646 Tum
1492 607 1582 647 die-

145 667 270 710 tator,
292 660 462 700 silentio
496 659 627 710 facto,
665 659 848 710 Utinam,
871 660 1024 714 inquit,
1046 660 1145 701 mili-i
1178 660 1462 717 Patribnsqne
1495 662 1580 705 Ro·

144 716 273 756 manis
292 717 351 757 ita
373 716 419 757 de
439 718 575 757 ceteris
592 717 708 757 rebus
729 732 818 758 cnm
845 717 962 770 plebe
993 718 1216 764 conveniat,
1237 720 1581 773 quemadmodum,

144 772 253 825 qnod
271 773 382 813 acite
401 772 555 814 adtinet
585 789 749 829 eamque
780 789 876 823 rem,
898 788 1022 829 qnam
1054 774 1101 814 de
1133 781 1170 814 te
1202 789 1288 814 snm
1321 777 1582 830 qicoesitnrns,

143 837 425 870 conventurum
445 831 542 871 satis
574 831 739 884 consido.
802 830 920 884 Spem
935 829 1106 884 factam
1136 846 1161 871 a
1192 838 1229 871 le
1262 833 1422 873 civitati
1454 834 1582 885 video,

143 884 263 940 ⁶⁴flde
295 886 503 937 incolumi,
525 901 572 926 er
602 887 798 928 thesauris
832 885 1025 938 Gallicis,
1047 902 1143 942 quos
1169 889 1367 942 primores
1401 889 1585 930 Patrwn.

143 942 350 993 occultent,
372 943 567 984 creditum
589 944 689 984 solvi
717 957 843 998 posse.
906 943 985 984 Cui
1012 958 1081 998 ego
1114 945 1171 984 rei
1205 952 1361 986 tantam
1395 946 1507 986 abest
1539 954 1586 987 nt

142 999 408 1055 inpedimento
427 1000 516 1050 sim,
537 1008 581 1041 ut
601 1008 740 1041 contra
773 1007 823 1049 te,
848 1000 914 1040 M.
940 999 1094 1051 Manli,
1116 1000 1319 1052 adltorler,
1341 1002 1480 1043 liberes
1497 1003 1584 1058 fie-

141 1070 237 1097 nore
251 1055 407 1110 plebem
430 1055 684 1098 Romanam:
717 1065 751 1097 et
774 1057 882 1107 istos,
905 1056 1141 1097 incubantes
1157 1058 1337 1112 publicis
1366 1059 1583 1110 thesauris,

141 1127 188 1154 ex
202 1113 343 1168 prceda
367 1113 617 1154 clandestina
644 1114 817 1155 evolvas.
881 1113 1000 1168 Quod
1030 1115 1108 1154 nisi
1126 1113 1255 1170 jacis,
1277 1115 1358 1155 sive
1390 1117 1520 1170 ᾳιιοτί0
1550 1125 1587 1157 et

142 1170 228 1224 ipse
250 1170 291 1210 in
304 1177 425 1224 parte
441 1171 587 1225 praeclce
608 1171 674 1221 sis,
695 1171 778 1211 sive
799 1170 897 1225 qaia
920 1185 1068 1211 ranam
1096 1171 1294 1212 imiicinm
1327 1180 1398 1223 est,
1421 1173 1464 1212 in
1496 1174 1587 1214 rin-

142 1226 234 1267 cula
255 1234 293 1267 te
312 1227 405 1268 duci
412 1227 579 1281 jubebo,
602 1242 669 1268 nec
686 1227 839 1267 diutins
871 1228 1024 1283 patiar,
1045 1243 1070 1267 a
1102 1236 1140 1268 te
1170 1228 1468 1269 multitudinem
1487 1230 1586 1285 fal-

142 1283 222 1324 laci
241 1298 307 1338 spe
338 1284 549 1324 concitari.
608 1284 676 1325 Ad
711 1298 761 1324 ea
796 1283 1001 1335 Manlius,
1022 1299 1090 1324 nec
1121 1298 1159 1324 se
1177 1283 1390 1340 fly‘ellisse,
1412 1287 1485 1336 ait,
1508 1302 1587 1328 non

141 1340 332 1381 adversus
354 1339 514 1381 Volscos
533 1341 649 1381 toties
664 1340 803 1390 hostes,
821 1341 979 1395 quoties
998 1340 1202 1382 Patribus
1215 1342 1411 1397 expediat,
1425 1357 1492 1383 nec
1510 1344 1585 1384 acl-

143 1411 276 1437 versas
290 1396 460 1438 Latinos
475 1397 766 1452 Hernicosque,
777 1411 876 1452 qnos
874 1396 1006 1453 falsis
1020 1398 1256 1439 criminibus
1266 1400 1310 1440 in
1319 1413 1434 1440 arma
1445 1408 1588 1456 agant,

142 1454 212 1494 sed
230 1453 423 1494 adversas
446 1468 485 1495 se
505 1469 552 1494 ac
571 1454 730 1508 plebem
755 1453 998 1503 Romanam,
1020 1454 1256 1496 dictatorem
1286 1463 1465 1497 creatum
1495 1472 1586 1500 esse.

144 1509 261 1560 Jam,
283 1511 430 1550 omisso
453 1510 572 1562 bello,
594 1510 702 1566 quod
716 1510 950 1551 simulatum
969 1511 1034 1562 sit,
1052 1511 1097 1552 in
1116 1526 1157 1552 se
1175 1508 1352 1567 inpetum
1356 1513 1459 1568 fieri
1471 1530 1483 1562 ‚·
1491 1515 1588 1569 jam

141 1566 375 1608 dictatorem
390 1567 575 1622 pr¹cfiteri
588 1568 864 1622 patrocinium
871 1566 1176 1623 foeneratornm
1198 1568 1389 1610 adversus
1404 1570 1559 1625 plebem
1575 1589 1588 1611 .-

129 1624 227 1679 jam
246 1623 325 1664 sibi
341 1638 387 1664 ex
396 1623 551 1680 favore
569 1623 847 1665 multitudinis
868 1624 1019 1665 crimen
1037 1632 1073 1666 et
1088 1626 1304 1679 perniciem
1320 1627 1460 1681 quaeri.
1498 1626 1585 1668 Ob-

128 1679 288 1736 fendit,
312 1681 466 1735 inquit,
499 1687 548 1731 te,
582 1681 638 1722 A.
675 1680 848 1731 Corneli,
878 1695 1037 1736 vosque,
1070 1683 1217 1722 Patres
1247 1684 1479 1738 conscripti,
1511 1685 1589 1725 cir-

142 1736 329 1793 cumfusa
349 1737 471 1778 turba
504 1737 624 1779 lateri
651 1736 768 1779 meos2
803 1736 915 1782 Quin
942 1752 1028 1779 eam
1059 1738 1250 1779 diducitis
1282 1755 1307 1779 a
1340 1754 1401 1781 me
1431 1741 1589 1798 singuli

142 1795 285 1834 vestris
317 1794 527 1850 beneficiis,
548 1795 579 1818 ⁶⁵
593 1795 884 1846 intercedendo,
905 1795 1106 1836 eximendo
1139 1795 1186 1837 cle
1213 1811 1334 1838 nervo
1369 1797 1472 1838 cives
1504 1813 1589 1840 ves-

142 1857 242 1900 tros,
257 1851 1010 1907 probibetzdojudicatos'addictosque
1029 1852 1138 1903 duci,
1160 1868 1207 1893 ex
1229 1867 1287 1903 eo,
1310 1853 1416 1909 quod
1446 1855 1590 1908 aclftnit

143 1907 285 1961 opibus
316 1909 473 1959 vestris,
496 1909 729 1950 sustinendo
762 1909 1011 1949 necessitates
1043 1908 1250 1950 aliorum?
1282 1909 1360 1951 Sed
1389 1911 1488 1966 qnid
1519 1926 1590 1968 ego

143 1978 230 2014 v03,
250 1964 299 2004 de
317 1971 444 2006 vestro
466 1965 708 2021 impendatis,
731 1965 870 2006 hortor
886 1965 907 2005 ἕ)
938 1968 970 1990 ‘⁵⁶
986 1965 1144 2006 Sortem
1164 1966 1289 2006 aliam
1305 1966 1432 2023 ferte.
1454 1967 1501 2009 cle
1523 1984 1590 2009 ca-

136 2020 227 2075 pite
244 2020 436 2072 deducite,
467 2022 577 2077 quod
607 2023 739 2063 usuris
762 2029 1096 2077 pernumeratum
1125 2030 1205 2063 est.-
1222 2023 1319 2078 jam
1345 2023 1474 2064 nihilo
1504 2040 1589 2067 mea

144 2076 280 2127 turba,
303 2091 424 2131 qnam
445 2078 584 2130 ullius,
607 2079 848 2134 conspectior
879 2079 975 2120 erit.
1031 2079 1091 2120 At
1124 2080 1242 2130 enini,
1265 2080 1365 2134 qnid
1396 2081 1454 2121 ita
1487 2081 1590 2123 solas

143 2147 214 2189 ego
235 2134 382 2174 civium
402 2149 542 2175 caram
563 2134 675 2191 ago?2
706 2135 833 2176 nihilo
854 2136 997 2191 magiS,
1020 2135 1129 2191 qnod
1156 2137 1428 2191 respondeam,
1449 2137 1588 2189 liabeo,

144 2204 264 2245 qaam
285 2190 319 2230 si
340 2204 512 2245 qnaeras,
531 2192 633 2247 qnid
652 2193 712 2233 ita
743 2192 851 2233 solus
887 2192 1132 2246 Capitolium
1165 2208 1373 2249 arcemque
1407 2209 1588 2237 servave-

143 2246 236 2288 rim.
297 2246 355 2288 Et
375 2254 458 2288 cnm
481 2249 693 2300 univer-sis,
714 2264 836 2304 qnam
855 2249 987 2306 potui,
1008 2264 1117 2304 opem
1137 2249 1230 2302 tuli,
1253 2257 1289 2291 et
1318 2265 1422 2292 nunc
1452 2251 1590 2307 singu-

650 2359 664 2373 ⁰
678 2349 760 2393 quod
774 2354 798 2385 l.
813 2359 848 2383 ‘nt
869 2355 965 2384 Gron.
984 2356 1075 2384 Crev.

183 2445 225 2476 64
248 2443 327 2476 Fide
340 2443 514 2484 incolumi]
533 2442 586 2474 Ita
607 2448 647 2473 ut
670 2443 846 2475 creditores
889 2445 954 2476 alia
976 2447 1061 2485 erit3
1085 2449 1179 2476 tanto
1202 2456 1321 2487 nempe
1343 2448 1464 2486 minor,
1488 2457 1591 2487 quanw

143 2488 228 2519 nihil
243 2497 281 2518 ex
305 2497 356 2526 eo,
372 2488 460 2526 quod
484 2492 641 2518 mutuum
665 2487 846 2526 dedissent,
889 2495 964 2520 tum
982 2490 1089 2519 usuris
1106 2491 1254 2520 solutum
1271 2491 1384 2521 fuerit.
1404 2491 1495 2521 Mss.
1507 2491 1591 2521 Gro-

146 2532 355 2562 amitterent.
891 2533 978 2562 novii
1008 2537 1042 2562 et
1075 2533 1226 2571 Hearnii,
1257 2538 1291 2564 et
1320 2543 1434 2564 omnes
1473 2536 1591 2572 nostri,

181 2575 221 2605 65
246 2574 485 2614 Intercetlendo]
500 2573 711 2614 spondendo,
729 2573 847 2613 fideju—
892 2575 1095 2615 Campanus,
1125 2576 1286 2615 Andreas,
1322 2577 1447 2607 habent
1474 2583 1589 2607 sortem

144 2618 262 2648 bendo.
296 2618 348 2647 Sic
373 2617 440 2647 Cic.
464 2617 611 2647 secunda
636 2617 716 2647 Phil.
741 2627 769 2646 c.
792 2620 846 2648 45.
889 2620 1058 2658 aliquam:
1096 2620 1184 2659 qnod
1208 2621 1444 2660 interpretatur
1466 2621 1593 2650 Grono-

146 2660 291 2695 Tantum
304 2661 389 2691 enim
403 2670 434 2690 se
444 2670 505 2700 pro
519 2665 550 2690 te
563 2661 783 2691 intercessisse.
891 2663 975 2699 vius,
1007 2667 1094 2692 sorte
1125 2663 1261 2693 tandem
1294 2663 1405 2703 aliqua
1441 2665 1592 2694 contenti

188 2704 230 2734 66
253 2704 378 2734 Sortem
402 2705 503 2734 aliam
513 2703 620 2744 ferte]
648 2704 729 2734 Haee
751 2704 849 2733 verba
893 2709 1012 2742 estote,
1028 2715 1090 2735 nec
1107 2716 1180 2735 eam
1197 2712 1353 2737 renovate
1369 2717 1499 2747 semper
1516 2717 1591 2736 ana—

145 2746 256 2777 lucem
278 2757 298 2776 a
320 2748 467 2787 proxime
489 2747 704 2786 sequentibus
730 2752 844 2777 mutu·
888 2748 1050 2786 tocismis,
1073 2747 1252 2781 *addendo
1268 2750 1308 2781 ad
1331 2752 1452 2781 sortem
1477 2759 1592 2780 usuras

148 2794 260 2820 antur.
303 2789 337 2819 Si
361 2791 449 2820 enim
475 2790 514 2820 de
535 2792 643 2830 capite
655 2790 846 2827 deduxeris,
891 2800 958 2823 non
978 2801 1150 2832 expensas,

149 2835 236 2872 qiiod
266 2833 370 2864 usuris
394 2837 665 2873 pernumeratum
694 2839 757 2871 est,
779 2843 848 2864 sors
