1925 3239
599 132 724 170 LIB.
751 130 800 170 X.
838 130 966 169 CAP.
993 128 1118 168 XXV.
1495 132 1567 168 581

133 229 192 272 ad
208 245 372 287 magnos
391 229 553 271 honores
574 237 691 271 esset:
716 235 931 284 postquam
952 229 1039 283 ipsa
1060 228 1190 268 virtus
1206 227 1434 283 pervicerit,
1455 242 1502 268 ne
1522 227 1565 268 in
1581 240 1626 272 U.
1639 240 1676 272 C.
1693 243 1767 275 457.

136 287 218 329 ullo
247 302 389 344 genere
417 287 618 328 lzominnm
650 286 890 327 inhonorata
922 292 1033 335 esset,
1067 284 1206 340 quari,
1238 285 1566 339 quemadmodum
1578 287 1616 316 A.
1633 284 1670 317 C·
1686 287 1760 319 295.

134 344 257 385 irrita
279 345 359 385 sint
380 358 458 385 non
478 343 675 399 suffragia
700 342 813 383 modo
834 342 988 397 populi,
1009 342 1077 382 sed
1096 341 1270 382 arbitria
1292 340 1565 397 etiamfortu—

136 415 210 451 nce,
228 408 264 442 et
285 401 325 441 in
340 415 563 456 paucorum
586 406 819 455 potestatem
839 405 1066 440 vertantur.
1129 395 1273 438 Omnes
1293 405 1385 438 ante
1406 412 1444 438 se
1474 413 1568 439 con-

134 457 236 498 sules
257 458 421 497 sortitos¹
437 457 667 512 provincias
687 471 763 497 esse
775 472 788 504 ,-
809 470 911 496 nunc
932 462 1045 496 extra
1067 462 1210 494 sortem
1231 453 1360 494 Fabio
1389 461 1568 496 senatum

129 513 379 567 provinciam
397 514 506 554 dare.
567 514 614 555 Si
634 512 792 553 honoris
812 513 895 567 ejus
916 527 1076 552 caussa:
1109 511 1167 551 ita
1188 525 1275 552 eum
1296 511 1343 551 de
1369 525 1422 561 se,
1444 511 1568 566 deque

135 570 339 625 republica
361 571 547 611 meritum
567 584 657 619 esse,
678 577 723 609 ut
738 568 892 624 faveat
918 567 971 612 Q.
995 568 1118 608 Fabii
1146 567 1311 623 gloriae,
1333 582 1420 622 quae
1454 567 1567 608 modo

132 641 210 667 non
241 642 313 667 sua
345 627 586 668 contumelia
627 625 843 681 splendeat.
906 625 985 665 Cui
1017 632 1151 665 autem
1179 623 1345 665 dubium
1375 638 1467 675 esse,
1496 624 1567 666 ubi

133 698 253 724 uicum
275 683 422 724 bellum
441 685 493 725 sit
515 697 700 738 asperum
719 697 766 723 ac
789 681 964 737 difficile,
987 696 1111 737 quum
1131 680 1175 721 id
1193 680 1317 721 alteri
1339 688 1451 721 extra
1479 696 1568 721 sor-

129 747 205 781 tem
229 740 450 791 nzaudetur,
476 740 575 795 quin
596 739 701 781 alter
722 739 859 780 consul
884 754 958 794 pro
977 752 1265 793 supervacaneo
1288 745 1408 792 atque
1427 737 1568 779 inutili

132 796 367 838 habeatur?
399 796 588 837 Gloriari
620 795 793 837 Fabium
825 796 943 836 rebus
975 796 1020 836 in
1042 794 1218 836 Etruria
1244 795 1379 850 gestis.
1402 793 1500 834 velle
1529 801 1566 835 et

131 853 187 894 P.
210 853 384 894 Decium
401 853 604 909 gloriari:
633 860 671 893 et
689 851 893 909 forsitan,
916 866 1031 907 quem
1052 851 1121 893 ille
1142 851 1326 891 obrutum
1349 851 1478 906 ignem
1505 865 1566 891 re·

129 910 305 966 liquerit,
327 911 387 950 ita
409 916 454 950 ut
476 910 588 951 toties
608 924 751 950 novum
771 924 818 950 ex·
844 910 1045 964 inproviso
1076 908 1300 949 incendium
1330 907 1457 956 daret,
1477 921 1565 947 eum

130 982 170 1008 se
190 967 489 1008 eistincturum.
549 966 762 1007 Postremo
784 980 822 1007 se
841 966 999 1021 collega:
1019 965 1181 1006 honores
1202 965 1451 1019 praemiaque
1471 978 1566 1004 con-

130 1038 328 1064 cessurum
359 1023 597 1064 verecundia
630 1024 758 1064 (etatis
789 1024 873 1079 ejus
901 1022 1222 1077 majestu'tisque;
1254 1035 1377 1076 quum
1400 1021 1564 1075 pericu-

130 1079 227 1131 lum,
249 1095 373 1135 quum
393 1080 599 1121 dimicatio
622 1080 827 1135 proposita
849 1079 914 1130 sit,
936 1093 1059 1134 neque
1079 1077 1208 1119 cedere
1227 1092 1298 1118 sua
1328 1084 1476 1131 sponte,
1498 1091 1566 1118 ne-

128 1151 206 1192 que
237 1151 447 1178 cessurum.
479 1144 528 1187 et,
551 1137 585 1177 si
619 1136 722 1178 nihil
751 1135 869 1177 aliud
899 1150 945 1177 ex
975 1150 1018 1176 eo
1039 1135 1254 1176 certamine
1284 1134 1438 1184 tulerit,
1459 1133 1566 1174 illud

126 1201 229 1234 certe
249 1193 440 1244 laturum,
463 1200 522 1244 ut,
543 1193 650 1248 quod
666 1192 807 1247 populi
828 1192 893 1244 sit,
909 1191 1085 1246 populus
1101 1191 1252 1247 jubeat
1267 1191 1418 1245 potiuS,
1440 1205 1564 1244 quam

121 1257 260 1305 patres
276 1250 574 1306 gratificentur.
635 1249 779 1290 Jocem
799 1250 988 1304 optimum
1019 1249 1239 1289 maximum
1274 1246 1463 1301 Deosque
1495 1247 1561 1287 in·

130 1307 321 1348 mortales
341 1322 379 1348 se
394 1306 571 1362 precari,
585 1315 628 1348 ut
650 1307 708 1347 ita
730 1314 871 1347 sortem
892 1321 1045 1360 nequam
1065 1305 1147 1346 sibi
1168 1319 1256 1344 cum
1279 1303 1431 1359 collega
1451 1302 1558 1354 dent,

125 1365 160 1406 si
182 1364 356 1405 eamdem
377 1364 564 1405 virtutem
571 1362 893 1419 felicitatemque
915 1364 955 1402 in
971 1362 1071 1403 bello
1084 1360 1403 1402 administrando
1423 1359 1561 1401 daturi

127 1422 221 1462 sint.
243 1428 344 1462 certe
364 1420 408 1461 id
423 1427 458 1461 et
489 1428 637 1460 natura
666 1435 838 1475 coquum,
859 1426 897 1460 et
917 1418 1089 1473 exemplo
1113 1418 1211 1458 utile
1230 1431 1323 1466 esse,
1345 1424 1381 1457 et
1407 1416 1465 1456 ad
1478 1415 1560 1472 fa-

126 1492 232 1518 mam
247 1476 391 1533 populi
415 1476 593 1518 Romani
608 1478 818 1531 pertinere,
834 1491 898 1517 eos
918 1476 1093 1516 consules
1114 1489 1207 1524 esse,
1228 1488 1397 1529 quorum
1419 1473 1561 1514 utroli-

125 1535 190 1576 bet
219 1535 316 1575 duce
346 1533 493 1575 bellum
533 1533 752 1574 Etruscum
777 1533 868 1589 geri
910 1540 1010 1574 recte
1043 1532 1191 1586 possit.
1253 1531 1425 1580 Fabius,
1457 1529 1560 1570 nihil

127 1592 241 1632 aliud
275 1602 468 1646 precatus
504 1591 723 1646 populum,
746 1605 872 1645 quam
909 1600 953 1630 ut
984 1589 1112 1644 prius,
1135 1602 1261 1642 quam
1296 1588 1406 1627 intro
1437 1601 1562 1627 voca-

127 1658 272 1689 rentur
294 1648 345 1689 ad
368 1647 614 1704 suffragium
641 1647 788 1697 tribus,
813 1647 894 1701 Ap.
919 1646 1084 1687 Claudii
1110 1644 1302 1700 praetoris
1325 1643 1482 1684 adlatas
1505 1657 1558 1684 ex

130 1704 300 1746 Etruria
339 1705 479 1745 literas
520 1705 730 1754 audirent,
760 1704 938 1744 comitio
967 1703 1071 1743 abit.
1105 1716 1180 1741 nec
1212 1702 1374 1742 minore
1413 1701 1559 1755 populi

125 1775 490 1816 consensu,quam
516 1770 699 1811 senatus,
724 1761 945 1816 provincia
969 1758 1136 1800 Etruria
1157 1768 1279 1798 extra
1300 1765 1456 1798 sortem
1481 1757 1558 1798 Fa-
1572 1763 1667 1793 Fabio
1686 1767 1771 1795 extra

125 1818 199 1859 bio
221 1819 389 1859 decreta
411 1827 487 1858 est.
1571 1811 1682 1880 ⁵⁰¹³}OE
1699 1810 1750 1858 ‘¹³5

181 1875 337 1916 XXV.
358 1874 602 1916 Concursus
625 1873 723 1914 inde
744 1873 795 1913 ad
819 1872 1036 1914 consulem
1056 1871 1192 1912 factus
1211 1873 1399 1913 omnium
1426 1855 1621 1912 fermetur
1660 1854 1770 1881 truna.

115 1932 362 1987 juniorum:
394 1941 437 1972 et
460 1945 536 1986 pro
558 1945 601 1971 se
631 1931 809 1985 quisque
843 1931 1016 1970 nomina
1048 1929 1220 1969 dabant.
1249 1938 1366 1968 tanta
1400 1927 1557 1982 cupido

124 1999 212 2029 erat
234 1989 312 2028 sub
329 2003 380 2029 eo
401 1988 508 2029 duce
529 1987 741 2042 stipendia
764 1986 962 2027 faciendi.
996 1986 1094 2032 Qua.
1115 1984 1394 2025 circumfusus
1419 1984 1573 2035 turba„

128 2045 316 2100 Quatuor
336 2044 485 2094 millia,
507 2045 661 2098 inquit,
678 2043 859 2098 peditum
879 2050 916 2084 et
946 2049 1142 2083 sexcentos
1172 2042 1320 2096 equites
1346 2040 1557 2081 dumtaxat

123 2102 293 2143 scribere
313 2101 356 2141 in
377 2102 511 2141 animo
532 2108 586 2141 est
601 2099 625 2141 ἶ
643 2100 832 2140 hodierno
853 2107 890 2140 et
911 2099 1083 2140 crastino
1104 2098 1168 2138 die
1189 2098 1260 2152 qui
1294 2098 1456 2137 nomina.
1489 2097 1556 2138 de-

121 2159 276 2207 deritis,
297 2172 446 2199 mecum
467 2158 626 2198 ducam.
648 2157 794 2211 majori
815 2156 914 2196 milti
934 2169 1043 2196 curae
1065 2161 1136 2204 est,
1162 2162 1206 2194 ut
1227 2167 1356 2194 omnes
1379 2153 1553 2207 locuple-

123 2222 182 2256 tes
202 2215 403 2264 reducam,
425 2229 544 2269 quam
566 2221 610 2254 ut
630 2214 767 2254 micltis
790 2228 869 2254 rem
887 2227 1029 2268 geram
1060 2211 1270 2252 militibus,
1333 2209 1551 2251 Profectus
1566 2223 1680 2253 Fabius
1698 2223 1730 2253 in

123 2279 272 2327 ⁹⁴apto
304 2272 584 2321 exercitu„et
615 2284 666 2310 eo
699 2270 791 2324 plus
827 2269 992 2310 fiduciae
1027 2283 1075 2309 ac
1108 2267 1195 2323 spei
1230 2277 1416 2319 gerente,
1438 2268 1550 2322 quod
1565 2268 1753 2315 Pfflf'inciam

124 2342 208 2369 non
242 2327 478 2368 desiderata
510 2326 737 2367 multitudo
759 2338 861 2376 erat,
884 2326 933 2366 ad
957 2325 1162 2381 oppidum
1187 2323 1418 2372 Aharnam,
1444 2314 1658 2371 undef'emt‘

125 2384 241 2425 haud
280 2384 427 2440 procul
463 2383 603 2424 hostes
641 2393 773 2432 erant,
797 2383 848 2424 ad
871 2394 1008 2422 casira
1030 2381 1160 2436 A'ppii
1182 2380 1374 2435 praetoris
1400 2381 1552 2435 pergit.

126 2441 270 2497 paucis
311 2441 419 2481 citra
460 2440 643 2480 millibus
686 2440 914 2494 lignatores
951 2440 989 2478 ei
1031 2452 1128 2477 cum
1168 2437 1362 2491 praesidio
1395 2437 1549 2477 obcur-

124 2508 248 2548 runt3
279 2497 368 2552 qui,
403 2506 448 2537 ut
480 2496 644 2537 lictores
682 2497 888 2551 praegredi
922 2495 1129 2544 viderunt,
1164 2493 1428 2547 Fabiumque
1460 2507 1550 2534 esse

123 2554 339 2595 consulem
362 2566 577 2608 accepere,
599 2553 685 2593 laeti
709 2564 836 2607 atque
867 2552 1021 2592 alacres
1060 2550 1151 2591 Diis
1184 2550 1426 2604 populoque
1463 2550 1550 2590 Ro-

122 2619 249 2651 ma'no
271 2621 410 2666 grates
433 2619 583 2664 agunt,
605 2610 716 2663 quod
748 2624 841 2649 eum
878 2610 956 2648 sibi
994 2610 1288 2662 imperatorem
1323 2607 1549 2649 misissent.

126 2666 385 2708 Circumfusi
419 2667 571 2707 deinde
603 2680 733 2721 quum
767 2666 981 2706 consulein
1016 2664 1259 2712 salutarent,
1281 2664 1435 2717 quaerit
1469 2663 1549 2704 Fa-

124 2723 233 2773 bius,
263 2738 349 2777 quo
381 2732 628 2779 pergerent3
668 2722 1119 2777 respondentibusque,
1150 2720 1356 2775 lignatum
1401 2734 1444 2760 se
1475 2721 1548 2771 ire,

121 2779 205 2820 ain'
225 2779 400 2830 tandem,
418 2780 572 2835 inquit,
593 2793 686 2819 num
706 2785 836 2819 castra
860 2778 1013 2819 vallata
1040 2791 1119 2818 non
1148 2775 1336 2817 habetis?
1366 2775 1432 2816 Ad
1466 2776 1548 2818 hoc

177 2855 356 2897 94*Apco]
386 2856 521 2896 hloneo,
537 2856 652 2895 habili,
668 2865 728 2887 nec
743 2856 784 2887 ad
801 2856 957 2895 majorem
969 2855 1062 2891 justo
1079 2863 1254 2885 numerum
1272 2856 1491 2884 excrescente.

868 2903 990 2954 Pp3
