1914 3239
264 97 316 129 20
807 90 949 128 TITI
989 90 1167 129 LIVII

264 191 448 245 petitum
472 191 590 232 ierat.
627 189 812 244 Accepti
838 190 1035 231 obrutam
1061 190 1188 231 armis
1221 204 1452 233 necavere:
1484 205 1556 233 seu
1582 201 1628 233 ut
1657 193 1700 234 vi

262 256 391 302 capta
411 249 554 302 potius
573 262 648 288 arx
668 247 900 296 videretur,
922 260 994 287 seu
1017 247 1226 301 prodendi
1250 247 1438 301 exempli
1460 262 1622 300 caussa,
1646 263 1700 290 ne

262 304 366 359 quid
387 319 562 359 usquam
585 304 719 344 fidum
738 302 946 357 proditori
965 311 1090 343 esset.
1120 305 1152 326 ⁸⁵
1167 303 1351 345 Additur
1370 302 1527 345 fabulae
1541 315 1568 355 ⁰,
1582 306 1699 359 quod

262 359 395 416 vulgo
415 360 565 401 Sabini
587 373 736 401 aureas
759 357 946 399 armillas
979 358 1126 414 magni
1148 360 1349 414 ponderis
1372 359 1550 400 brachio
1572 360 1699 413 laevo,

262 427 588 472 gemmatosque
623 429 780 470 magna
812 415 954 469 specie
997 414 1177 457 annulos
1215 416 1455 466 habuerint,
1485 417 1699 472 pepigisse

262 487 372 528 cain,
393 474 507 528 quod
536 473 579 513 in
602 471 779 513 sinistris
814 472 1011 512 manibus
1046 471 1277 524 liaberent3
1308 486 1360 512 eo
1392 482 1513 513 scuta
1536 472 1596 512 illi
1618 487 1697 527 pro

262 529 396 570 aureis
430 530 552 570 donis
586 536 808 583 congesta.
870 527 994 577 Sunt,
1020 528 1093 582 qui
1124 542 1219 568 eam
1253 543 1307 569 ex
1328 538 1454 584 pacto
1488 529 1697 580 tradendi,

262 586 378 640 quod
407 586 450 627 in
484 584 665 626 sinistris
688 583 885 624 manibus
918 592 1042 634 esset,
1074 585 1106 607 ⁸⁶
1120 585 1283 626 directo
1316 599 1434 625 arma
1458 586 1612 640 petisse
1633 585 1698 626 di-

261 651 388 683 cant:
420 651 463 683 et
496 641 643 683 fraude
676 641 810 680 visam
843 653 983 694 agere,
1011 654 1088 680 sua
1119 641 1255 696 ipsam
1289 651 1556 696 peremptam
1588 655 1698 683 mer-

262 698 382 739 cede.

321 753 434 795 XII.
456 752 651 794 Tenuere
671 755 702 778 ⁸⁷
718 760 860 792 tamen
879 765 1019 792 arcem
1042 752 1214 794 Sabini:
1237 760 1366 808 atque
1382 752 1482 793 inde
1500 759 1699 807 postero?

261 811 344 860 die,
366 824 497 864 quum
520 809 740 850 Romanus
762 809 978 849 exercitus
1002 808 1249 861 instructus,
1267 809 1383 864 quod
1403 809 1514 850 inter
1537 809 1696 850 Palati-

259 880 363 906 num
383 865 765 921 Capitolinumque
787 864 941 906 collem
960 865 1102 920 campi
1120 874 1197 916 est,
1217 865 1486 920 complesset,
1506 880 1591 906 non
1611 867 1697 920 pri-

259 937 308 963 us
331 922 641 964 descenderunt
672 922 715 962 in
739 936 927 978 aequum,
950 936 1094 976 quam,
1118 922 1180 962 ira
1200 932 1244 962 et
1265 921 1499 975 cupiditate
1521 936 1700 977 recupe-

258 978 402 1020 randae
423 979 531 1020 arcis
551 978 798 1027 stimulante
811 979 992 1029 animos,
1012 979 1054 1018 in
1069 978 1294 1019 adversum
1314 978 1500 1019 Romani
1515 978 1697 1019 subiere.

260 1035 486 1090 Principes
515 1035 728 1090 utrimque
760 1049 950 1091 pugnam
973 1035 1174 1086 ciebant3
1213 1036 1267 1076 ab
1299 1035 1471 1076 Sabinis
1503 1034 1698 1076 Mettusq

260 1092 453 1140 Curtius,
474 1093 528 1132 ab
556 1092 766 1133 Romanis
791 1092 957 1132 Hostus
982 1091 1213 1132 Hostilius.
1244 1091 1316 1132 hic
1338 1105 1426 1132 rem
1452 1091 1697 1132 Romanam

257 1149 408 1203 iniquo
432 1149 527 1190 loco
546 1149 598 1189 ad
622 1149 760 1204 prima
782 1149 906 1202 signa
924 1148 1070 1189 animo
1094 1157 1224 1203 atque
1246 1148 1427 1189 audacia
1443 1148 1695 1190 sustinebat.

257 1204 321 1245 Ut
344 1204 509 1246 Hostus
532 1205 708 1255 cecidit,
730 1205 959 1246 confestim
984 1204 1184 1245 Romana
1202 1204 1433 1246 inclinatur
1454 1205 1593 1256 acies3
1627 1203 1695 1245 fu-

257 1276 388 1316 saque
421 1271 485 1302 est
519 1262 572 1302 ad
606 1270 794 1302 veterem
830 1269 997 1317 portam
1034 1261 1207 1303 Palatii.
1270 1261 1498 1313 Romulus,
1527 1270 1572 1301 et
1603 1261 1695 1316 ipse

256 1319 382 1359 turba
416 1318 674 1373 fugientium
712 1328 847 1369 actus,
879 1332 998 1359 arma
1030 1318 1083 1358 ad
1117 1317 1279 1360 coelum
1317 1318 1484 1368 tollens,
1515 1316 1695 1372 Jupiter,

255 1375 348 1424 tuis,
375 1375 528 1429 inquit,
549 1376 687 1429 jussus
714 1374 858 1416 avibus
889 1373 953 1416 hic
984 1374 1028 1415 in
1050 1373 1249 1415 Palatio‘
1262 1374 1404 1429 prima
1430 1373 1524 1415 urbi
1530 1372 1696 1430 fluida-

259 1432 499 1487 menmjeci.
531 1431 781 1487 arcemjanz‚
803 1430 943 1472 scelere
963 1437 1125 1481 emtam,
1148 1430 1295 1472 Sabim·
1315 1430 1476 1472 hubent.
1507 1430 1600 1471 inde
1619 1429 1694 1471 huc

260 1488 423 1538 armati,
449 1495 637 1542 superata
671 1487 803 1528 media
835 1487 956 1539 valle,
989 1486 1174 1529 tendunt.
1235 1487 1297 1528 At
1325 1494 1384 1538 tu,
1404 1494 1528 1542 pater·
1558 1485 1698 1528 Dez‘im

258 1543 552 1599 hominumque,
569 1544 659 1586 lzinc
680 1544 821 1585 saltem
842 1559 932 1585 circe
953 1544 1104 1586 hostes:
1139 1543 1248 1585 deme
1269 1550 1459 1585 terrorem
1482 1542 1696 1594 Romanis,

43 1604 168 1632 ·'¹¹¹*³'‘·r
244 1601 476 1657 jugumque
483 1600 645 1656 foedam
666 1601 770 1641 siste.
832 1600 917 1641 Hic
939 1615 1009 1656 ego
1041 1599 1118 1641 tibi
1139 1599 1329 1654 templum
1352 1603 1383 1624 ⁸¹³
1399 1600 1561 1641 Statori
1582 1598 1697 1651 λοι-ἰ,

44 1650 157 1674 *⁸⁶⁰³*
258 1658 365 1712 quod
386 1665 679 1699 monumentum
700 1658 750 1697 sit
769 1657 952 1712 posteris,
976 1663 1047 1698 tua
1076 1657 1265 1711 prceseutt‘
1298 1671 1368 1711 ope
1396 1664 1595 1698 servatam
1626 1661 1706 1697 ur:

259 1715 341 1754 bem
363 1728 453 1763 esse,
483 1728 617 1755 voveo.
679 1713 791 1755 Haec
824 1722 1038 1768 precatu5‚
1059 1717 1091 1740 ⁸⁹
1109 1713 1239 1754 veluti
1266 1713 1324 1754 si⁹
1347 1713 1546 1754 sensisset
1573 1713 1696 1754 audi-

258 1782 321 1810 tas
348 1784 506 1825 preces,
530 1770 658 1819 Hinc,
691 1770 846 1825 inquit,
869 1768 1066 1819 Romani,
1096 1768 1263 1825 Jupiter
1294 1770 1466 1824 optimus
1498 1769 1697 1811 maximus

256 1827 432 1867 ‘resistere
453 1834 572 1881 atque
592 1827 738 1868 iterare
751 1841 935 1882 pugnam
943 1826 1081 1881 jubet.
1125 1826 1341 1867 Restitere
1365 1826 1568 1877 Romani,
1587 1836 1695 1867 tam-

257 1897 385 1939 quam
410 1882 576 1923 coelesti
603 1883 847 1937 vocejussi.
884 1883 974 1938 ipse
996 1883 1047 1923 ad
1072 1884 1279 1938 primores
1304 1882 1516 1924 Romulus
1541 1897 1696 1939 pirovo-

257 1939 329 1980 lat.
366 1939 534 1980 Mettus
558 1938 734 1981 Curtius
758 1941 811 1981 ab
833 1940 1004 1980 Sabinis
1028 1941 1227 1995 princeps
1250 1940 1304 1980 ab
1326 1954 1423 1980 arce
1443 1939 1695 1981 decucurre-

256 2006 340 2046 rat,
362 2007 402 2036 et
425 1995 582 2037 effusos
605 2006 752 2051 egerat
776 1996 1012 2046 Romanos,
1036 2006 1128 2037 toto
1157 2005 1364 2051 quantum
1392 1996 1485 2037 foro
1508 1996 1695 2053 spatium

256 2062 334 2092 est.
367 2066 446 2092 nec
470 2052 617 2107 procul
635 2053 727 2108 jam
750 2068 774 2094 a
794 2062 919 2109 porta
944 2052 1101 2094 Palatii
1124 2061 1229 2102 erat,
1251 2053 1490 2103 clamitans,
1519 2050 1696 2093 Vicimus

247 2108 425 2162 perfidos
455 2108 636 2162 hospites,
659 2108 820 2150 inbelles
850 2108 988 2150 hostes.
1050 2109 1150 2150 Jam
1171 2109 1318 2159 sciunt,
1340 2109 1457 2164 louge
1484 2108 1600 2149 aliud
1620 2121 1697 2149 esse
1724 2160 1727 2163 Ι

255 2164 433 2219 virgines
455 2179 607 2219 rapere,
630 2165 747 2206 aliud
767 2180 955 2221 pugnare
976 2180 1065 2206 cum
1094 2165 1208 2208 viris.
1270 2164 1321 2205 In
1343 2179 1456 2217 eum,
1481 2165 1575 2207 haec
1603 2165 1697 2221 glo-

297 2287 311 2301 0
326 2282 440 2319 sabula
464 2283 558 2313 Gron.
583 2284 672 2314 Crev.
793 2290 809 2310 1·
827 2288 950 2322 postera
979 2284 1063 2314 Eaed.
1193 2290 1207 2310 ‘³
1230 2283 1369 2314 siccitas.
1399 2285 1448 2314 Sic
1471 2293 1592 2324 semper
1614 2285 1698 2315 Eaed.

264 2328 272 2340 ‘
293 2324 442 2355 Palatino
459 2325 542 2356 Eaed.
629 2332 639 2358 ,¹
661 2327 690 2356 si
704 2325 763 2356 del.
779 2326 861 2357 Eaed.

299 2426 338 2454 85
365 2423 508 2453 Additur
528 2422 674 2464 fabula]
702 2423 833 2464 Scripta
856 2423 955 2454 lectio
999 2423 1259 2454 existimandum
1284 2425 1327 2455 sit
1351 2424 1390 2455 de
1415 2424 1516 2455 allata
1536 2425 1636 2456 morlo
1651 2425 1700 2456 fa-

244 2466 393 2505 sabuloe:
419 2467 505 2505 quod
528 2467 688 2497 mendum
713 2476 783 2497 esse
799 2473 888 2497 recte
900 2467 955 2506 ju·
999 2466 1097 2503 bella,
1116 2467 1198 2498 illud
1215 2473 1343 2505 tamen,
1362 2468 1444 2498 illud
1459 2473 1547 2499 certe
1565 2474 1698 2500 constat

256 2509 407 2538 dicavere
424 2510 607 2540 Glareanus
624 2515 658 2540 et
674 2509 842 2550 Sigonius.
998 2511 1148 2540 tenuisse
1166 2520 1275 2540 arcem
1294 2510 1443 2542 Sabinos.

301 2553 341 2582 56
366 2552 513 2591 Direvto]
538 2553 709 2593 Expressis
733 2553 839 2584 verbis
859 2557 955 2583 scuta
1041 2556 1080 2584 88
1107 2553 1244 2594 Statori]
1271 2555 1297 2583 Α
1313 2555 1457 2585 sistendo.
1491 2553 1592 2585 Modo
1613 2554 1699 2585 dixit

257 2597 390 2634 petisse.
431 2596 466 2625 ld
498 2595 624 2626 sactum
656 2595 821 2636 intellige,
850 2606 953 2635 quum
985 2594 1178 2636 ‚fugamque
1189 2596 1318 2635 foedam
1333 2600 1415 2628 siste.

257 2638 402 2676 acceptis
420 2638 453 2667 in
479 2648 588 2668 arcem
605 2639 747 2677 Sabinis,
765 2639 954 2670 mercedem
1042 2642 1081 2673 89
1101 2639 1375 2680 Velutisensisset]
1390 2640 1586 2681 Complures
1603 2639 1698 2670 MSS.

258 2681 453 2720 proditionis
472 2686 667 2720 reposceret.
997 2688 1071 2713 tum
1089 2692 1106 2711 e
1122 2682 1436 2720 Gronovianis‚tutn
1454 2695 1471 2714 e
1490 2685 1622 2722 nostris,
1634 2685 1700 2714 vel-

301 2726 338 2756 87
368 2723 504 2763 Tamen]
531 2724 633 2764 Quasi
658 2725 769 2756 dicat:
795 2724 955 2765 quidquid
998 2727 1047 2756 uti
1061 2727 1088 2755 si
1102 2727 1255 2756 sensisset.
