<?xml version="1.0" encoding="UTF-8"?>
<!DOCTYPE html PUBLIC "-//W3C//DTD XHTML 1.0 Transitional//EN"
    "http://www.w3.org/TR/xhtml1/DTD/xhtml1-transitional.dtd">
<html xmlns="http://www.w3.org/1999/xhtml" xml:lang="en" lang="en">
 <head>
  <title>
</title>
<meta http-equiv="Content-Type" content="text/html;charset=utf-8" />
  <meta name='ocr-system' content='tesseract 3.04.00' />
  <meta name='ocr-capabilities' content='ocr_page ocr_carea ocr_par ocr_line ocrx_word'/>
</head>
<body>
  <div class='ocr_page' id='page_1' title='image "./historiarumaburb01livyuoft_0457.png"; bbox 0 0 1925 3239; ppageno 0'>
   <div class='ocr_carea' id='block_1_1' title="bbox 627 97 1562 143">
    <p class='ocr_par' dir='ltr' id='par_1_1' title="bbox 627 97 1562 143">
     <span class='ocr_line' id='line_1_1' title="bbox 627 97 1562 143; baseline 0.007 -7"><span class='ocrx_word' id='word_1_1' title='bbox 627 97 751 136; x_wconf 87' lang='lat' dir='ltr'><strong>LIB.</strong></span> <span class='ocrx_word' id='word_1_2' title='bbox 779 97 865 136; x_wconf 86' lang='lat' dir='ltr'><strong>Vll.</strong></span> <span class='ocrx_word' id='word_1_3' title='bbox 900 98 1032 137; x_wconf 81' lang='lat' dir='ltr'><strong>CAP.</strong></span> <span class='ocrx_word' id='word_1_4' title='bbox 1058 98 1143 137; x_wconf 87' lang='lat' dir='ltr'>XL.</span> <span class='ocrx_word' id='word_1_5' title='bbox 1486 108 1562 143; x_wconf 80' lang='lat'>443</span> 
     </span>
    </p>
   </div>
   <div class='ocr_carea' id='block_1_2' title="bbox 132 196 1776 2355">
    <p class='ocr_par' dir='ltr' id='par_1_2' title="bbox 133 196 1776 467">
     <span class='ocr_line' id='line_1_2' title="bbox 133 196 1769 258; baseline 0.006 -18"><span class='ocrx_word' id='word_1_6' title='bbox 133 210 187 240; x_wconf 85' lang='lat' dir='ltr'>ne</span> <span class='ocrx_word' id='word_1_7' title='bbox 205 196 259 240; x_wconf 83' lang='lat' dir='ltr'>ad</span> <span class='ocrx_word' id='word_1_8' title='bbox 278 197 461 253; x_wconf 84' lang='lat' dir='ltr'>lapidem</span> <span class='ocrx_word' id='word_1_9' title='bbox 480 205 680 241; x_wconf 83' lang='lat' dir='ltr'>octavum</span> <span class='ocrx_word' id='word_1_10' title='bbox 710 201 741 224; x_wconf 72' lang='lat'>²³⁷</span> <span class='ocrx_word' id='word_1_11' title='bbox 759 198 855 248; x_wconf 84' lang='lat' dir='ltr'>viae,</span> <span class='ocrx_word' id='word_1_12' title='bbox 876 213 973 253; x_wconf 87' lang='lat' dir='ltr'>quae</span> <span class='ocrx_word' id='word_1_13' title='bbox 1004 213 1117 241; x_wconf 86' lang='lat' dir='ltr'>nunc</span> <span class='ocrx_word' id='word_1_14' title='bbox 1147 199 1292 255; x_wconf 84' lang='lat' dir='ltr'>Appia</span> <span class='ocrx_word' id='word_1_15' title='bbox 1320 211 1397 252; x_wconf 84' lang='lat' dir='ltr'>est,</span> <span class='ocrx_word' id='word_1_16' title='bbox 1419 217 1566 258; x_wconf 79' lang='lat' dir='ltr'>perve—</span> <span class='ocrx_word' id='word_1_17' title='bbox 1580 217 1622 249; x_wconf 88' lang='lat' dir='ltr'>U.</span> <span class='ocrx_word' id='word_1_18' title='bbox 1639 218 1676 249; x_wconf 84' lang='lat' dir='ltr'>c.</span> <span class='ocrx_word' id='word_1_19' title='bbox 1693 222 1769 251; x_wconf 78' lang='lat'>413.</span> 
     </span>
     <span class='ocr_line' id='line_1_3' title="bbox 133 254 1762 314; baseline 0.005 -19"><span class='ocrx_word' id='word_1_20' title='bbox 133 254 282 297; x_wconf 87' lang='lat' dir='ltr'>niunt:</span> <span class='ocrx_word' id='word_1_21' title='bbox 313 256 527 311; x_wconf 81' lang='lat' dir='ltr'><strong>issentque</strong></span> <span class='ocrx_word' id='word_1_22' title='bbox 555 255 782 297; x_wconf 84' lang='lat' dir='ltr'>confestim</span> <span class='ocrx_word' id='word_1_23' title='bbox 813 255 866 295; x_wconf 83' lang='lat' dir='ltr'>ad</span> <span class='ocrx_word' id='word_1_24' title='bbox 899 256 1061 306; x_wconf 89' lang='lat' dir='ltr'>urbem,</span> <span class='ocrx_word' id='word_1_25' title='bbox 1082 256 1126 297; x_wconf 90' lang='lat' dir='ltr'>ni</span> <span class='ocrx_word' id='word_1_26' title='bbox 1159 258 1299 298; x_wconf 83' lang='lat' dir='ltr'>venire</span> <span class='ocrx_word' id='word_1_27' title='bbox 1321 269 1470 301; x_wconf 85' lang='lat' dir='ltr'>contra</span> <span class='ocrx_word' id='word_1_28' title='bbox 1490 275 1567 302; x_wconf 82' lang='lat' dir='ltr'>ex-</span> <span class='ocrx_word' id='word_1_29' title='bbox 1580 263 1617 292; x_wconf 87' lang='lat' dir='ltr'>A.</span> <span class='ocrx_word' id='word_1_30' title='bbox 1635 263 1762 314; x_wconf 53' lang='lat'>(33:339.</span> 
     </span>
     <span class='ocr_line' id='line_1_4' title="bbox 133 306 1741 380; baseline 0.003 -29"><span class='ocrx_word' id='word_1_31' title='bbox 133 311 314 353; x_wconf 79' lang='lat' dir='ltr'>ercitum</span> <span class='ocrx_word' id='word_1_32' title='bbox 345 312 682 367; x_wconf 82' lang='lat' dir='ltr'>dictatoremque</span> <span class='ocrx_word' id='word_1_33' title='bbox 711 312 911 352; x_wconf 85' lang='lat' dir='ltr'>adversus</span> <span class='ocrx_word' id='word_1_34' title='bbox 942 327 986 353; x_wconf 87' lang='lat' dir='ltr'>se</span> <span class='ocrx_word' id='word_1_35' title='bbox 1018 311 1085 354; x_wconf 90' lang='lat' dir='ltr'>M.</span> <span class='ocrx_word' id='word_1_36' title='bbox 1117 312 1335 355; x_wconf 79' lang='lat' dir='ltr'>Valerium</span> <span class='ocrx_word' id='word_1_37' title='bbox 1379 316 1566 358; x_wconf 85' lang='lat' dir='ltr'>Corvum</span> <span class='ocrx_word' id='word_1_38' title='bbox 1580 306 1741 380; x_wconf 50' lang='lat' dir='ltr'>gffffluz.</span> 
     </span>
     <span class='ocr_line' id='line_1_5' title="bbox 133 359 1776 424; baseline 0.01 -17"><span class='ocrx_word' id='word_1_39' title='bbox 133 367 294 411; x_wconf 83' lang='lat' dir='ltr'>dictum</span> <span class='ocrx_word' id='word_1_40' title='bbox 317 369 548 421; x_wconf 81' lang='lat' dir='ltr'>audissent,</span> <span class='ocrx_word' id='word_1_41' title='bbox 569 379 612 410; x_wconf 88' lang='lat' dir='ltr'>et</span> <span class='ocrx_word' id='word_1_42' title='bbox 634 369 887 424; x_wconf 85' lang='lat' dir='ltr'>magistrum</span> <span class='ocrx_word' id='word_1_43' title='bbox 916 369 1109 424; x_wconf 88' lang='lat' dir='ltr'>equitum</span> <span class='ocrx_word' id='word_1_44' title='bbox 1141 369 1189 411; x_wconf 86' lang='lat' dir='ltr'>L.</span> <span class='ocrx_word' id='word_1_45' title='bbox 1214 371 1438 415; x_wconf 84' lang='lat' dir='ltr'>AEmilium</span> <span class='ocrx_word' id='word_1_46' title='bbox 1470 359 1698 424; x_wconf 54' lang='lat' dir='ltr'>Ma-tatiiiiu</span> <span class='ocrx_word' id='word_1_47' title='bbox 1735 359 1776 380; x_wconf 47' lang='lat' dir='ltr'>w·</span> 
     </span>
     <span class='ocr_line' id='line_1_6' title="bbox 135 437 386 467; baseline 0.012 -4"><span class='ocrx_word' id='word_1_48' title='bbox 135 437 386 467; x_wconf 84' lang='lat' dir='ltr'>mercmum.</span> 
     </span>
    </p>

    <p class='ocr_par' dir='ltr' id='par_1_3' title="bbox 132 481 1753 2355">
     <span class='ocr_line' id='line_1_7' title="bbox 192 481 1571 543; baseline 0.001 -18"><span class='ocrx_word' id='word_1_49' title='bbox 192 481 293 525; x_wconf 88' lang='lat' dir='ltr'>XL.</span> <span class='ocrx_word' id='word_1_50' title='bbox 322 485 353 509; x_wconf 72' lang='lat'>⁸⁸</span> <span class='ocrx_word' id='word_1_51' title='bbox 369 482 452 524; x_wconf 92' lang='lat' dir='ltr'>Ubi</span> <span class='ocrx_word' id='word_1_52' title='bbox 480 482 661 536; x_wconf 85' lang='lat' dir='ltr'>primum</span> <span class='ocrx_word' id='word_1_53' title='bbox 684 481 724 522; x_wconf 92' lang='lat' dir='ltr'>in</span> <span class='ocrx_word' id='word_1_54' title='bbox 748 489 1027 537; x_wconf 88' lang='lat' dir='ltr'>conspectum</span> <span class='ocrx_word' id='word_1_55' title='bbox 1050 491 1225 523; x_wconf 88' lang='lat' dir='ltr'>ventum</span> <span class='ocrx_word' id='word_1_56' title='bbox 1246 492 1324 535; x_wconf 85' lang='lat' dir='ltr'>est,</span> <span class='ocrx_word' id='word_1_57' title='bbox 1346 499 1463 527; x_wconf 83' lang='lat' dir='ltr'>arma</span> <span class='ocrx_word' id='word_1_58' title='bbox 1484 486 1571 543; x_wconf 80' lang='lat' dir='ltr'>sig-</span> 
     </span>
     <span class='ocr_line' id='line_1_8' title="bbox 134 537 1571 596; baseline 0.003 -17"><span class='ocrx_word' id='word_1_59' title='bbox 134 550 272 592; x_wconf 84' lang='lat' dir='ltr'>naque</span> <span class='ocrx_word' id='word_1_60' title='bbox 302 552 539 593; x_wconf 78' lang='lat' dir='ltr'>agnovere3</span> <span class='ocrx_word' id='word_1_61' title='bbox 583 537 801 593; x_wconf 81' lang='lat' dir='ltr'>extemplo</span> <span class='ocrx_word' id='word_1_62' title='bbox 832 538 1030 580; x_wconf 84' lang='lat' dir='ltr'>omnibus</span> <span class='ocrx_word' id='word_1_63' title='bbox 1063 540 1266 581; x_wconf 84' lang='lat' dir='ltr'>memoria</span> <span class='ocrx_word' id='word_1_64' title='bbox 1305 543 1454 596; x_wconf 83' lang='lat' dir='ltr'>patriae</span> <span class='ocrx_word' id='word_1_65' title='bbox 1488 543 1571 585; x_wconf 86' lang='lat' dir='ltr'>iras</span> 
     </span>
     <span class='ocr_line' id='line_1_9' title="bbox 135 594 1571 652; baseline 0.004 -18"><span class='ocrx_word' id='word_1_66' title='bbox 135 594 370 648; x_wconf 81' lang='lat' dir='ltr'><strong>permulsit.</strong></span> <span class='ocrx_word' id='word_1_67' title='bbox 412 595 616 635; x_wconf 88' lang='lat' dir='ltr'>Nondum</span> <span class='ocrx_word' id='word_1_68' title='bbox 638 604 757 635; x_wconf 81' lang='lat' dir='ltr'>erant</span> <span class='ocrx_word' id='word_1_69' title='bbox 778 603 863 636; x_wconf 84' lang='lat' dir='ltr'>tam</span> <span class='ocrx_word' id='word_1_70' title='bbox 888 595 1018 636; x_wconf 80' lang='lat' dir='ltr'>fortes</span> <span class='ocrx_word' id='word_1_71' title='bbox 1040 596 1092 637; x_wconf 87' lang='lat' dir='ltr'>ad</span> <span class='ocrx_word' id='word_1_72' title='bbox 1115 597 1362 652; x_wconf 83' lang='lat' dir='ltr'>sanguinem</span> <span class='ocrx_word' id='word_1_73' title='bbox 1387 599 1571 651; x_wconf 82' lang='lat' dir='ltr'>civilem,</span> 
     </span>
     <span class='ocr_line' id='line_1_10' title="bbox 132 651 1573 708; baseline 0.005 -18"><span class='ocrx_word' id='word_1_74' title='bbox 132 664 227 700; x_wconf 87' lang='lat' dir='ltr'>nec,</span> <span class='ocrx_word' id='word_1_75' title='bbox 251 661 403 706; x_wconf 79' lang='lat' dir='ltr'>praeter</span> <span class='ocrx_word' id='word_1_76' title='bbox 421 662 611 702; x_wconf 84' lang='lat' dir='ltr'>externa,</span> <span class='ocrx_word' id='word_1_77' title='bbox 633 661 840 692; x_wconf 85' lang='lat' dir='ltr'>noverant</span> <span class='ocrx_word' id='word_1_78' title='bbox 865 651 997 694; x_wconf 87' lang='lat' dir='ltr'>bella:</span> <span class='ocrx_word' id='word_1_79' title='bbox 1021 652 1254 708; x_wconf 80' lang='lat' dir='ltr'>ultimaque</span> <span class='ocrx_word' id='word_1_80' title='bbox 1277 656 1413 696; x_wconf 81' lang='lat' dir='ltr'>rabies</span> <span class='ocrx_word' id='word_1_81' title='bbox 1437 670 1573 697; x_wconf 90' lang='lat' dir='ltr'>seces-</span> 
     </span>
     <span class='ocr_line' id='line_1_11' title="bbox 135 706 1571 764; baseline 0.006 -18"><span class='ocrx_word' id='word_1_82' title='bbox 135 706 199 747; x_wconf 85' lang='lat' dir='ltr'>sio</span> <span class='ocrx_word' id='word_1_83' title='bbox 229 709 284 749; x_wconf 83' lang='lat' dir='ltr'>ab</span> <span class='ocrx_word' id='word_1_84' title='bbox 316 708 399 748; x_wconf 91' lang='lat' dir='ltr'>suis</span> <span class='ocrx_word' id='word_1_85' title='bbox 418 708 669 750; x_wconf 84' lang='lat' dir='ltr'><strong>habebatur.</strong></span> <span class='ocrx_word' id='word_1_86' title='bbox 693 709 834 763; x_wconf 81' lang='lat' dir='ltr'>itaque</span> <span class='ocrx_word' id='word_1_87' title='bbox 858 709 948 763; x_wconf 86' lang='lat' dir='ltr'>jam</span> <span class='ocrx_word' id='word_1_88' title='bbox 973 709 1116 759; x_wconf 88' lang='lat' dir='ltr'>duces,</span> <span class='ocrx_word' id='word_1_89' title='bbox 1132 710 1224 764; x_wconf 85' lang='lat' dir='ltr'>jam</span> <span class='ocrx_word' id='word_1_90' title='bbox 1244 711 1398 752; x_wconf 81' lang='lat' dir='ltr'>milites</span> <span class='ocrx_word' id='word_1_91' title='bbox 1420 713 1571 754; x_wconf 85' lang='lat' dir='ltr'>utrim-</span> 
     </span>
     <span class='ocr_line' id='line_1_12' title="bbox 136 765 1572 823; baseline 0.005 -19"><span class='ocrx_word' id='word_1_92' title='bbox 136 777 233 818; x_wconf 85' lang='lat' dir='ltr'>que,</span> <span class='ocrx_word' id='word_1_93' title='bbox 255 779 507 820; x_wconf 80' lang='lat' dir='ltr'>congressus</span> <span class='ocrx_word' id='word_1_94' title='bbox 529 779 717 820; x_wconf 84' lang='lat' dir='ltr'>quaerere</span> <span class='ocrx_word' id='word_1_95' title='bbox 739 765 791 805; x_wconf 84' lang='lat' dir='ltr'>ad</span> <span class='ocrx_word' id='word_1_96' title='bbox 809 765 1052 820; x_wconf 84' lang='lat' dir='ltr'>conloquia.</span> <span class='ocrx_word' id='word_1_97' title='bbox 1091 767 1335 819; x_wconf 83' lang='lat' dir='ltr'>Quinctius,</span> <span class='ocrx_word' id='word_1_98' title='bbox 1358 783 1484 823; x_wconf 90' lang='lat' dir='ltr'>quem</span> <span class='ocrx_word' id='word_1_99' title='bbox 1505 785 1572 811; x_wconf 85' lang='lat' dir='ltr'>ar-</span> 
     </span>
     <span class='ocr_line' id='line_1_13' title="bbox 135 822 1570 882; baseline 0.004 -20"><span class='ocrx_word' id='word_1_100' title='bbox 135 834 300 862; x_wconf 84' lang='lat' dir='ltr'>morum</span> <span class='ocrx_word' id='word_1_101' title='bbox 323 822 450 866; x_wconf 86' lang='lat' dir='ltr'>etiam</span> <span class='ocrx_word' id='word_1_102' title='bbox 470 836 545 877; x_wconf 84' lang='lat' dir='ltr'>pro</span> <span class='ocrx_word' id='word_1_103' title='bbox 564 823 699 877; x_wconf 80' lang='lat' dir='ltr'>patria</span> <span class='ocrx_word' id='word_1_104' title='bbox 714 822 886 863; x_wconf 82' lang='lat' dir='ltr'>satietas</span> <span class='ocrx_word' id='word_1_105' title='bbox 908 831 1083 874; x_wconf 86' lang='lat' dir='ltr'>teneret,</span> <span class='ocrx_word' id='word_1_106' title='bbox 1103 823 1256 864; x_wconf 87' lang='lat' dir='ltr'>nedum</span> <span class='ocrx_word' id='word_1_107' title='bbox 1280 825 1478 867; x_wconf 82' lang='lat' dir='ltr'>adversus</span> <span class='ocrx_word' id='word_1_108' title='bbox 1497 841 1570 882; x_wconf 86' lang='lat' dir='ltr'>pa-</span> 
     </span>
     <span class='ocr_line' id='line_1_14' title="bbox 137 876 1572 936; baseline 0.003 -16"><span class='ocrx_word' id='word_1_109' title='bbox 137 876 287 929; x_wconf 78' lang='lat' dir='ltr'>triam3</span> <span class='ocrx_word' id='word_1_110' title='bbox 319 878 501 929; x_wconf 85' lang='lat' dir='ltr'>Corvus,</span> <span class='ocrx_word' id='word_1_111' title='bbox 535 893 682 920; x_wconf 88' lang='lat' dir='ltr'>omnes</span> <span class='ocrx_word' id='word_1_112' title='bbox 713 879 890 920; x_wconf 81' lang='lat' dir='ltr'>caritate</span> <span class='ocrx_word' id='word_1_113' title='bbox 923 879 1053 929; x_wconf 87' lang='lat' dir='ltr'>cives,</span> <span class='ocrx_word' id='word_1_114' title='bbox 1085 881 1302 936; x_wconf 87' lang='lat' dir='ltr'>praecipue</span> <span class='ocrx_word' id='word_1_115' title='bbox 1338 882 1507 933; x_wconf 82' lang='lat' dir='ltr'>milites,</span> <span class='ocrx_word' id='word_1_116' title='bbox 1528 894 1572 924; x_wconf 84' lang='lat' dir='ltr'>et</span> 
     </span>
     <span class='ocr_line' id='line_1_15' title="bbox 136 935 1569 996; baseline 0.002 -18"><span class='ocrx_word' id='word_1_117' title='bbox 136 943 235 978; x_wconf 76' lang='lat' dir='ltr'>ante</span> <span class='ocrx_word' id='word_1_118' title='bbox 255 935 359 977; x_wconf 85' lang='lat' dir='ltr'>alios</span> <span class='ocrx_word' id='word_1_119' title='bbox 382 950 503 976; x_wconf 91' lang='lat' dir='ltr'>suum</span> <span class='ocrx_word' id='word_1_120' title='bbox 526 936 777 986; x_wconf 84' lang='lat' dir='ltr'>exercitum,</span> <span class='ocrx_word' id='word_1_121' title='bbox 799 936 1063 991; x_wconf 82' lang='lat' dir='ltr'>complexus,</span> <span class='ocrx_word' id='word_1_122' title='bbox 1087 937 1138 977; x_wconf 83' lang='lat' dir='ltr'>ad</span> <span class='ocrx_word' id='word_1_123' title='bbox 1161 937 1436 993; x_wconf 88' lang='lat' dir='ltr'>conloquium</span> <span class='ocrx_word' id='word_1_124' title='bbox 1470 954 1569 996; x_wconf 83' lang='lat' dir='ltr'>pro-</span> 
     </span>
     <span class='ocr_line' id='line_1_16' title="bbox 135 991 1571 1048; baseline 0.006 -19"><span class='ocrx_word' id='word_1_125' title='bbox 135 992 276 1033; x_wconf 87' lang='lat' dir='ltr'>cessit.</span> <span class='ocrx_word' id='word_1_126' title='bbox 337 991 525 1048; x_wconf 84' lang='lat' dir='ltr'>Cognito</span> <span class='ocrx_word' id='word_1_127' title='bbox 547 993 585 1033; x_wconf 88' lang='lat' dir='ltr'>ei</span> <span class='ocrx_word' id='word_1_128' title='bbox 607 993 824 1047; x_wconf 86' lang='lat' dir='ltr'>extemplo</span> <span class='ocrx_word' id='word_1_129' title='bbox 847 993 961 1033; x_wconf 86' lang='lat' dir='ltr'>haud</span> <span class='ocrx_word' id='word_1_130' title='bbox 983 993 1121 1034; x_wconf 86' lang='lat' dir='ltr'>minor</span> <span class='ocrx_word' id='word_1_131' title='bbox 1140 995 1194 1034; x_wconf 86' lang='lat' dir='ltr'>ab</span> <span class='ocrx_word' id='word_1_132' title='bbox 1227 994 1477 1037; x_wconf 84' lang='lat' dir='ltr'>adversariis</span> <span class='ocrx_word' id='word_1_133' title='bbox 1500 1011 1571 1038; x_wconf 89' lang='lat' dir='ltr'>ve-</span> 
     </span>
     <span class='ocr_line' id='line_1_17' title="bbox 135 1049 1749 1108; baseline 0.006 -21"><span class='ocrx_word' id='word_1_134' title='bbox 135 1049 352 1100; x_wconf 85' lang='lat' dir='ltr'>recundia,</span> <span class='ocrx_word' id='word_1_135' title='bbox 373 1064 502 1104; x_wconf 84' lang='lat' dir='ltr'>quam</span> <span class='ocrx_word' id='word_1_136' title='bbox 523 1051 577 1090; x_wconf 84' lang='lat' dir='ltr'>ab</span> <span class='ocrx_word' id='word_1_137' title='bbox 610 1050 695 1091; x_wconf 88' lang='lat' dir='ltr'>suis</span> <span class='ocrx_word' id='word_1_138' title='bbox 728 1049 957 1100; x_wconf 83' lang='lat' dir='ltr'>silentium,</span> <span class='ocrx_word' id='word_1_139' title='bbox 977 1049 1124 1091; x_wconf 85' lang='lat' dir='ltr'>datum</span> <span class='ocrx_word' id='word_1_140' title='bbox 1142 1068 1152 1092; x_wconf 90' lang='lat'>:</span> <span class='ocrx_word' id='word_1_141' title='bbox 1184 1049 1310 1102; x_wconf 90' lang='lat' dir='ltr'>Deos,</span> <span class='ocrx_word' id='word_1_142' title='bbox 1332 1052 1486 1108; x_wconf 89' lang='lat' dir='ltr'>inquit,</span> <span class='ocrx_word' id='word_1_143' title='bbox 1506 1053 1569 1094; x_wconf 80' lang='lat' dir='ltr'>in-</span> <span class='ocrx_word' id='word_1_144' title='bbox 1581 1065 1749 1098; x_wconf 80' lang='lat' dir='ltr'>Dictatoris</span> 
     </span>
     <span class='ocr_line' id='line_1_18' title="bbox 135 1104 1753 1164; baseline 0.006 -21"><span class='ocrx_word' id='word_1_145' title='bbox 135 1104 335 1156; x_wconf 81' lang='lat' dir='ltr'>mortales,</span> <span class='ocrx_word' id='word_1_146' title='bbox 357 1106 514 1156; x_wconf 83' lang='lat' dir='ltr'>milites,</span> <span class='ocrx_word' id='word_1_147' title='bbox 533 1113 680 1147; x_wconf 81' lang='lat' dir='ltr'>vestros</span> <span class='ocrx_word' id='word_1_148' title='bbox 694 1106 898 1161; x_wconf 76' lang='lat' dir='ltr'>publicos,</span> <span class='ocrx_word' id='word_1_149' title='bbox 919 1121 1112 1161; x_wconf 83' lang='lat' dir='ltr'>meosque,</span> <span class='ocrx_word' id='word_1_150' title='bbox 1133 1107 1184 1148; x_wconf 80' lang='lat' dir='ltr'>ab</span> <span class='ocrx_word' id='word_1_151' title='bbox 1205 1108 1305 1148; x_wconf 81' lang='lat' dir='ltr'>urbe</span> <span class='ocrx_word' id='word_1_152' title='bbox 1318 1109 1571 1164; x_wconf 75' lang='lat' dir='ltr'>proficiscens</span> <span class='ocrx_word' id='word_1_153' title='bbox 1582 1109 1753 1160; x_wconf 38' lang='lat' dir='ltr'>adsedit&amp;</span> 
     </span>
     <span class='ocr_line' id='line_1_19' title="bbox 135 1157 1752 1219; baseline 0.004 -17"><span class='ocrx_word' id='word_1_154' title='bbox 135 1159 195 1202; x_wconf 79' lang='lat' dir='ltr'>ita</span> <span class='ocrx_word' id='word_1_155' title='bbox 215 1162 401 1213; x_wconf 77' lang='lat' dir='ltr'>adoravi,</span> <span class='ocrx_word' id='word_1_156' title='bbox 421 1164 655 1219; x_wconf 79' lang='lat' dir='ltr'>ven-iamque</span> <span class='ocrx_word' id='word_1_157' title='bbox 672 1162 839 1218; x_wconf 75' lang='lat' dir='ltr'>supplex</span> <span class='ocrx_word' id='word_1_158' title='bbox 852 1163 1030 1218; x_wconf 79' lang='lat' dir='ltr'>poposci,</span> <span class='ocrx_word' id='word_1_159' title='bbox 1048 1172 1093 1204; x_wconf 83' lang='lat' dir='ltr'>ut</span> <span class='ocrx_word' id='word_1_160' title='bbox 1122 1163 1223 1204; x_wconf 77' lang='lat' dir='ltr'>milti</span> <span class='ocrx_word' id='word_1_161' title='bbox 1254 1164 1301 1205; x_wconf 83' lang='lat' dir='ltr'>de</span> <span class='ocrx_word' id='word_1_162' title='bbox 1332 1166 1448 1206; x_wconf 77' lang='lat' dir='ltr'>vobis</span> <span class='ocrx_word' id='word_1_163' title='bbox 1479 1161 1630 1208; x_wconf 76' lang='lat' dir='ltr'>eon-⁵⁰⁵</span> <span class='ocrx_word' id='word_1_164' title='bbox 1642 1157 1752 1184; x_wconf 66' lang='lat' dir='ltr'>oratio.</span> 
     </span>
     <span class='ocr_line' id='line_1_20' title="bbox 136 1218 1571 1278; baseline 0.006 -21"><span class='ocrx_word' id='word_1_165' title='bbox 136 1218 280 1259; x_wconf 76' lang='lat' dir='ltr'>cerdice</span> <span class='ocrx_word' id='word_1_166' title='bbox 292 1226 429 1274; x_wconf 57' lang='grc' dir='ltr'>μανίαι</span> <span class='ocrx_word' id='word_1_167' title='bbox 445 1219 638 1275; x_wconf 82' lang='lat' dir='ltr'>glorium,</span> <span class='ocrx_word' id='word_1_168' title='bbox 659 1235 738 1260; x_wconf 77' lang='lat' dir='ltr'>uon</span> <span class='ocrx_word' id='word_1_169' title='bbox 757 1220 985 1270; x_wconf 79' lang='lat' dir='ltr'>victoriam,</span> <span class='ocrx_word' id='word_1_170' title='bbox 1008 1219 1164 1261; x_wconf 77' lang='lat' dir='ltr'>darent.</span> <span class='ocrx_word' id='word_1_171' title='bbox 1223 1220 1337 1262; x_wconf 82' lang='lat' dir='ltr'>Satis</span> <span class='ocrx_word' id='word_1_172' title='bbox 1355 1222 1452 1278; x_wconf 85' lang='lat' dir='ltr'>fuit</span> <span class='ocrx_word' id='word_1_173' title='bbox 1473 1224 1571 1264; x_wconf 76' lang='lat' dir='ltr'>erit-</span> 
     </span>
     <span class='ocr_line' id='line_1_21' title="bbox 135 1275 1575 1332; baseline 0.005 -17"><span class='ocrx_word' id='word_1_174' title='bbox 135 1288 224 1330; x_wconf 81' lang='lat' dir='ltr'>que,</span> <span class='ocrx_word' id='word_1_175' title='bbox 252 1276 357 1317; x_wconf 78' lang='lat' dir='ltr'>unde</span> <span class='ocrx_word' id='word_1_176' title='bbox 389 1275 482 1317; x_wconf 84' lang='lat' dir='ltr'>belli</span> <span class='ocrx_word' id='word_1_177' title='bbox 504 1276 623 1317; x_wconf 81' lang='lat' dir='ltr'>decus</span> <span class='ocrx_word' id='word_1_178' title='bbox 649 1277 868 1331; x_wconf 79' lang='lat' dir='ltr'>pariatur:</span> <span class='ocrx_word' id='word_1_179' title='bbox 898 1277 989 1317; x_wconf 71' lang='lat' dir='ltr'>ltine</span> <span class='ocrx_word' id='word_1_180' title='bbox 1016 1291 1103 1332; x_wconf 72' lang='lat' dir='ltr'>pax</span> <span class='ocrx_word' id='word_1_181' title='bbox 1126 1278 1302 1332; x_wconf 79' lang='lat' dir='ltr'>petenda</span> <span class='ocrx_word' id='word_1_182' title='bbox 1322 1286 1390 1319; x_wconf 85' lang='lat' dir='ltr'>est.</span> <span class='ocrx_word' id='word_1_183' title='bbox 1452 1278 1575 1323; x_wconf 75' lang='lat' dir='ltr'>Quod</span> 
     </span>
     <span class='ocr_line' id='line_1_22' title="bbox 136 1330 1572 1390; baseline 0.005 -18"><span class='ocrx_word' id='word_1_184' title='bbox 136 1330 250 1373; x_wconf 74' lang='lat' dir='ltr'>Deos</span> <span class='ocrx_word' id='word_1_185' title='bbox 269 1332 502 1376; x_wconf 83' lang='lat' dir='ltr'>inmortales</span> <span class='ocrx_word' id='word_1_186' title='bbox 521 1334 626 1374; x_wconf 81' lang='lat' dir='ltr'>inter</span> <span class='ocrx_word' id='word_1_187' title='bbox 646 1332 917 1387; x_wconf 78' lang='lat' dir='ltr'>nuncupanda</span> <span class='ocrx_word' id='word_1_188' title='bbox 938 1340 1032 1374; x_wconf 84' lang='lat' dir='ltr'>vota</span> <span class='ocrx_word' id='word_1_189' title='bbox 1052 1335 1271 1389; x_wconf 72' lang='lat' dir='ltr'>expoposci‚</span> <span class='ocrx_word' id='word_1_190' title='bbox 1288 1335 1374 1390; x_wconf 76' lang='lat' dir='ltr'>ejus</span> <span class='ocrx_word' id='word_1_191' title='bbox 1388 1351 1449 1378; x_wconf 88' lang='lat' dir='ltr'>me</span> <span class='ocrx_word' id='word_1_192' title='bbox 1466 1352 1572 1379; x_wconf 87' lang='lat' dir='ltr'>com-</span> 
     </span>
     <span class='ocr_line' id='line_1_23' title="bbox 132 1389 1572 1446; baseline 0.003 -16"><span class='ocrx_word' id='word_1_193' title='bbox 132 1395 269 1442; x_wconf 78' lang='lat' dir='ltr'>potem</span> <span class='ocrx_word' id='word_1_194' title='bbox 288 1390 375 1431; x_wconf 82' lang='lat' dir='ltr'>voti</span> <span class='ocrx_word' id='word_1_195' title='bbox 395 1404 462 1431; x_wconf 88' lang='lat' dir='ltr'>vos</span> <span class='ocrx_word' id='word_1_196' title='bbox 468 1389 613 1446; x_wconf 82' lang='lat' dir='ltr'>facere</span> <span class='ocrx_word' id='word_1_197' title='bbox 638 1391 826 1445; x_wconf 76' lang='lat' dir='ltr'>potestis3</span> <span class='ocrx_word' id='word_1_198' title='bbox 855 1390 888 1430; x_wconf 87' lang='lat' dir='ltr'>si</span> <span class='ocrx_word' id='word_1_199' title='bbox 909 1391 1130 1431; x_wconf 76' lang='lat' dir='ltr'>meminisse</span> <span class='ocrx_word' id='word_1_200' title='bbox 1159 1390 1299 1442; x_wconf 81' lang='lat' dir='ltr'>vultis,</span> <span class='ocrx_word' id='word_1_201' title='bbox 1319 1408 1399 1433; x_wconf 62' lang='lat' dir='ltr'>‘non</span> <span class='ocrx_word' id='word_1_202' title='bbox 1427 1408 1497 1434; x_wconf 79' lang='lat' dir='ltr'>vos</span> <span class='ocrx_word' id='word_1_203' title='bbox 1526 1395 1572 1435; x_wconf 78' lang='lat' dir='ltr'>in</span> 
     </span>
     <span class='ocr_line' id='line_1_24' title="bbox 139 1443 1572 1498; baseline 0.004 -12"><span class='ocrx_word' id='word_1_204' title='bbox 139 1443 322 1496; x_wconf 79' lang='lat' dir='ltr'>Samnio,</span> <span class='ocrx_word' id='word_1_205' title='bbox 343 1461 412 1488; x_wconf 79' lang='lat' dir='ltr'>nec</span> <span class='ocrx_word' id='word_1_206' title='bbox 440 1447 485 1487; x_wconf 82' lang='lat' dir='ltr'>in</span> <span class='ocrx_word' id='word_1_207' title='bbox 519 1445 690 1498; x_wconf 78' lang='lat' dir='ltr'>Volscis,</span> <span class='ocrx_word' id='word_1_208' title='bbox 711 1446 778 1487; x_wconf 81' lang='lat' dir='ltr'>sed</span> <span class='ocrx_word' id='word_1_209' title='bbox 802 1447 846 1487; x_wconf 82' lang='lat' dir='ltr'>in</span> <span class='ocrx_word' id='word_1_210' title='bbox 869 1445 1054 1487; x_wconf 81' lang='lat' dir='ltr'>Romano</span> <span class='ocrx_word' id='word_1_211' title='bbox 1076 1446 1162 1487; x_wconf 88' lang='lat' dir='ltr'>solo</span> <span class='ocrx_word' id='word_1_212' title='bbox 1183 1455 1316 1488; x_wconf 75' lang='lat' dir='ltr'>castra</span> <span class='ocrx_word' id='word_1_213' title='bbox 1338 1449 1505 1491; x_wconf 74' lang='lat' dir='ltr'>habere:</span> <span class='ocrx_word' id='word_1_214' title='bbox 1536 1452 1572 1492; x_wconf 86' lang='lat' dir='ltr'>si</span> 
     </span>
     <span class='ocr_line' id='line_1_25' title="bbox 135 1500 1572 1558; baseline 0.004 -16"><span class='ocrx_word' id='word_1_215' title='bbox 135 1500 231 1543; x_wconf 80' lang='lat' dir='ltr'>illos</span> <span class='ocrx_word' id='word_1_216' title='bbox 251 1502 384 1554; x_wconf 87' lang='lat' dir='ltr'>colles,</span> <span class='ocrx_word' id='word_1_217' title='bbox 404 1518 502 1558; x_wconf 83' lang='lat' dir='ltr'>quos</span> <span class='ocrx_word' id='word_1_218' title='bbox 523 1503 696 1554; x_wconf 75' lang='lat' dir='ltr'>cernitis,</span> <span class='ocrx_word' id='word_1_219' title='bbox 711 1503 860 1558; x_wconf 77' lang='lat' dir='ltr'>patria:</span> <span class='ocrx_word' id='word_1_220' title='bbox 879 1510 1016 1544; x_wconf 65' lang='lat' dir='ltr'>vestrae</span> <span class='ocrx_word' id='word_1_221' title='bbox 1044 1518 1136 1555; x_wconf 85' lang='lat' dir='ltr'>esse,</span> <span class='ocrx_word' id='word_1_222' title='bbox 1158 1505 1194 1544; x_wconf 85' lang='lat' dir='ltr'>si</span> <span class='ocrx_word' id='word_1_223' title='bbox 1224 1504 1325 1546; x_wconf 74' lang='lat' dir='ltr'>hunc</span> <span class='ocrx_word' id='word_1_224' title='bbox 1355 1507 1572 1548; x_wconf 71' lang='lat' dir='ltr'>exercitum</span> 
     </span>
     <span class='ocr_line' id='line_1_26' title="bbox 132 1558 1568 1618; baseline 0.004 -19"><span class='ocrx_word' id='word_1_225' title='bbox 132 1558 283 1600; x_wconf 82' lang='lat' dir='ltr'>civium</span> <span class='ocrx_word' id='word_1_226' title='bbox 305 1566 551 1601; x_wconf 81' lang='lat' dir='ltr'>vestrorum:</span> <span class='ocrx_word' id='word_1_227' title='bbox 579 1561 613 1602; x_wconf 81' lang='lat' dir='ltr'>si</span> <span class='ocrx_word' id='word_1_228' title='bbox 633 1575 694 1601; x_wconf 90' lang='lat' dir='ltr'>me</span> <span class='ocrx_word' id='word_1_229' title='bbox 714 1559 907 1602; x_wconf 81' lang='lat' dir='ltr'>consulem</span> <span class='ocrx_word' id='word_1_230' title='bbox 927 1567 1115 1610; x_wconf 76' lang='lat' dir='ltr'>vestrum,</span> <span class='ocrx_word' id='word_1_231' title='bbox 1136 1561 1251 1616; x_wconf 80' lang='lat' dir='ltr'>cujus</span> <span class='ocrx_word' id='word_1_232' title='bbox 1279 1562 1399 1603; x_wconf 78' lang='lat' dir='ltr'>ductu</span> <span class='ocrx_word' id='word_1_233' title='bbox 1429 1565 1568 1618; x_wconf 81' lang='lat' dir='ltr'>auspi-</span> 
     </span>
     <span class='ocr_line' id='line_1_27' title="bbox 132 1615 1569 1674; baseline 0.003 -18"><span class='ocrx_word' id='word_1_234' title='bbox 132 1615 270 1671; x_wconf 83' lang='lat' dir='ltr'>cioque</span> <span class='ocrx_word' id='word_1_235' title='bbox 292 1616 433 1671; x_wconf 79' lang='lat' dir='ltr'>priore</span> <span class='ocrx_word' id='word_1_236' title='bbox 461 1632 569 1658; x_wconf 79' lang='grc' dir='ltr'><em>αηηο</em></span> <span class='ocrx_word' id='word_1_237' title='bbox 599 1617 658 1658; x_wconf 86' lang='lat' dir='ltr'>bis</span> <span class='ocrx_word' id='word_1_238' title='bbox 676 1616 859 1673; x_wconf 79' lang='lat' dir='ltr'>&#39;legiones</span> <span class='ocrx_word' id='word_1_239' title='bbox 882 1617 1125 1658; x_wconf 76' lang='lat' dir='ltr'>Samnitium</span> <span class='ocrx_word' id='word_1_240' title='bbox 1141 1617 1336 1674; x_wconf 67' lang='lat' dir='ltr'>fudistis,</span> <span class='ocrx_word' id='word_1_241' title='bbox 1357 1620 1416 1660; x_wconf 81' lang='lat' dir='ltr'>bis</span> <span class='ocrx_word' id='word_1_242' title='bbox 1436 1627 1569 1661; x_wconf 79' lang='lat' dir='ltr'>castra</span> 
     </span>
     <span class='ocr_line' id='line_1_28' title="bbox 134 1671 1570 1732; baseline 0.003 -19"><span class='ocrx_word' id='word_1_243' title='bbox 134 1671 177 1713; x_wconf 81' lang='lat' dir='ltr'>vi</span> <span class='ocrx_word' id='word_1_244' title='bbox 196 1673 367 1727; x_wconf 80' lang='lat' dir='ltr'>cepistis.</span> <span class='ocrx_word' id='word_1_245' title='bbox 427 1673 518 1730; x_wconf 82' lang='lat' dir='ltr'>Ego</span> <span class='ocrx_word' id='word_1_246' title='bbox 545 1689 631 1715; x_wconf 86' lang='lat' dir='ltr'>sum</span> <span class='ocrx_word' id='word_1_247' title='bbox 662 1673 730 1714; x_wconf 89' lang='lat' dir='ltr'>M.</span> <span class='ocrx_word' id='word_1_248' title='bbox 757 1672 945 1714; x_wconf 81' lang='lat' dir='ltr'>Valerius</span> <span class='ocrx_word' id='word_1_249' title='bbox 975 1673 1147 1725; x_wconf 77' lang='lat' dir='ltr'>Corvus,</span> <span class='ocrx_word' id='word_1_250' title='bbox 1168 1674 1331 1727; x_wconf 77' lang='lat' dir='ltr'>milites,</span> <span class='ocrx_word' id='word_1_251' title='bbox 1352 1677 1468 1732; x_wconf 74' lang='lat' dir='ltr'>cujus</span> <span class='ocrx_word' id='word_1_252' title='bbox 1499 1692 1570 1718; x_wconf 82' lang='lat' dir='ltr'>vos</span> 
     </span>
     <span class='ocr_line' id='line_1_29' title="bbox 133 1729 1570 1787; baseline 0.003 -17"><span class='ocrx_word' id='word_1_253' title='bbox 133 1729 387 1771; x_wconf 69' lang='lat' dir='ltr'>nobilitatem</span> <span class='ocrx_word' id='word_1_254' title='bbox 418 1730 613 1786; x_wconf 80' lang='lat' dir='ltr'>beneficiis</span> <span class='ocrx_word' id='word_1_255' title='bbox 646 1745 745 1786; x_wconf 83' lang='lat' dir='ltr'>erga</span> <span class='ocrx_word' id='word_1_256' title='bbox 772 1744 854 1781; x_wconf 82' lang='lat' dir='ltr'>vos,</span> <span class='ocrx_word' id='word_1_257' title='bbox 883 1745 963 1771; x_wconf 77' lang='lat' dir='ltr'>uon</span> <span class='ocrx_word' id='word_1_258' title='bbox 993 1731 1171 1787; x_wconf 68' lang='lat' dir='ltr'>injuriis,</span> <span class='ocrx_word' id='word_1_259' title='bbox 1192 1733 1387 1783; x_wconf 82' lang='lat' dir='ltr'>sensistis,·</span> <span class='ocrx_word' id='word_1_260' title='bbox 1417 1733 1570 1775; x_wconf 77' lang='lat' dir='ltr'>nullius</span> 
     </span>
     <span class='ocr_line' id='line_1_30' title="bbox 133 1786 1570 1844; baseline 0.004 -19"><span class='ocrx_word' id='word_1_261' title='bbox 133 1786 312 1840; x_wconf 81' lang='lat' dir='ltr'>superbae</span> <span class='ocrx_word' id='word_1_262' title='bbox 343 1787 388 1828; x_wconf 78' lang='lat' dir='ltr'>iu</span> <span class='ocrx_word' id='word_1_263' title='bbox 417 1801 485 1828; x_wconf 83' lang='lat' dir='ltr'>vos</span> <span class='ocrx_word' id='word_1_264' title='bbox 514 1787 628 1844; x_wconf 82' lang='lat' dir='ltr'>legis,</span> <span class='ocrx_word' id='word_1_265' title='bbox 648 1786 802 1828; x_wconf 83' lang='lat' dir='ltr'>nullius</span> <span class='ocrx_word' id='word_1_266' title='bbox 833 1787 1007 1828; x_wconf 82' lang='lat' dir='ltr'>crudelis</span> <span class='ocrx_word' id='word_1_267' title='bbox 1036 1789 1369 1830; x_wconf 77' lang='lat' dir='ltr'>senatusconsulti</span> <span class='ocrx_word' id='word_1_268' title='bbox 1400 1797 1570 1840; x_wconf 77' lang='lat' dir='ltr'>auctor,-</span> 
     </span>
     <span class='ocr_line' id='line_1_31' title="bbox 135 1842 1571 1900; baseline 0.004 -18"><span class='ocrx_word' id='word_1_269' title='bbox 135 1842 181 1883; x_wconf 75' lang='lat' dir='ltr'>in</span> <span class='ocrx_word' id='word_1_270' title='bbox 200 1843 382 1885; x_wconf 81' lang='lat' dir='ltr'>omnibus</span> <span class='ocrx_word' id='word_1_271' title='bbox 402 1844 496 1885; x_wconf 85' lang='lat' dir='ltr'>meis</span> <span class='ocrx_word' id='word_1_272' title='bbox 515 1844 695 1899; x_wconf 80' lang='lat' dir='ltr'>imperiis</span> <span class='ocrx_word' id='word_1_273' title='bbox 714 1844 760 1885; x_wconf 79' lang='lat' dir='ltr'>in</span> <span class='ocrx_word' id='word_1_274' title='bbox 779 1858 840 1885; x_wconf 88' lang='lat' dir='ltr'>me</span> <span class='ocrx_word' id='word_1_275' title='bbox 869 1844 1056 1894; x_wconf 78' lang='lat' dir='ltr'>severior,</span> <span class='ocrx_word' id='word_1_276' title='bbox 1077 1859 1198 1900; x_wconf 83' lang='lat' dir='ltr'>quam</span> <span class='ocrx_word' id='word_1_277' title='bbox 1229 1847 1273 1886; x_wconf 76' lang='lat' dir='ltr'>in</span> <span class='ocrx_word' id='word_1_278' title='bbox 1302 1861 1381 1887; x_wconf 58' lang='lat' dir='ltr'>vos</span> <span class='ocrx_word' id='word_1_279' title='bbox 1441 1846 1506 1888; x_wconf 88' lang='lat' dir='ltr'>Ac</span> <span class='ocrx_word' id='word_1_280' title='bbox 1537 1849 1571 1888; x_wconf 83' lang='lat' dir='ltr'>si</span> 
     </span>
     <span class='ocr_line' id='line_1_32' title="bbox 135 1900 1570 1957; baseline 0.003 -17"><span class='ocrx_word' id='word_1_281' title='bbox 135 1900 201 1940; x_wconf 84' lang='lat' dir='ltr'>cui</span> <span class='ocrx_word' id='word_1_282' title='bbox 218 1915 358 1956; x_wconf 83' lang='lat' dir='ltr'>genus,</span> <span class='ocrx_word' id='word_1_283' title='bbox 378 1901 413 1941; x_wconf 82' lang='lat' dir='ltr'>si</span> <span class='ocrx_word' id='word_1_284' title='bbox 433 1902 499 1942; x_wconf 84' lang='lat' dir='ltr'>cui</span> <span class='ocrx_word' id='word_1_285' title='bbox 516 1916 588 1942; x_wconf 87' lang='lat' dir='ltr'>sua</span> <span class='ocrx_word' id='word_1_286' title='bbox 607 1901 755 1952; x_wconf 85' lang='lat' dir='ltr'>virtus,</span> <span class='ocrx_word' id='word_1_287' title='bbox 775 1901 813 1941; x_wconf 87' lang='lat' dir='ltr'>si</span> <span class='ocrx_word' id='word_1_288' title='bbox 833 1901 899 1942; x_wconf 85' lang='lat' dir='ltr'>cui</span> <span class='ocrx_word' id='word_1_289' title='bbox 919 1902 1037 1942; x_wconf 82' lang='lat' dir='ltr'>etiam</span> <span class='ocrx_word' id='word_1_290' title='bbox 1067 1903 1268 1957; x_wconf 79' lang='lat' dir='ltr'>majestas,</span> <span class='ocrx_word' id='word_1_291' title='bbox 1288 1903 1322 1943; x_wconf 85' lang='lat' dir='ltr'>si</span> <span class='ocrx_word' id='word_1_292' title='bbox 1351 1903 1416 1943; x_wconf 84' lang='lat' dir='ltr'>cui</span> <span class='ocrx_word' id='word_1_293' title='bbox 1447 1903 1570 1944; x_wconf 77' lang='lat' dir='ltr'>hono-</span> 
     </span>
     <span class='ocr_line' id='line_1_33' title="bbox 134 1957 1571 2014; baseline 0.003 -17"><span class='ocrx_word' id='word_1_294' title='bbox 134 1970 199 1998; x_wconf 78' lang='lat' dir='ltr'>res</span> <span class='ocrx_word' id='word_1_295' title='bbox 219 1957 384 1999; x_wconf 81' lang='lat' dir='ltr'>subdere</span> <span class='ocrx_word' id='word_1_296' title='bbox 403 1957 571 2013; x_wconf 84' lang='lat' dir='ltr'>spiritus</span> <span class='ocrx_word' id='word_1_297' title='bbox 588 1965 830 2013; x_wconf 74' lang='lat' dir='ltr'>potuerunt3</span> <span class='ocrx_word' id='word_1_298' title='bbox 858 1958 913 1998; x_wconf 81' lang='lat' dir='ltr'>iis</span> <span class='ocrx_word' id='word_1_299' title='bbox 933 1972 1042 1999; x_wconf 86' lang='lat' dir='ltr'>eram</span> <span class='ocrx_word' id='word_1_300' title='bbox 1062 1965 1195 2009; x_wconf 78' lang='lat' dir='ltr'>natus,</span> <span class='ocrx_word' id='word_1_301' title='bbox 1218 1959 1262 1999; x_wconf 78' lang='lat' dir='ltr'>id</span> <span class='ocrx_word' id='word_1_302' title='bbox 1282 1960 1473 2014; x_wconf 78' lang='lat' dir='ltr'>specimen</span> <span class='ocrx_word' id='word_1_303' title='bbox 1492 1962 1571 2001; x_wconf 84' lang='lat' dir='ltr'>mei</span> 
     </span>
     <span class='ocr_line' id='line_1_34' title="bbox 133 2012 1573 2070; baseline 0.004 -17"><span class='ocrx_word' id='word_1_304' title='bbox 133 2012 336 2064; x_wconf 82' lang='lat' dir='ltr'>dederam,</span> <span class='ocrx_word' id='word_1_305' title='bbox 358 2029 403 2056; x_wconf 85' lang='lat' dir='ltr'>eu</span> <span class='ocrx_word' id='word_1_306' title='bbox 421 2021 534 2056; x_wconf 62' lang='lat' dir='ltr'>aetate</span> <span class='ocrx_word' id='word_1_307' title='bbox 561 2013 814 2057; x_wconf 77' lang='lat' dir='ltr'>consulatum</span> <span class='ocrx_word' id='word_1_308' title='bbox 846 2014 1010 2069; x_wconf 80' lang='lat' dir='ltr'>adeptus</span> <span class='ocrx_word' id='word_1_309' title='bbox 1043 2029 1166 2064; x_wconf 83' lang='lat' dir='ltr'>eram,</span> <span class='ocrx_word' id='word_1_310' title='bbox 1187 2022 1232 2056; x_wconf 85' lang='lat' dir='ltr'>ut</span> <span class='ocrx_word' id='word_1_311' title='bbox 1256 2016 1474 2070; x_wconf 81' lang='lat' dir='ltr'>potuerim,</span> <span class='ocrx_word' id='word_1_312' title='bbox 1495 2024 1573 2060; x_wconf 79' lang='lat' dir='ltr'>tres</span> 
     </span>
     <span class='ocr_line' id='line_1_35' title="bbox 135 2070 1571 2128; baseline 0.003 -18"><span class='ocrx_word' id='word_1_313' title='bbox 135 2077 171 2110; x_wconf 84' lang='lat' dir='ltr'>et</span> <span class='ocrx_word' id='word_1_314' title='bbox 193 2071 342 2126; x_wconf 75' lang='lat' dir='ltr'>viginti</span> <span class='ocrx_word' id='word_1_315' title='bbox 362 2086 486 2112; x_wconf 75' lang='lat' dir='ltr'>annos</span> <span class='ocrx_word' id='word_1_316' title='bbox 506 2079 641 2122; x_wconf 81' lang='lat' dir='ltr'>natus,</span> <span class='ocrx_word' id='word_1_317' title='bbox 662 2071 801 2112; x_wconf 79' lang='lat' dir='ltr'>consul</span> <span class='ocrx_word' id='word_1_318' title='bbox 821 2070 1022 2112; x_wconf 83' lang='lat' dir='ltr'>Patribus</span> <span class='ocrx_word' id='word_1_319' title='bbox 1053 2085 1208 2127; x_wconf 81' lang='lat' dir='ltr'>quoque</span> <span class='ocrx_word' id='word_1_320' title='bbox 1224 2072 1354 2128; x_wconf 69' lang='lat' dir='ltr'>jerat</span> <span class='ocrx_word' id='word_1_321' title='bbox 1382 2088 1474 2124; x_wconf 78' lang='lat' dir='ltr'>esse,</span> <span class='ocrx_word' id='word_1_322' title='bbox 1492 2089 1571 2115; x_wconf 78' lang='lat' dir='ltr'>non</span> 
     </span>
     <span class='ocr_line' id='line_1_36' title="bbox 136 2126 1571 2185; baseline 0.003 -19"><span class='ocrx_word' id='word_1_323' title='bbox 136 2126 263 2169; x_wconf 84' lang='lat' dir='ltr'>solum</span> <span class='ocrx_word' id='word_1_324' title='bbox 282 2127 404 2182; x_wconf 80' lang='lat' dir='ltr'>plebi.</span> <span class='ocrx_word' id='word_1_325' title='bbox 465 2127 585 2183; x_wconf 77' lang='lat' dir='ltr'>Quod</span> <span class='ocrx_word' id='word_1_326' title='bbox 609 2142 739 2169; x_wconf 87' lang='lat' dir='ltr'>meum</span> <span class='ocrx_word' id='word_1_327' title='bbox 755 2127 924 2184; x_wconf 82' lang='lat' dir='ltr'>fuctum</span> <span class='ocrx_word' id='word_1_328' title='bbox 955 2127 1153 2169; x_wconf 80' lang='lat' dir='ltr'>dictumve</span> <span class='ocrx_word' id='word_1_329' title='bbox 1185 2129 1354 2170; x_wconf 77' lang='lat' dir='ltr'>consulis</span> <span class='ocrx_word' id='word_1_330' title='bbox 1382 2131 1571 2185; x_wconf 73' lang='lat' dir='ltr'>gravius,</span> 
     </span>
     <span class='ocr_line' id='line_1_37' title="bbox 136 2184 1572 2241; baseline 0.002 -17"><span class='ocrx_word' id='word_1_331' title='bbox 136 2198 258 2238; x_wconf 80' lang='lat' dir='ltr'>quam</span> <span class='ocrx_word' id='word_1_332' title='bbox 278 2185 450 2234; x_wconf 82' lang='lat' dir='ltr'>tribuni,</span> <span class='ocrx_word' id='word_1_333' title='bbox 470 2184 640 2226; x_wconf 77' lang='lat' dir='ltr'>audistis</span> <span class='ocrx_word' id='word_1_334' title='bbox 653 2184 676 2226; x_wconf 69' lang='lat'>5?</span> <span class='ocrx_word' id='word_1_335' title='bbox 707 2185 841 2226; x_wconf 85' lang='lat' dir='ltr'>eodem</span> <span class='ocrx_word' id='word_1_336' title='bbox 862 2192 993 2226; x_wconf 77' lang='lat' dir='ltr'>tenore</span> <span class='ocrx_word' id='word_1_337' title='bbox 1012 2184 1089 2226; x_wconf 85' lang='lat' dir='ltr'>duo</span> <span class='ocrx_word' id='word_1_338' title='bbox 1119 2186 1364 2241; x_wconf 78' lang='lat' dir='ltr'>insequentes</span> <span class='ocrx_word' id='word_1_339' title='bbox 1392 2187 1572 2227; x_wconf 81' lang='lat' dir='ltr'>consula-</span> 
     </span>
     <span class='ocr_line' id='line_1_38' title="bbox 137 2241 1573 2299; baseline 0.002 -18"><span class='ocrx_word' id='word_1_340' title='bbox 137 2247 202 2281; x_wconf 83' lang='lat' dir='ltr'>tus</span> <span class='ocrx_word' id='word_1_341' title='bbox 218 2241 346 2296; x_wconf 82' lang='lat' dir='ltr'>gessi,-</span> <span class='ocrx_word' id='word_1_342' title='bbox 376 2241 507 2281; x_wconf 80' lang='lat' dir='ltr'>eodem</span> <span class='ocrx_word' id='word_1_343' title='bbox 527 2241 606 2282; x_wconf 70' lang='lat' dir='ltr'>haec</span> <span class='ocrx_word' id='word_1_344' title='bbox 633 2242 845 2296; x_wconf 83' lang='lat' dir='ltr'>imperiosa</span> <span class='ocrx_word' id='word_1_345' title='bbox 876 2241 1086 2283; x_wconf 78' lang='lat' dir='ltr'>dictatura</span> <span class='ocrx_word' id='word_1_346' title='bbox 1113 2249 1298 2298; x_wconf 82' lang='lat' dir='ltr'>geretur:</span> <span class='ocrx_word' id='word_1_347' title='bbox 1328 2248 1360 2272; x_wconf 75' lang='lat'>’⁵9</span> <span class='ocrx_word' id='word_1_348' title='bbox 1373 2250 1418 2283; x_wconf 84' lang='lat' dir='ltr'>ut</span> <span class='ocrx_word' id='word_1_349' title='bbox 1450 2258 1573 2299; x_wconf 82' lang='lat' dir='ltr'>neque</span> 
     </span>
     <span class='ocr_line' id='line_1_39' title="bbox 135 2295 1573 2355; baseline 0.002 -17"><span class='ocrx_word' id='word_1_350' title='bbox 135 2296 180 2338; x_wconf 82' lang='lat' dir='ltr'>in</span> <span class='ocrx_word' id='word_1_351' title='bbox 200 2297 268 2338; x_wconf 74' lang='lat' dir='ltr'>lios</span> <span class='ocrx_word' id='word_1_352' title='bbox 289 2312 390 2340; x_wconf 83' lang='lat' dir='ltr'>meos</span> <span class='ocrx_word' id='word_1_353' title='bbox 410 2305 447 2338; x_wconf 84' lang='lat' dir='ltr'>et</span> <span class='ocrx_word' id='word_1_354' title='bbox 471 2295 621 2352; x_wconf 73' lang='lat' dir='ltr'>patria:</span> <span class='ocrx_word' id='word_1_355' title='bbox 641 2313 733 2339; x_wconf 79' lang='lat' dir='ltr'>meae</span> <span class='ocrx_word' id='word_1_356' title='bbox 752 2298 897 2340; x_wconf 85' lang='lat' dir='ltr'>milites</span> <span class='ocrx_word' id='word_1_357' title='bbox 930 2299 1081 2350; x_wconf 82' lang='lat' dir='ltr'>mitior,</span> <span class='ocrx_word' id='word_1_358' title='bbox 1100 2313 1221 2355; x_wconf 86' lang='lat' dir='ltr'>quam</span> <span class='ocrx_word' id='word_1_359' title='bbox 1252 2300 1296 2340; x_wconf 79' lang='lat' dir='ltr'>in</span> <span class='ocrx_word' id='word_1_360' title='bbox 1327 2314 1410 2351; x_wconf 81' lang='lat' dir='ltr'>vos,</span> <span class='ocrx_word' id='word_1_361' title='bbox 1431 2299 1573 2344; x_wconf 69' lang='lat' dir='ltr'>horreo.</span> 
     </span>
    </p>
   </div>
   <div class='ocr_carea' id='block_1_3' title="bbox 135 2438 1579 2868">
    <p class='ocr_par' dir='ltr' id='par_1_4' title="bbox 135 2438 1579 2781">
     <span class='ocr_line' id='line_1_40' title="bbox 179 2438 1576 2480; baseline 0.002 -11"><span class='ocrx_word' id='word_1_362' title='bbox 179 2441 219 2472; x_wconf 78' lang='lat'>87</span> <span class='ocrx_word' id='word_1_363' title='bbox 247 2438 325 2477; x_wconf 79' lang='lat' dir='ltr'>Vioe,</span> <span class='ocrx_word' id='word_1_364' title='bbox 348 2448 417 2480; x_wconf 83' lang='lat' dir='ltr'>quoe</span> <span class='ocrx_word' id='word_1_365' title='bbox 440 2448 528 2469; x_wconf 80' lang='lat' dir='ltr'>num:</span> <span class='ocrx_word' id='word_1_366' title='bbox 550 2440 656 2479; x_wconf 74' lang='lat' dir='ltr'>Appia</span> <span class='ocrx_word' id='word_1_367' title='bbox 677 2439 736 2479; x_wconf 78' lang='lat' dir='ltr'>est]</span> <span class='ocrx_word' id='word_1_368' title='bbox 759 2438 830 2469; x_wconf 78' lang='lat' dir='ltr'>Jac.</span> <span class='ocrx_word' id='word_1_369' title='bbox 875 2438 960 2469; x_wconf 81' lang='lat' dir='ltr'>Frid.</span> <span class='ocrx_word' id='word_1_370' title='bbox 984 2438 1168 2469; x_wconf 78' lang='lat' dir='ltr'>Gronovio:</span> <span class='ocrx_word' id='word_1_371' title='bbox 1199 2440 1423 2479; x_wconf 74' lang='lat' dir='ltr'>Ubiprc&#39;mum</span> <span class='ocrx_word' id='word_1_372' title='bbox 1439 2462 1466 2472; x_wconf 86' lang='grc'>,.</span> <span class='ocrx_word' id='word_1_373' title='bbox 1482 2452 1576 2472; x_wconf 62' lang='lat' dir='ltr'>⁸ven-</span> 
     </span>
     <span class='ocr_line' id='line_1_41' title="bbox 137 2482 1574 2522; baseline 0.003 -10"><span class='ocrx_word' id='word_1_374' title='bbox 137 2483 322 2512; x_wconf 78' lang='lat' dir='ltr'>Gronovius</span> <span class='ocrx_word' id='word_1_375' title='bbox 337 2493 377 2512; x_wconf 85' lang='lat' dir='ltr'>ex</span> <span class='ocrx_word' id='word_1_376' title='bbox 395 2492 461 2512; x_wconf 92' lang='lat' dir='ltr'>uno</span> <span class='ocrx_word' id='word_1_377' title='bbox 474 2482 544 2513; x_wconf 74' lang='grc' dir='ltr'>ΜΞ.</span> <span class='ocrx_word' id='word_1_378' title='bbox 562 2482 739 2522; x_wconf 77' lang='lat' dir='ltr'>legendum</span> <span class='ocrx_word' id='word_1_379' title='bbox 755 2492 832 2513; x_wconf 82' lang='lat' dir='ltr'>cen-</span> <span class='ocrx_word' id='word_1_380' title='bbox 876 2487 959 2520; x_wconf 80' lang='lat' dir='ltr'>tum,</span> <span class='ocrx_word' id='word_1_381' title='bbox 975 2487 1005 2512; x_wconf 85' lang='lat' dir='ltr'>et</span> <span class='ocrx_word' id='word_1_382' title='bbox 1020 2492 1129 2514; x_wconf 81' lang='lat' dir='ltr'>arma.</span> <span class='ocrx_word' id='word_1_383' title='bbox 1152 2483 1299 2514; x_wconf 81' lang='lat' dir='ltr'>Similem</span> <span class='ocrx_word' id='word_1_384' title='bbox 1319 2494 1447 2514; x_wconf 85' lang='lat' dir='ltr'>naevuni</span> <span class='ocrx_word' id='word_1_385' title='bbox 1461 2495 1574 2516; x_wconf 84' lang='lat' dir='ltr'>emen—</span> 
     </span>
     <span class='ocr_line' id='line_1_42' title="bbox 137 2525 1502 2567; baseline 0.003 -12"><span class='ocrx_word' id='word_1_386' title='bbox 137 2533 188 2555; x_wconf 82' lang='lat' dir='ltr'>set</span> <span class='ocrx_word' id='word_1_387' title='bbox 202 2527 267 2562; x_wconf 79' lang='lat' dir='ltr'>via,</span> <span class='ocrx_word' id='word_1_388' title='bbox 285 2536 323 2555; x_wconf 85' lang='lat' dir='ltr'>ex</span> <span class='ocrx_word' id='word_1_389' title='bbox 340 2526 468 2555; x_wconf 83' lang='lat' dir='ltr'>solenni</span> <span class='ocrx_word' id='word_1_390' title='bbox 487 2525 622 2556; x_wconf 85' lang='lat' dir='ltr'>Liviauo</span> <span class='ocrx_word' id='word_1_391' title='bbox 640 2535 741 2556; x_wconf 84' lang='lat' dir='ltr'>more.</span> <span class='ocrx_word' id='word_1_392' title='bbox 779 2526 832 2555; x_wconf 84' lang='lat' dir='ltr'>Sic</span> <span class='ocrx_word' id='word_1_393' title='bbox 876 2526 965 2556; x_wconf 84' lang='lat' dir='ltr'>davit</span> <span class='ocrx_word' id='word_1_394' title='bbox 979 2525 1050 2556; x_wconf 82' lang='lat' dir='ltr'>Jac.</span> <span class='ocrx_word' id='word_1_395' title='bbox 1067 2526 1263 2564; x_wconf 79' lang='lat' dir='ltr'>Gronovius,</span> <span class='ocrx_word' id='word_1_396' title='bbox 1278 2537 1378 2567; x_wconf 78' lang='lat' dir='ltr'>supra</span> <span class='ocrx_word' id='word_1_397' title='bbox 1392 2530 1434 2558; x_wconf 91' lang='lat'>11.</span> <span class='ocrx_word' id='word_1_398' title='bbox 1450 2531 1502 2563; x_wconf 81' lang='lat'>39.</span> 
     </span>
     <span class='ocr_line' id='line_1_43' title="bbox 136 2569 1577 2610; baseline 0.002 -11"><span class='ocrx_word' id='word_1_399' title='bbox 136 2579 238 2609; x_wconf 73' lang='lat' dir='ltr'>supra</span> <span class='ocrx_word' id='word_1_400' title='bbox 265 2578 294 2599; x_wconf 87' lang='lat' dir='ltr'>c.</span> <span class='ocrx_word' id='word_1_401' title='bbox 324 2573 354 2605; x_wconf 89' lang='lat'>9.</span> <span class='ocrx_word' id='word_1_402' title='bbox 392 2569 482 2599; x_wconf 79' lang='lat' dir='ltr'>Galli</span> <span class='ocrx_word' id='word_1_403' title='bbox 518 2570 562 2599; x_wconf 80' lang='lat' dir='ltr'>ad</span> <span class='ocrx_word' id='word_1_404' title='bbox 588 2571 723 2599; x_wconf 74' lang='lat' dir='ltr'>tertium</span> <span class='ocrx_word' id='word_1_405' title='bbox 753 2570 834 2608; x_wconf 71' lang='lat' dir='ltr'>lapi·</span> <span class='ocrx_word' id='word_1_406' title='bbox 921 2572 961 2604; x_wconf 79' lang='grc'>89</span> <span class='ocrx_word' id='word_1_407' title='bbox 991 2569 1032 2600; x_wconf 74' lang='lat' dir='ltr'>Ue</span> <span class='ocrx_word' id='word_1_408' title='bbox 1062 2579 1162 2609; x_wconf 80' lang='lat' dir='ltr'>neque</span> <span class='ocrx_word' id='word_1_409' title='bbox 1194 2574 1226 2600; x_wconf 78' lang='lat' dir='ltr'>in</span> <span class='ocrx_word' id='word_1_410' title='bbox 1256 2573 1308 2600; x_wconf 80' lang='lat' dir='ltr'>Izos</span> <span class='ocrx_word' id='word_1_411' title='bbox 1338 2591 1409 2601; x_wconf 85' lang='grc'><strong>....</strong></span> <span class='ocrx_word' id='word_1_412' title='bbox 1449 2573 1577 2610; x_wconf 76' lang='lat' dir='ltr'>mitior]</span> 
     </span>
     <span class='ocr_line' id='line_1_44' title="bbox 135 2610 1579 2652; baseline 0.001 -9"><span class='ocrx_word' id='word_1_413' title='bbox 135 2610 208 2643; x_wconf 62' lang='lat' dir='ltr'>deria</span> <span class='ocrx_word' id='word_1_414' title='bbox 224 2611 360 2643; x_wconf 75' lang='lat' dir='ltr'>Salaria</span> <span class='ocrx_word' id='word_1_415' title='bbox 379 2614 432 2642; x_wconf 75' lang='lat' dir='ltr'>viu</span> <span class='ocrx_word' id='word_1_416' title='bbox 455 2633 484 2642; x_wconf 79' lang='grc'>..</span> <span class='ocrx_word' id='word_1_417' title='bbox 499 2634 527 2642; x_wconf 86' lang='grc'>..</span> <span class='ocrx_word' id='word_1_418' title='bbox 554 2617 664 2643; x_wconf 75' lang='lat' dir='ltr'>castra</span> <span class='ocrx_word' id='word_1_419' title='bbox 687 2613 834 2643; x_wconf 75' lang='lat' dir='ltr'>habuere.</span> <span class='ocrx_word' id='word_1_420' title='bbox 878 2612 1093 2652; x_wconf 78' lang='lat' dir='ltr'>Suspieamm·</span> <span class='ocrx_word' id='word_1_421' title='bbox 1115 2613 1168 2642; x_wconf 84' lang='lat' dir='ltr'>hie</span> <span class='ocrx_word' id='word_1_422' title='bbox 1191 2613 1316 2652; x_wconf 85' lang='lat' dir='ltr'>aliquid</span> <span class='ocrx_word' id='word_1_423' title='bbox 1337 2614 1450 2644; x_wconf 77' lang='lat' dir='ltr'>mendi</span> <span class='ocrx_word' id='word_1_424' title='bbox 1465 2615 1579 2646; x_wconf 79' lang='lat' dir='ltr'>subes-</span> 
     </span>
     <span class='ocr_line' id='line_1_45' title="bbox 136 2654 1576 2696; baseline 0.001 -9"><span class='ocrx_word' id='word_1_425' title='bbox 136 2654 286 2687; x_wconf 75' lang='lat' dir='ltr'>Firmant</span> <span class='ocrx_word' id='word_1_426' title='bbox 307 2655 394 2685; x_wconf 86' lang='lat' dir='ltr'>hanc</span> <span class='ocrx_word' id='word_1_427' title='bbox 416 2655 683 2687; x_wconf 74' lang='lat' dir='ltr'>emendationem</span> <span class='ocrx_word' id='word_1_428' title='bbox 707 2656 772 2686; x_wconf 90' lang='lat' dir='ltr'>duo</span> <span class='ocrx_word' id='word_1_429' title='bbox 795 2665 834 2685; x_wconf 81' lang='lat' dir='ltr'>ex</span> <span class='ocrx_word' id='word_1_430' title='bbox 879 2665 924 2685; x_wconf 84' lang='lat' dir='ltr'>se.</span> <span class='ocrx_word' id='word_1_431' title='bbox 969 2656 1091 2685; x_wconf 84' lang='lat' dir='ltr'>Sensus</span> <span class='ocrx_word' id='word_1_432' title='bbox 1117 2660 1230 2696; x_wconf 79' lang='lat' dir='ltr'>patet:</span> <span class='ocrx_word' id='word_1_433' title='bbox 1255 2658 1366 2687; x_wconf 86' lang='lat' dir='ltr'>ita-ut</span> <span class='ocrx_word' id='word_1_434' title='bbox 1391 2667 1432 2688; x_wconf 87' lang='lat' dir='ltr'>ne</span> <span class='ocrx_word' id='word_1_435' title='bbox 1459 2658 1494 2688; x_wconf 89' lang='lat' dir='ltr'>in</span> <span class='ocrx_word' id='word_1_436' title='bbox 1517 2658 1576 2688; x_wconf 84' lang='lat' dir='ltr'>hos</span> 
     </span>
     <span class='ocr_line' id='line_1_46' title="bbox 137 2696 1577 2739; baseline 0.003 -13"><span class='ocrx_word' id='word_1_437' title='bbox 137 2698 232 2727; x_wconf 83' lang='lat' dir='ltr'>codd.</span> <span class='ocrx_word' id='word_1_438' title='bbox 259 2699 411 2736; x_wconf 83' lang='lat' dir='ltr'>Hearnii,</span> <span class='ocrx_word' id='word_1_439' title='bbox 433 2704 468 2729; x_wconf 91' lang='lat' dir='ltr'>et</span> <span class='ocrx_word' id='word_1_440' title='bbox 489 2709 577 2729; x_wconf 84' lang='lat' dir='ltr'>unus</span> <span class='ocrx_word' id='word_1_441' title='bbox 601 2709 618 2729; x_wconf 93' lang='lat' dir='ltr'>e</span> <span class='ocrx_word' id='word_1_442' title='bbox 642 2700 775 2737; x_wconf 83' lang='lat' dir='ltr'>uostris,</span> <span class='ocrx_word' id='word_1_443' title='bbox 798 2703 833 2728; x_wconf 77' lang='lat' dir='ltr'>et</span> <span class='ocrx_word' id='word_1_444' title='bbox 876 2696 1008 2737; x_wconf 78' lang='lat' dir='ltr'>quidem</span> <span class='ocrx_word' id='word_1_445' title='bbox 1033 2708 1123 2728; x_wconf 85' lang='lat' dir='ltr'>meos</span> <span class='ocrx_word' id='word_1_446' title='bbox 1145 2704 1180 2729; x_wconf 87' lang='lat' dir='ltr'>et</span> <span class='ocrx_word' id='word_1_447' title='bbox 1202 2701 1318 2739; x_wconf 80' lang='lat' dir='ltr'>patriae</span> <span class='ocrx_word' id='word_1_448' title='bbox 1342 2710 1424 2731; x_wconf 83' lang='lat' dir='ltr'>meae</span> <span class='ocrx_word' id='word_1_449' title='bbox 1455 2701 1577 2731; x_wconf 83' lang='lat' dir='ltr'>milites</span> 
     </span>
     <span class='ocr_line' id='line_1_47' title="bbox 137 2741 1576 2781; baseline 0.002 -10"><span class='ocrx_word' id='word_1_450' title='bbox 137 2741 339 2781; x_wconf 80' lang='lat' dir='ltr'>Campanus.</span> <span class='ocrx_word' id='word_1_451' title='bbox 877 2741 991 2771; x_wconf 82' lang='lat' dir='ltr'>mitior</span> <span class='ocrx_word' id='word_1_452' title='bbox 1005 2741 1136 2772; x_wconf 84' lang='lat' dir='ltr'>futurus</span> <span class='ocrx_word' id='word_1_453' title='bbox 1152 2743 1228 2780; x_wconf 85' lang='lat' dir='ltr'>sim,</span> <span class='ocrx_word' id='word_1_454' title='bbox 1244 2743 1296 2773; x_wconf 88' lang='lat' dir='ltr'>vel</span> <span class='ocrx_word' id='word_1_455' title='bbox 1320 2743 1434 2774; x_wconf 79' lang='lat' dir='ltr'>futura</span> <span class='ocrx_word' id='word_1_456' title='bbox 1447 2745 1488 2774; x_wconf 81' lang='lat' dir='ltr'>sit</span> <span class='ocrx_word' id='word_1_457' title='bbox 1505 2744 1576 2774; x_wconf 83' lang='lat' dir='ltr'>haee</span> 
     </span>
    </p>

    <p class='ocr_par' dir='ltr' id='par_1_5' title="bbox 136 2784 1577 2868">
     <span class='ocr_line' id='line_1_48' title="bbox 180 2784 1577 2826; baseline 0.003 -12"><span class='ocrx_word' id='word_1_458' title='bbox 180 2787 220 2814; x_wconf 69' lang='lat' dir='ltr'>8ss</span> <span class='ocrx_word' id='word_1_459' title='bbox 249 2784 310 2814; x_wconf 77' lang='lat' dir='ltr'>Ubi</span> <span class='ocrx_word' id='word_1_460' title='bbox 325 2786 473 2823; x_wconf 81' lang='lat' dir='ltr'>primum</span> <span class='ocrx_word' id='word_1_461' title='bbox 492 2806 500 2814; x_wconf 94' lang='lat'><strong><em>.</em></strong></span> <span class='ocrx_word' id='word_1_462' title='bbox 511 2806 519 2814; x_wconf 91' lang='lat'><strong><em>.</em></strong></span> <span class='ocrx_word' id='word_1_463' title='bbox 534 2806 541 2814; x_wconf 90' lang='lat'>.</span> <span class='ocrx_word' id='word_1_464' title='bbox 556 2789 688 2815; x_wconf 78' lang='lat' dir='ltr'>ventum</span> <span class='ocrx_word' id='word_1_465' title='bbox 704 2789 762 2821; x_wconf 82' lang='lat' dir='ltr'>est,</span> <span class='ocrx_word' id='word_1_466' title='bbox 779 2794 835 2816; x_wconf 84' lang='lat' dir='ltr'>ar·</span> <span class='ocrx_word' id='word_1_467' title='bbox 878 2784 1044 2818; x_wconf 79' lang='lat' dir='ltr'>dictatura</span> <span class='ocrx_word' id='word_1_468' title='bbox 1057 2795 1157 2826; x_wconf 88' lang='lat' dir='ltr'>quam</span> <span class='ocrx_word' id='word_1_469' title='bbox 1172 2795 1264 2826; x_wconf 79' lang='lat' dir='ltr'>gero,</span> <span class='ocrx_word' id='word_1_470' title='bbox 1281 2796 1380 2826; x_wconf 83' lang='lat' dir='ltr'>quam</span> <span class='ocrx_word' id='word_1_471' title='bbox 1404 2787 1438 2818; x_wconf 85' lang='lat' dir='ltr'>in</span> <span class='ocrx_word' id='word_1_472' title='bbox 1452 2797 1508 2818; x_wconf 84' lang='lat' dir='ltr'>vos</span> <span class='ocrx_word' id='word_1_473' title='bbox 1525 2810 1535 2817; x_wconf 89' lang='lat'>.</span> <span class='ocrx_word' id='word_1_474' title='bbox 1547 2807 1554 2816; x_wconf 88' lang='lat'>-</span> <span class='ocrx_word' id='word_1_475' title='bbox 1569 2808 1577 2817; x_wconf 83' lang='lat'><em>.</em></span> 
     </span>
     <span class='ocr_line' id='line_1_49' title="bbox 136 2826 1001 2868; baseline 0.002 -11"><span class='ocrx_word' id='word_1_476' title='bbox 136 2826 206 2868; x_wconf 81' lang='lat' dir='ltr'>ma]</span> <span class='ocrx_word' id='word_1_477' title='bbox 234 2827 426 2867; x_wconf 84' lang='lat' dir='ltr'>Legendum</span> <span class='ocrx_word' id='word_1_478' title='bbox 450 2829 593 2867; x_wconf 83' lang='lat' dir='ltr'>videtur,</span> <span class='ocrx_word' id='word_1_479' title='bbox 623 2831 779 2859; x_wconf 85' lang='lat' dir='ltr'>mouente</span> <span class='ocrx_word' id='word_1_480' title='bbox 802 2827 835 2860; x_wconf 79' lang='lat' dir='ltr'>J.</span> <span class='ocrx_word' id='word_1_481' title='bbox 879 2827 1001 2861; x_wconf 71' lang='lat' dir='ltr'>hostes.</span> 
     </span>
    </p>
   </div>
  </div>
 </body>
</html>
