1925 3239
747 130 854 172 v111.
900 133 1032 172 CAP.
1059 133 1146 174 XV.

584 132 648 172 LI
662 130 709 173 B.
1479 140 1557 180 467

127 235 275 278 fraude
308 236 350 277 in
381 249 539 291 paucos
568 244 762 277 auctores
792 247 974 276 versum.
1034 233 1085 276 In
1119 235 1372 288 Veliternos,
1392 246 1555 281 veteres
1569 251 1609 283 U.
1627 251 1756 287 0417.

123 293 241 334 cives
265 293 501 343 Romanos,
523 293 635 347 quod
668 292 794 333 toties
818 291 1148 347 rebellassenbt,
1123 293 1307 333 oraviter
1327 296 1553 339 saevitum:
1541 296 1606 327 A.
1625 296 1663 327 C·
1681 299 1753 328 335·

123 359 169 390 et
203 351 310 390 muri
341 347 516 404 dejecti,
545 359 588 390 et
623 357 790 389 senatus
827 348 926 388 inde
959 348 1184 399 abductus,
1209 349 1405 404 jussique
1439 361 1554 394 trans

126 404 316 446 Tiberim
339 406 560 447 habitan-:e
593 414 638 446 ut
664 405 772 460 ejus,
794 405 866 458 qui
888 405 948 445 cis
971 403 1160 446 Tiberim
1182 406 1468 461 deprehensus
1490 423 1556 449 es-

121 473 202 513 set,
220 477 350 518 usque
365 463 417 503 ad
439 462 554 502 mille
569 461 981 516 pond0⁰fflcla1igatio
1004 471 1138 512 essct3
1178 477 1254 503 nec
1274 463 1403 518 prius,
1425 479 1554 519 quam

123 532 210 559 aere
239 519 501 573 persoluto,'
492 533 542 568 is,
562 519 633 572 qui
658 518 854 574 cepisset,
876 528 998 559 extra
1028 518 1197 559 vincula
1228 530 1401 574 captum
1424 520 1555 562 habe-

124 584 203 615 ret
264 575 314 616 In
344 589 492 630 agium
526 583 766 615 senatorum
798 575 938 615 coloni
962 575 1103 616 missi:
1138 575 1292 630 quibus
1314 577 1553 632 adscriptis,

124 632 309 694 speciem
340 632 528 685 antiquae
559 630 810 695 frequentiae
845 631 1017 672 Velitrae
1054 641 1317 686 1·.eceperunt
1379 632 1434 674 Et
1463 634 1554 675 An·

123 689 230 727 tium
253 702 364 728 nova
383 687 553 728 colonia
583 690 710 728 missa
741 702 838 728 eum
860 702 926 739 eo,
949 697 996 728 ut
1017 687 1264 729 Antiatibus
1289 690 1553 744 permittere-

124 753 205 794 tur,
241 745 272 784 si
311 753 353 784 et
386 745 466 800 ipsi
503 744 686 785 adscribi
724 744 863 785 coloni
902 745 1069 785 vellent.
1114 758 1241 785 naves
1277 745 1374 786 inde
1409 746 1551 810 longae

121 801 301 850 abactae,
325 801 682 855 interdictumque
715 802 819 842 mari
854 801 1018 841 Antiati
1050 801 1210 856 populo
1236 812 1314 853 est,
1336 813 1378 842 et
1400 803 1550 845 civitas

117 857 232 898 data.
291 856 489 898 Tiburtes
527 857 865 913 Praenestinique
894 872 998 914 agro
1030 858 1212 909 multati,
1235 872 1371 914 neque
1397 859 1454 900 ob
1486 875 1549 901 re-

117 928 218 955 cens
237 924 401 955 tantum
421 914 677 965 rebellionis,
691 929 918 956 commune
934 929 1031 956 cum
1054 914 1145 954 aliis
1170 915 1346 965 Latinis,
1360 917 1521 957 crimen
1536 933 1553 968 ς’

118 971 188 1011 sed
212 971 341 1025 quod,
362 971 491 1012 taedio
515 971 680 1025 imperii
708 971 906 1022 Romani,
925 986 1024 1012 cum
1044 971 1193 1021 Gallis,
1213 981 1341 1027 gente
1360 971 1551 1024 efferata,

118 1041 236 1068 arma
286 1028 500 1082 quondam
552 1029 883 1069 consociassent.
963 1027 1128 1068 Ceteris
1182 1028 1342 1068 Latinis
1381 1030 1550 1084 populis

115 1084 366 1125 sconnubia
399 1086 739 1149 commerciaque
767 1094 810 1126 et
846 1084 1029 1125 concilia
1063 1086 1172 1125 inter
1190 1099 1248 1161 hse
1286 1085 1549 1126 ademerunt.

115 1139 398 1196 *Campaniffl
435 1142 627 1195 equitum
672 1142 844 1182 honoris
882 1156 1043 1191 caussa,
1080 1140 1206 1195 quinh
1244 1156 1342 1181 cum
1388 1142 1550 1183 Latinis

117 1197 319 1238 rebellare
351 1197 600 1248 noluissent,
640 1198 940 1252 Fundanisque
976 1209 1018 1238 et
1056 1198 1306 1250 Formianis,
1328 1199 1440 1252 quod
1475 1213 1551 1263 per

117 1253 222 1293 fines
255 1268 399 1294 eorum
435 1264 527 1295 tuta
551 1264 791 1310 pacataque
806 1269 969 1310 semper
1000 1255 1148 1294 fuisset
1181 1255 1261 1303 via,
1285 1255 1436 1295 civitas
1459 1258 1550 1296 sine

116 1309 322 1366 suffragio
363 1311 477 1351 data.
554 1311 772 1352 Cumanos
815 1312 1172 1365 Suessulanosque
1212 1311 1402 1365 ejusdem
1437 1312 1548 1366 juris

116 1367 476 1422 conditionisque,
497 1368 620 1423 cujus
653 1368 862 1423 Capuam,
883 1382 973 1409 esse
996 1368 1167 1423 placuit.
1230 1368 1373 1408 Naves
1395 1367 1548 1409 Antia-

114 1424 224 1464 tium
247 1425 402 1480 partim
439 1425 482 1464 in
517 1439 601 1465 nav
607 1424 688 1465 ali-1
721 1425 872 1466 Romae
904 1426 1140 1474 subductae,
1162 1425 1316 1478 partim
1347 1425 1547 1475 incensae,

114 1481 346 1536 rostrisque
378 1495 524 1522 earum
557 1482 887 1536 subgestum,1n
923 1481 1016 1521 f·o·o
1047 1491 1328 1531 exstructum,
1349 1482 1763 1524 adornariRnstraunde

115 1537 298 1592 placuit.
335 1537 606 1593 Rostraque-‘¹
620 1539 662 1579 id
684 1539 890 1593 templum
912 1537 1184 1593 adpellatum.
1558 1533 1650 1565 dueta.

170 1593 275 1636 XV.
310 1593 362 1635 C.
386 1595 579 1650 Sulpicio
603 1595 769 1650 Longo,
786 1595 834 1635 P.
856 1595 969 1636 AElio
991 1595 1112 1635 Paeto
1134 1593 1598 1650 consulibus,quumu.
1615 1606 1652 1637 C.
1667 1609 1744 1641 413.

111 1651 258 1691 omnia
279 1665 364 1691 non
386 1665 488 1706 opes
511 1652 647 1706 magis
670 1652 895 1698 Romanae,
913 1666 1040 1706 quam
1068 1650 1283 1692 beneficiis
1307 1660 1427 1706 parta
1447 1650 1594 1722 gra-A·
1612 1650 1650 1679 C.
1667 1653 1745 1681 334

111 1708 174 1747 tia
195 1707 307 1748 bona
327 1721 432 1762 pace
452 1709 681 1758 obtineret,
696 1709 806 1749 inter
828 1708 1040 1749 Sidicinos
1059 1712 1366 1762 Auruncosque
1384 1694 1580 1750 bellumC
1556 1738 1588 1765 P.
1585 1693 1757 1765 &lfflmm'

112 1772 272 1804 ortum.
324 1764 531 1816 Aurunci,
553 1780 577 1805 a
597 1764 648 1806 T.
664 1765 832 1806 Manlio
854 1765 1051 1806 consule
1043 1779 1085 1805 in
1106 1764 1368 1805 deditionem
1392 1779 1640 1820 accep-(sos

113 1820 162 1870 ti,
185 1820 293 1861 nihil
323 1821 475 1862 deinde
507 1830 752 1863 moverant:
792 1836 843 1862 eo
874 1822 1045 1877 petendi
1077 1821 1224 1862 auxilii
1256 1822 1310 1861 ab
1333 1821 1542 1863 Romanis

111 1891 261 1918 caussa
293 1877 453 1932 justior
494 1877 591 1920 fuit.
650 1879 732 1919 Sed
775 1879 906 1934 priuS,
941 1893 1067 1933 quam
1109 1877 1304 1919 consules
1345 1878 1400 1918 ab
1441 1880 1546 1919 urbe

108 1933 310 1989 (jusserat
330 1935 444 1976 enim
467 1946 637 1977 senatus
658 1935 829 1977 defendi
860 1935 1104 1985 Auruncos)
1133 1936 1369 1975 exereitum
1391 1934 1545 1977 educe·

674 2035 690 2056 δ
712 2038 767 2077 qui
781 2038 877 2067 Grou.
893 2037 982 2066 Crev.

848 2113 990 2153 populis,
1007 2112 1094 2143 infra
1109 2111 1129 2142 Ι.
1149 2112 1207 2143 ΙΧ.
1219 2122 1249 2144 c.
1263 2116 1318 2145 43.
1336 2118 1370 2144 et
1386 2115 1541 2149 Macedo-

151 2119 172 2149 2
199 2114 392 2155 Clarigatio]
436 2115 616 2154 clarigatib
640 2113 704 2144 hoc
731 2113 804 2143 loco

847 2157 958 2192 nibus,
976 2157 995 2186 l.
1014 2155 1114 2186 XLV.
1132 2167 1159 2186 c.
1175 2159 1228 2191 ἐξ).

107 2167 163 2192 est
181 2161 238 2199 jus
261 2160 405 2190 hominis
431 2158 672 2200 prehendendi,
695 2158 743 2187 ita
766 2162 805 2187 ut

111 2213 230 2244 eorpus
245 2202 316 2242 ejus
339 2203 432 2241 quasi
455 2202 586 2251 pignori
603 2205 803 2240 opponatur,

112 2247 192 2277 dum
209 2251 333 2276 certam
350 2245 499 2285 pecuniae
517 2254 683 2275 summam
699 2243 805 2273 exsol-

110 2291 207 2320 verit.
228 2289 303 2320 vid.
316 2287 412 2329 plura
427 2288 467 2318 de
482 2287 544 2317 hac
560 2296 637 2316 voce
654 2287 689 2317 in
706 2286 802 2317 Lexi-

111 2343 150 2363 co
165 2331 290 2364 Matth.
310 2331 472 2368 Martinii.
514 2324 718 2361 Decreverat
740 2331 802 2369 igi-

110 2381 168 2407 tur
197 2380 346 2412 senatus,
373 2380 411 2405 ut
438 2373 648 2404 Veliternum
681 2374 800 2410 civem,

110 2420 166 2459 qui
182 2420 228 2449 eis
246 2418 394 2449 Tiberim
418 2422 567 2456 repertus
591 2421 690 2453 esset,
706 2416 800 2445 cuili-

109 2463 167 2493 bet
182 2463 298 2493 liceret
313 2460 528 2502 prehendere,
545 2467 580 2489 et
603 2460 636 2489 in
661 2438 801 2489 vinculis

109 2506 279 2543 retinere3
318 2505 422 2534 donec
461 2502 552 2533 mille
581 2502 704 2542 pondo,
734 2503 802 2531 sive

109 2547 202 2579 mille
217 2548 317 2579 libras
333 2548 498 2578 Romanas
510 2545 596 2583 aeris,
611 2545 701 2574 mille
714 2554 801 2574 asses

110 2592 270 2622 solvisset.
315 2589 408 2621 Mille
424 2594 536 2620 autem
553 2597 640 2618 asses
657 2588 801 2618 aestima-

111 2637 187 2665 mu's
209 2643 278 2665 una
302 2634 386 2664 libra
409 2633 538 2671 argenti
561 2632 723 2668 Romana,
739 2640 802 2660 un-

109 2678 168 2708 ciis
181 2677 418 2708 parisiensibus
428 2674 602 2706 duodecim
616 2684 692 2704 cum
705 2674 803 2704 dimi-

112 2720 178 2751 dia.

151 2767 171 2795 3
199 2762 371 2800 Gmnubia,
393 2762 653 2800 commerciaque,
676 2764 706 2790 et
728 2769 799 2790 con·

107 2807 184 2836 eilia
199 2807 284 2836 inter
297 2816 328 2835 se
343 2805 550 2842 ademerunt]
575 2802 801 2843 Quemadmo-

109 2850 188 2880 dum
216 2854 331 2889 postea
358 2848 554 2888 quibusdam
580 2847 800 2878 Hernicorum

889 2203 910 2230 4
930 2200 1115 2238 Campanis,
1128 2201 1271 2240 equitum
1289 2202 1413 2232 honoris
1426 2213 1539 2242 causa,

846 2242 916 2283 qui]
946 2243 1025 2273 Haee
1041 2250 1089 2274 est
1107 2245 1270 2282 scriptura
1285 2244 1424 2275 duorum
1442 2247 1537 2278 codd.

846 2296 864 2317 a
874 2286 946 2316 Jac.
959 2285 1123 2316 Gronovio
1136 2287 1374 2326 inspectorum,
1387 2293 1421 2318 et
1433 2290 1537 2321 trium

845 2339 863 2359 e
887 2330 1007 2359 nostris
1031 2330 1348 2368 antiquissimorum,
1365 2332 1427 2361 nisi
1448 2333 1537 2372 quod

844 2382 903 2412 pro
919 2375 974 2412 qui
997 2373 1143 2402 retinent
1160 2382 1274 2402 omnes
1291 2372 1325 2402 «rb
1339 2376 1429 2413 quia,
1447 2375 1552 2414 quod*

845 2415 969 2446 habent
991 2415 1090 2454 vulgo
1113 2415 1192 2445 editi
1211 2415 1295 2445 libri.
1343 2417 1446 2448 Iidem
1464 2419 1535 2449 vul*

846 2459 913 2498 gati
931 2458 1003 2488 libri
1027 2458 1208 2497 praeferunt
1229 2459 1402 2498 Campanis
1422 2463 1536 2500 equitia

845 2502 920 2532 bus.-
943 2501 1030 2540 quod
1047 2502 1198 2531 vitiosum
1217 2511 1287 2531 esse
1303 2504 1533 2541 rectejudica-

843 2545 892 2575 vit
912 2544 984 2576 Jac.
1001 2544 1197 2581 Gronovius,
1215 2545 1292 2583 quia
1313 2555 1414 2584 supra
1436 2557 1463 2576 c
1486 2551 1536 2579 Η,

844 2588 884 2617 iis
911 2587 1022 2617 datam
1051 2597 1122 2617 esse
1150 2587 1318 2617 civitatem
1348 2589 1535 2621 Romanam

838 2631 909 2669 jam
927 2631 1052 2660 dictum
1068 2635 1128 2660 est.
1172 2631 1236 2660 Hie
1259 2630 1359 2660 datur
1381 2633 1533 2663 omnibus

847 2668 1024 2713 Campanis
1058 2674 1091 2703 in
1130 2675 1271 2712 gratiam
1306 2680 1342 2703 et
1375 2675 1534 2706 honorem

845 2717 1008 2755 equitum.

887 2763 905 2789 5
931 2759 972 2789 Id
985 2758 1153 2798 templum]
1182 2758 1266 2788 Vide
1283 2763 1353 2789 not.
1372 2763 1419 2794 19.
1438 2760 1477 2792 ad
1490 2759 1534 2797 H.

822 2801 896 2834 *56.
910 2806 944 2831 et
959 2807 1030 2831 not.
1046 2805 1096 2835 74.
1113 2804 1155 2833 ad
1171 2801 1227 2831 111.
1249 2804 1298 2835 17.

883 2885 1013 2929 aba
