1925 3239
357 110 434 146 594
941 106 1085 144 TITI
1120 105 1293 144 LlVlI

150 210 340 243 U.C·458·
369 203 495 247 simul
531 213 763 261 conspecta
797 214 897 246 sunt
931 205 1130 247 Romana
1166 206 1304 262 signa,
1346 204 1565 261 extemplo
1602 220 1627 246 a
1669 205 1806 261 primo

155 255 196 287 Α·
212 254 250 285 C·
266 254 342 288 994.
371 261 630 304 Samnitium
651 262 823 319 agmine
844 262 895 304 ad
920 264 1197 304 novissimum
1229 263 1424 304 fremitus
1457 261 1679 318 perfertur,
1701 261 1808 302 Exi.-

370 334 429 370 re,
449 318 496 360 id
513 318 620 375 quod
640 319 863 370 timuerint,
884 319 939 360 ad
957 319 1236 375 inpediendum
1259 320 1338 360 iter
1360 318 1577 360 Romanos.
1640 317 1811 358 Nullam

371 374 466 417 inde
486 390 532 416 ne
537 373 660 431 suga:
681 374 840 431 quidem
858 383 998 430 patere
1018 377 1141 418 viam.
1164 376 1233 417 illo
1256 376 1340 421 loco
1371 383 1442 417 aut
1471 373 1691 416 cadendum
1720 388 1811 425 esse,

371 439 461 483 aut,
480 432 620 473 stratis
640 431 830 483 hostibus,
844 447 919 487 per
932 447 1098 488 corpora
1121 447 1253 475 eorum
1272 431 1532 474 evadendum.

435 488 670 530 XXXVI.
698 495 730 515 ⁴⁰
748 488 798 529 In
832 489 973 531 medio
1006 490 1190 531 sarcinas
1222 490 1488 545 conjiciunt3
1530 487 1680 528 armati
1723 486 1809 527 suis

376 547 557 602 quisque
577 545 799 586 ordinibus
822 545 1036 587 instruunt
1056 547 1204 588 aciem.
1234 547 1333 589 Jam
1354 547 1560 602 exiguum
1582 544 1690 585 iuter
1709 543 1814 584 duas

379 603 492 644 acies
514 610 605 643 erat
635 601 835 657 spatium,
858 613 901 642 et
931 604 1102 644 stabant
1131 612 1444 659 exspectante5‚
1464 603 1566 644 dum
1597 601 1651 641 ab
1681 600 1818 641 hosti-

379 660 460 702 bus
482 659 598 714 prius
620 659 804 713 inpetus,
820 659 933 713 prius
955 659 1115 701 clamor
1137 660 1359 715 inciperet.
1384 659 1542 700 neutris
1565 658 1730 698 animus
1752 666 1818 697 est

381 717 435 757 ad
456 716 751 771 pugnandum.
811 715 1068 771 Diversique
1093 718 1247 772 integri
1272 727 1400 772 atque
1431 715 1581 757 intacti
1612 714 1817 763 abissent,

382 774 425 814 ni
457 772 626 814 cedenti
657 772 911 813 instaturum
933 772 1112 814 alterum
1145 775 1399 815 timuissent.
1422 787 1497 814 sua
1527 780 1680 826 sponte
1709 772 1820 811 inter

382 829 542 870 invitos
565 829 976 885 tergiversantesque
997 831 1138 886 segnis
1162 845 1319 885 pugna,
1341 830 1526 871 clamore
1561 829 1722 869 incerto
1755 836 1819 867 at-

386 901 470 942 que
493 886 645 941 inpari,
667 887 828 942 coepit:
861 901 939 927 nec
964 888 1144 943 vestigio
1165 889 1390 942 quisquam
1412 886 1678 927 movebatur.
1708 882 1821 924 Tum

383 943 534 985 consul
559 943 793 994 Romanus,
817 954 862 984 ut
897 958 982 985 rem
1003 946 1225 994 excitaret,
1245 944 1438 998 equitum
1474 957 1629 999 paucas
1661 950 1821 981 turmas

385 1010 508 1042 extra
528 1000 719 1040 ordinem
755 1000 939 1041 inmisit:
971 1015 1152 1055 quorum
1185 1015 1316 1056 quum
1350 1000 1541 1056 plerique
1573 997 1733 1052 delapsi
1767 1011 1822 1038 ex

386 1057 507 1112 equis
528 1068 683 1107 essent,
708 1066 751 1097 et
772 1057 841 1098 alii
867 1057 1050 1109 turbati3
1074 1068 1116 1098 et
1138 1059 1192 1103 ab
1215 1058 1472 1098 Samnitium
1494 1057 1585 1098 acie
1604 1056 1654 1096 ad
1678 1053 1824 1110 obpri-

386 1114 566 1154 mendos
587 1128 674 1163 eos,
696 1114 768 1168 qui
791 1114 1047 1164 ceciderant,
1067 1125 1111 1156 et
1132 1115 1181 1156 ad
1207 1129 1303 1155 suos
1327 1114 1506 1155 tuendos
1528 1113 1582 1154 ab
1615 1110 1822 1152 Romanis

388 1185 637 1226 procursum
662 1181 739 1211 est.
801 1170 908 1212 Inde
930 1171 1164 1225 paullulum
1188 1172 1352 1212 irritata
1372 1185 1518 1226 pugna
1546 1178 1624 1218 est,
1646 1168 1718 1209 sed
1749 1167 1826 1209 ali-

389 1237 551 1282 quanto
574 1237 618 1268 et
645 1228 812 1283 inpigre
845 1229 995 1284 magiS,
1016 1239 1058 1270 et
1091 1228 1228 1285 plures
1259 1236 1556 1284 procurrerant
1588 1224 1826 1267 Samnites:

389 1295 433 1325 et
455 1285 645 1325 turbatus
665 1298 795 1338 eques
817 1299 891 1325 sua
915 1287 1003 1340 ipse
1024 1286 1214 1326 subsidia
1236 1286 1392 1327 territis
1413 1285 1532 1340 equis
1547 1281 1824 1339 proculcavit.

390 1342 492 1382 hinc
514 1342 617 1397 fuga
637 1351 786 1396 coepta
807 1350 939 1382 totam
972 1343 1125 1383 avertit
1154 1343 1290 1384 aciem
1328 1342 1584 1383 Romanam.
1642 1338 1828 1392 Jamque

390 1399 433 1439 in
457 1408 577 1454 terga
599 1398 857 1453 fugientium
879 1400 1091 1440 Samnites
1109 1401 1519 1456 pugnabant‚⁴quum
1540 1395 1827 1450 consul,equ0

392 1464 630 1511 praevectus
653 1455 706 1496 ad
728 1466 896 1510 portam
918 1467 1169 1508 castrorum,
1182 1472 1232 1498 ac
1250 1457 1432 1497 statione
1454 1455 1644 1511 equitum
1669 1453 1729 1494 ibi
1751 1452 1829 1492 ob,-

391 1512 547 1568 posita,
577 1512 821 1567 edictoque,
851 1516 955 1563 ssat,
977 1514 1214 1570 quicumque
1245 1513 1299 1554 ad
1332 1512 1485 1554 vallum
1517 1507 1731 1560 tendereth,
1750 1508 1832 1549 sive

391 1568 462 1610 ille
475 1567 700 1619 Romanus,
713 1570 796 1610 sive
811 1568 974 1611 Samnis
993 1577 1105 1622 esset,
1119 1586 1194 1625 pro
1216 1570 1323 1611 hoste
1342 1569 1558 1616 haba-enm
1579 1570 1611 1590 ⁴³²
1626 1566 1720 1608 haec
1737 1565 1829 1665 ἱὸεει

393 1626 611 1676 minitans,
633 1626 801 1666 obstitit
828 1626 1003 1681 profuse
1034 1628 1308 1668 tendentibus
1337 1627 1422 1668 suis
1453 1627 1496 1667 in
1525 1632 1677 1666 castra.
1782 1636 1829 1662 uo

386 1683 540 1739 pergis,
563 1682 716 1737 inquit,
739 1681 883 1724 miles?
911 1691 948 1724 et
979 1684 1043 1725 hic
1073 1699 1187 1725 arma
1217 1693 1254 1726 ec
1282 1684 1395 1725 viros
1424 1682 1616 1725 invenies.
1637 1694 1720 1730 nec,
1740 1679 1831 1720 vivo

395 1739 550 1780 consule
571 1747 655 1790 tuo,
676 1739 755 1779 nisi
773 1739 901 1780 victor
917 1748 1054 1782 castra
1075 1741 1265 1782 intrabis.
1296 1739 1480 1782 Proinde
1498 1738 1615 1794 elige,
1625 1751 1713 1778 cum
1733 1736 1832 1785 cive,

394 1811 448 1837 an
469 1795 590 1846 hoste,
606 1810 793 1852 pugnare
813 1796 950 1838 malis.
988 1797 1099 1839 Haec
1121 1798 1291 1840 dicente
1311 1797 1499 1846 consule,
1519 1795 1682 1850 equites
1703 1792 1834 1834 infes-

395 1854 449 1893 tis
472 1853 721 1908 cuspidibus
743 1854 1160 1906 circumfunduntur,
1182 1870 1231 1896 ac
1255 1855 1437 1910 peditem
1465 1852 1504 1893 in
1531 1865 1718 1908 pugnam
1742 1848 1835 1890 red-

395 1911 455 1950 ire
480 1910 652 1965 jubent.
713 1910 813 1951 Non
847 1911 978 1959 virtus
1000 1911 1135 1953 solum
1158 1911 1391 1961 consulem,
1411 1910 1481 1951 sed
1502 1909 1588 1950 fors
1609 1907 1738 1949 etiam
1762 1905 1836 1947 ad-

390 1967 533 2022 juvit3
564 1966 677 2021 quod
702 1981 786 2007 non
811 1967 1055 2010 institerunt
1078 1968 1305 2019 Samnites,
1327 1968 1598 2023 spatiumque
1624 1965 1835 2014 circuma-

398 2023 527 2079 gendi
569 2024 706 2080 signa,
739 2025 1014 2081 vertendique
1050 2026 1186 2067 aciem
1228 2041 1252 2066 a
1282 2025 1431 2068 castris
1463 2024 1506 2064 in
1540 2024 1703 2064 hostem
1737 2020 1833 2061 fuit.

396 2080 507 2123 Tum
528 2080 600 2120 alii
632 2080 736 2121 alios
770 2080 945 2133 hortari,
969 2093 1014 2123 ut
1045 2092 1284 2137 repeterent
1317 2095 1531 2138 pugnam:
1563 2077 1834 2121 centuriones

398 2139 453 2178 ab
474 2137 689 2192 signiferis
712 2148 831 2193 rapta
861 2140 984 2194 signa
1016 2139 1193 2181 inferre:
1225 2149 1268 2180 et
1300 2138 1521 2179 ostendere
1553 2136 1652 2186 suis,
1676 2148 1835 2191 paucos

399 2205 443 2235 et
473 2193 693 2234 ordinibus
727 2195 1023 2251 incompositis
1052 2196 1186 2237 effuse
1208 2196 1351 2237 venire
1381 2196 1538 2236 hostes.
1600 2192 1718 2234 Inter
1742 2190 1836 2232 haec

398 2249 562 2301 consul,
587 2265 737 2291 manus
756 2251 809 2292 ad
832 2252 989 2293 coelum
1014 2253 1236 2303 adtollens,
1262 2267 1365 2294 voce
1388 2251 1514 2301 clara,
1537 2250 1598 2291 ita
1629 2259 1677 2290 ut
1705 2261 1836 2290 exau-

400 2309 574 2358 diretur,
600 2308 804 2362 templum
834 2309 936 2351 Jovi
971 2310 1128 2350 Statori
1154 2319 1295 2360 vovet,
1317 2311 1349 2350 si
1383 2308 1645 2350 constitisset
1675 2321 1700 2346 a
1731 2304 1837 2360 fuga

403 2364 601 2406 Romana
621 2365 747 2416 acies,
764 2365 1137 2423 redintegratoque
1158 2367 1313 2422 proelio
1335 2365 1557 2408 cecidisset
1583 2363 1836 2417 vicissetque

920 2499 935 2520 ¹¹
957 2507 1097 2541 pergeret
1111 2502 1207 2531 Gron.
1225 2502 1250 2532 C
1254 2510 1315 2530 rev.

445 2601 487 2629 40
530 2600 566 2630 In
597 2600 696 2629 medio
724 2601 872 2630 sarcinas
901 2598 1091 2640 conjiciunt]
1140 2602 1219 2631 bont
1247 2602 1292 2631 nd
1319 2602 1446 2631 vallum
1477 2600 1631 2631 tenderet.
1690 2597 1834 2639 Quidam

404 2642 490 2681 Lege
506 2653 581 2672 cuin
599 2642 669 2672 «lac.
685 2643 867 2672 Gronovio:
894 2645 925 2673 in
942 2645 1094 2674 medium.
1140 2655 1269 2684 quoque
1281 2645 1408 2684 scripti,
1421 2651 1455 2673 et
1469 2650 1548 2673 vett.
1564 2642 1643 2673 editi
1660 2641 1840 2682 praeferunt

445 2689 481 2715 41
517 2686 558 2715 (⁷1
573 2687 764 2726 ‘pair-nmque
779 2687 824 2715 ml
839 2689 960 2717 vallum
980 2698 1058 2727 perg
1066 2699 1096 2717 e·
1147 2690 1333 2725 traheretur,
1352 2697 1416 2717 non
1431 2688 1594 2717 haberem.

404 2733 464 2766 ree,
484 2751 491 2758 .
504 2750 510 2757 .
519 2739 580 2768 pro
597 2732 679 2758 haste
701 2731 868 2769 haherent]
895 2730 993 2760 Haud
1012 2731 1097 2760 mul-
1190 2731 1348 2762 42¹⁶Hoec
1371 2732 1441 2770 ipsa
1457 2730 1629 2768 minitans]
1647 2729 1727 2759 Haec
1751 2728 1834 2767 ipsa,

403 2777 476 2801 tum
495 2773 643 2802 intercus-t.
688 2773 749 2802 §vd
777 2771 924 2812 plerique
952 2774 1045 2809 editi,
1062 2780 1095 2804 et
1141 2784 1212 2814 qua.²
1232 2774 1367 2805 stationi
1392 2774 1542 2812 equitum
1567 2774 1759 2814 imperarat,
1776 2770 1839 2801 mi-

407 2815 533 2845 codices
553 2816 700 2852 lieni-nii,
718 2824 749 2847 et
768 2823 832 2846 tres
849 2828 865 2846 e
884 2818 1016 2856 uostris,
1036 2817 1095 2848 ha·
1141 2819 1252 2849 nitans
1267 2817 1487 2858 fugientibus.
