1914 3239
573 149 699 187 LIB'.
728 149 758 185 1.
803 147 940 184 CAP.
969 148 1082 185 xm.
1148 154 1151 156 “
1500 150 1551 184 21-

106 251 305 300 fiantem,
328 263 428 291 cum
455 245 587 306 globo
611 246 976 289 ferocissimorum
1004 246 1216 299 juvenum
1250 245 1462 287 Romulus
1488 247 1552 289 in-

106 315 254 362 petum
290 306 409 348 facit.
472 306 540 347 Ex
569 319 682 359 equo
706 313 795 344 tum
823 302 934 343 forte
970 302 1137 344 Mettus
1171 303 1421 358 pugnabat:
1453 307 1485 329 ⁹0
1499 320 1550 346 eo

105 362 205 418 pelli
237 363 408 404 facilius
448 362 555 403 fuit:
599 361 770 416 pulsum
806 359 994 400 Romani
1031 369 1361 414 persequuntur.
1393 369 1436 400 et
1469 361 1552 402 alia

108 419 310 460 Romana
330 420 456 469 acies,
478 418 659 459 audacia
680 416 792 472 regis
814 430 1009 465 accensa,
1033 416 1176 457 fundit
1199 416 1398 457 Sabinos.
1432 417 1552 458 Met·

107 485 176 516 tus
209 477 249 517 in
285 476 485 530 paludem
516 488 621 524 sese,
643 473 824 528 strepitu
849 472 1121 526 sequentium
1153 473 1393 526 trepidante
1424 489 1552 529 equo,

105 532 323 587 conjecit:
363 531 738 585 ⁹¹adverteratque
761 543 811 569 ea
833 542 896 569 res
928 529 1059 569 etiam
1083 530 1267 570 Sabinos
1300 530 1407 570 tanti
1440 534 1553 586 peri-

105 589 205 630 culo
239 589 331 630 viri.
394 587 450 628 Et
481 587 552 628 ille
573 587 762 641 quidem,
785 585 1075 626 adnuentibus
1098 601 1148 627 ac
1171 587 1426 627 vocantibus
1449 589 1552 638 suis,

107 645 257 687 favore
283 643 518 685 multorum
542 644 690 684 addito
711 642 871 691 animo,
901 642 1060 683 evadit.
1101 642 1288 683 Romani
1315 644 1552 699 Sabinique

106 702 151 743 in
184 701 325 743 media
346 700 542 741 convalle
563 701 746 741 duorum
772 700 985 739 montium
1009 699 1305 756 redintegrant
1329 701 1552 756 proelium.

108 759 179 800 sed
204 773 265 798 res
291 758 489 798 Romana
510 766 603 798 erat
631 757 839 812 superior.

166 814 306 857 XIII.
339 814 448 855 Tum
475 814 649 855 Sabinae
681 814 895 863 mulieres,
917 826 1096 867 quarum
1120 827 1174 853 ex
1209 812 1368 868 injuria
1390 813 1548 855 bellum
1565 823 1718 853 Matronae

107 881 250 912 ortum
273 881 377 922 erat,
397 871 587 912 crinibus
609 871 743 925 passis
773 869 988 924 scissaque
1011 879 1144 920 veste,
1167 870 1284 910 victo
1307 870 1428 911 malis
1459 886 1552 912 mu·
1564 867 1706 925 praelium
1723 865 1768 896 αἱ·

108 928 231 969 liebri
255 942 425 984 pavore,
448 942 563 969 ausae
597 941 641 967 se
664 927 773 968 inter
795 925 879 966 tela
907 925 1100 966 volantia
1133 925 1303 977 inferre,
1325 942 1379 967 ex
1415 914 1699 969 trans-''munt'

104 998 230 1026 verso
266 985 414 1040 inpetu
450 984 580 1035 facto,
615 984 816 1025 dirimere
849 982 1024 1023 infestas
1056 983 1185 1034 acies,
1218 983 1418 1024 dirimere
1444 985 1552 1037 iras;

107 1041 210 1082 hinc
244 1052 401 1097 patres,
421 1040 523 1081 hinc
556 1041 669 1081 viros
704 1050 891 1090 orantes,
913 1054 962 1080 ue
990 1054 1029 1080 se
1058 1039 1254 1095 sanguine
1285 1040 1460 1096 ufffando
1489 1057 1552 1082 so-

106 1098 188 1138 ceri
216 1098 434 1153 generique
464 1105 756 1152 respeigerent:
798 1101 892 1136 9²7ae
913 1096 1145 1151 parricidio
1176 1097 1426 1138 macularent
1453 1113 1553 1152 pm·-

108 1162 171 1195 tus
206 1169 308 1206 suos,
339 1161 525 1208 nepotum
556 1154 633 1204 illi,
665 1152 837 1195 liberam
870 1153 913 1193 ln·
936 1154 1185 1208 progeniem.
1248 1153 1297 1193 Sa·
1328 1154 1554 1209 (affinitatis

107 1211 213 1252 inter
243 1226 324 1262 vos,
356 1211 393 1251 si
429 1210 619 1251 connubii
645 1211 775 1266 piget,
813 1212 854 1252 in
888 1224 957 1250 uos
990 1209 1130 1251 vertite
1164 1210 1273 1251 iras:
1315 1225 1385 1251 uos
1413 1226 1553 1252 caussa

107 1266 213 1318 belli,
235 1282 305 1308 uos
334 1266 544 1308 vulnerum
574 1282 621 1308 αε
652 1267 819 1308 aedium
841 1267 940 1309 viris
962 1281 1008 1306 ac
1032 1266 1275 1320 parentibus
1302 1282 1450 1309 sumus.
1472 1283 1554 1308 me-

105 1323 186 1365 lius
199 1325 437 1379 peribimus,
458 1339 582 1379 quam
603 1327 633 1350 ⁹³
647 1325 731 1365 siue
751 1324 891 1366 alteris
910 1322 1084 1364 vestrum
1104 1323 1236 1364 viduae
1265 1331 1337 1364 mat
1365 1325 1470 1366 orba:
1491 1324 1554 1366 vi-

107 1395 254 1422 vemus.
317 1381 474 1422 Movet
516 1395 580 1421 res
623 1390 714 1423 tum
758 1381 1095 1429 multitudinem,
1140 1389 1233 1421 tum
1274 1380 1421 1422 duces.
1485 1382 1552 1423 Si·
1566 1388 1604 1419 U.
1622 1390 1702 1421 c.7.

102 1437 286 1484 lentium
311 1447 353 1478 et
375 1438 601 1493 repentina
623 1437 672 1478 fit
693 1437 944 1492 quies.inde
966 1437 1019 1478 acl
1039 1436 1185 1478 foedus
1208 1437 1455 1479 faciendum
1475 1439 1552 1480 du·
1566 1434 1605 1504 ἓ·
1621 1435 1656 1462 ⁰·
1672 1435 1747 1490 7⁴,⁵·

108 1509 178 1535 ces
201 1495 439 1550 prodeunt:
472 1509 552 1535 nec
576 1509 724 1550 pacem
749 1495 894 1545 modo,
913 1494 987 1534 sed
1018 1502 1061 1534 et
1091 1494 1312 1535 civitatem
1346 1509 1473 1536 unam
1497 1510 1551 1535 ex
1565 1485 1628 1548 „fix
1643 1485 1753 1505 ⁶⁰¹¹*

109 1551 275 1592 duabus
297 1551 464 1592 faciunt
484 1568 493 1593 ε
524 1566 702 1606 regnum
722 1552 990 1601 consociant,
1010 1551 1238 1605 imperium
1255 1564 1383 1592 omne
1406 1552 1554 1593 confe-

109 1619 209 1649 runt
234 1608 435 1648 Romam.
488 1607 557 1648 Ita
576 1608 796 1663 geminata
818 1609 937 1658 urbe,
959 1616 1008 1647 ut
1031 1607 1202 1648 Sabinis
1227 1615 1368 1649 tamen
1391 1609 1553 1666 aliquid

111 1664 297 1715 daretur,
322 1665 514 1710 Quirites
546 1680 570 1705 a
601 1664 790 1705 Curibus
822 1664 1426 1720 adpellati.⁹⁴monumentum
1460 1666 1553 1721 ejus
1568 1673 1738 1721 Quirites·

103 1736 286 1777 pugnae,
319 1722 393 1762 ubi
437 1721 622 1777 primum
661 1736 716 1761 ex
762 1721 976 1775 profunda
1012 1734 1200 1761 emersus
1233 1720 1388 1776 palude
1418 1717 1649 1778 equusunde
1667 1716 1752 1746 dicu.

101 1777 313 1818 Curtium
346 1778 389 1818 in
414 1778 525 1819 vado
549 1778 716 1829 statuit,
737 1778 939 1819 Curtium
970 1777 1110 1818 lacum
1142 1777 1425 1833 adpellarunt.
1488 1779 1556 1820 Ex

112 1834 224 1875 bello
250 1844 335 1875 tam
361 1835 472 1875 tristi
496 1835 596 1875 laeta
626 1845 802 1890 repente
834 1850 920 1890 pax
953 1834 1134 1875 cariores
1168 1835 1350 1875 Sabinas
1374 1836 1474 1877 viris
1507 1852 1558 1877 ac

98 1892 378 1947 ,parentibuS‚
400 1900 442 1932 et
464 1902 564 1932 ante
583 1905 731 1932 omnes
757 1890 947 1932 Romulo
971 1890 1067 1946 ipsi,
1088 1890 1207 1931 fecit.
1241 1891 1408 1946 Itaque,
1423 1908 1559 1948 quum

113 1948 320 2005 populum
347 1948 390 1989 in
407 1952 438 1975 9³
455 1949 593 1990 curias
619 1948 798 2004 triginta
815 1947 1042 2000 divideret,
1056 1948 1233 1989 nomina
1259 1962 1403 1990 earum
1427 1950 1558 1993 curiis

96 2104 102 2108 .
156 2077 614 2118 90*Eopellijl‘oeiliusfuit]
629 2078 706 2109 Ideo
722 2078 816 2119 (quia
857 2083 943 2108 stros
968 2078 1178 2108 amiserimus
1199 2077 1307 2117 bello;
1332 2078 1434 2115 orbae,
1458 2078 1482 2108 si
1502 2080 1559 2109 Su.-

111 2131 233 2161 ncmpe
256 2131 296 2151 ex
320 2131 405 2160 equo
429 2122 614 2160 pugnabat,
630 2123 687 2160 qui
708 2122 813 2152 semel
858 2121 953 2152 binos
969 2125 1124 2161 parentes
1140 2127 1284 2151 nostros.

96 2169 324 2201 ,exsternatus
341 2174 500 2194 sessorem
520 2165 570 2194 vel
595 2166 738 2195 invitum
756 2165 813 2195 ab·
900 2167 943 2198 94
966 2164 1232 2203 Alonumentum]
1252 2165 1380 2195 Locum
1397 2174 1489 2202 eum,
1505 2166 1561 2195 ubi

112 2208 192 2246 ripit
208 2213 244 2237 et
259 2206 381 2245 aufert)
409 2207 487 2247 pelli
504 2208 664 2240 Mettium
682 2208 812 2239 facilius
851 2209 1004 2248 primum
1028 2218 1069 2238 esc
1085 2208 1256 2247 prcgfunda
1278 2219 1418 2239 emersus
1436 2209 1561 2247 palude

114 2251 190 2280 fuit.
603 2270 622 2276 ο
857 2261 958 2291 equus
986 2251 1140 2282 Curtium
1156 2253 1190 2281 in
1209 2252 1288 2281 vado
1302 2254 1432 2289 statuit,
1450 2254 1561 2291 appel-

158 2296 196 2328 91
223 2294 482 2334 Advorte-ratque
503 2305 542 2325 etz
564 2305 614 2325 res
632 2296 730 2324 eliam
750 2294 812 2324 Sa-

97 2338 217 2376 binos]
242 2337 290 2366 Ea
316 2347 365 2367 res
390 2338 519 2368 animos
543 2338 722 2376 oculosque
754 2338 812 2367 Sa-

113 2381 268 2410 binorum
285 2380 364 2409 illuc
389 2385 609 2411 converterat.
645 2381 735 2411 Olim
759 2381 814 2411 hic

113 2423 288 2464 legebatur
309 2428 547 2463 averteratque.
583 2423 716 2463 Lipsius
741 2435 815 2454 mu-

98 2468 220 2498 .tavit:
248 2467 449 2508 recteznisi
477 2466 572 2496 malis
598 2468 814 2507 advertitque,

114 2516 156 2541 ut
172 2511 315 2540 habetur
331 2511 364 2540 in
383 2520 450 2539 uno
465 2520 482 2539 e
496 2511 595 2548 regiis
612 2510 706 2540 codd.

159 2556 202 2587 92
227 2554 282 2584 Ne
299 2552 493 2592 parricidio]
522 2553 572 2583 Ne
591 2557 706 2592 partus
727 2563 816 2591 SUOS,

116 2598 173 2635 qui
197 2597 395 2626 Sabinorum
419 2600 571 2636 nepotes,
587 2596 816 2626 Romanorum

105 2640 210 2670 liberi
227 2645 335 2676 erant,
348 2639 410 2669 hac
423 2639 556 2669 macula
571 2643 814 2678 respergerent,

116 2689 156 2713 ut
172 2682 411 2723 parricidarum
425 2683 600 2722 progenies
613 2682 815 2711 dicerentur.

119 2727 284 2766 Nepotum
307 2730 341 2756 et
365 2726 503 2756 liberum
519 2727 723 2765 progeniem,
747 2726 767 2754 i.
785 2736 814 2756 e.

119 2774 258 2808 nepotes
275 2773 309 2799 et
324 2769 456 2799 liberos.

162 2809 202 2846 93
214 2813 232 2829 *²
244 2811 322 2842 Sine
339 2813 450 2842 ulteris
472 2812 616 2842 vestrum
640 2812 744 2841 viduoe
757 2815 819 2840 aut

117 2854 213 2895 orboe]
234 2854 364 2893 Viduae,
381 2856 407 2885 si
424 2855 592 2886 Romanos
605 2855 741 2885 maritos
760 2864 819 2884 no-

857 2297 972 2325 larum*
1003 2294 1152 2326 Curtium
1180 2297 1311 2327 lucum;
1337 2295 1426 2334 quod
1448 2305 1561 2325 neonu-

857 2343 1004 2368 mentum
1020 2335 1224 2378 ejuspugnae
1235 2342 1298 2375 est,
1311 2338 1378 2368 sive
1397 2339 1431 2367 in
1447 2347 1562 2368 monu-

859 2386 1007 2411 mentum
1023 2379 1093 2422 ejus
1104 2391 1238 2420 pugnae.
1278 2381 1352 2411 Hoc
1370 2385 1485 2411 autem
1501 2390 1562 2410 no-

860 2434 938 2453 men
964 2424 1057 2454 locus
1085 2424 1140 2454 ille
1167 2424 1321 2461 retinnit,
1342 2423 1425 2458 lieet
1446 2429 1563 2464 postea

860 2470 997 2506 aggesta
1026 2472 1119 2497 terra
1146 2466 1293 2507 repletus
1327 2473 1436 2505 esset3
1473 2467 1562 2506 qnod

861 2510 960 2540 docet
974 2510 1075 2540 Dion.
1092 2510 1114 2541 l.
1130 2509 1174 2540 11.
1201 2510 1311 2540 Aliam
1329 2509 1368 2539 de
1385 2510 1485 2548 hujus
1503 2520 1562 2549 ap-

861 2552 1053 2592 pellationis
1084 2554 1211 2592 origine
1239 2553 1432 2593 opinionem
1459 2552 1562 2583 refert

861 2596 976 2626 Livius
991 2595 1068 2626 Vll.
1083 2597 1115 2626 6.

902 2642 943 2673 95
973 2638 1103 2678 Curias]
1135 2639 1236 2670 Curia
1250 2638 1305 2669 hic
1321 2639 1486 2678 accipitur
1502 2648 1561 2679 pro

859 2682 991 2711 decima
1006 2686 1098 2721 parte
1114 2683 1234 2713 tribus.
1275 2681 1439 2712 Romulus
1456 2683 1562 2717 enim,

859 2730 899 2754 ut
926 2724 1069 2755 habetur
1094 2726 1182 2765 apud
1210 2725 1312 2756 Dion.
1336 2725 1357 2755 l.
1384 2724 1430 2755 ΙΙ.
1460 2725 1563 2755 diviso

861 2767 1015 2797 universo
1039 2768 1163 2808 populo
1187 2769 1220 2798 in
1245 2773 1356 2808 partes
1379 2773 1461 2805 tres,
1480 2777 1561 2806 quas

861 2811 929 2839 sive
953 2820 972 2840 a
995 2820 1150 2848 numero,
1173 2812 1241 2841 sive
1264 2821 1285 2841 a
1307 2812 1429 2841 tributo
1452 2810 1562 2840 dando

862 2854 966 2884 tribus
989 2854 1182 2894 appellavit,
1193 2858 1471 2893 ‚unamquamque
1490 2862 1562 2884 rur-

947 2902 1019 2937 03
