1991 3250
395 128 474 165 356
938 124 1001 165 TI
1014 125 1048 163 T
1060 124 1080 164 1
1122 127 1187 164 LI
1198 125 1261 165 Vl
1280 124 1299 164 1

190 239 232 273 U.
250 239 286 271 C.
302 241 376 275 369.
402 229 524 285 pulos
548 228 822 285 juventutem
843 228 1087 270 submisisse
1117 229 1170 270 ad
1192 229 1234 269 id
1257 228 1441 279 bellum
1475 230 1510 252 sa
1521 242 1572 270 eo
1594 230 1830 272 abnuentes

190 286 229 316 A.
247 285 284 315 C.
301 287 376 315 333·
403 286 618 341 publicum
650 285 780 326 fuisse
815 285 1057 337 consilium,
1093 286 1207 340 quod
1247 299 1333 326 non
1371 285 1608 341 prohibitos
1642 294 1831 328 tantum-

402 343 531 384 modo
553 342 814 384 voluntarios
835 342 1025 383 dicerent
1055 342 1248 392 militare,
1269 343 1341 383 ubi
1376 341 1546 383 vellent.
1603 342 1831 384 Desierant

396 398 488 454 jam
513 399 594 440 ulla
615 399 831 440 contemni
855 398 976 439 bella.
1000 399 1144 454 itaque
1163 409 1332 440 senatus
1366 397 1462 439 Diis
1495 412 1620 454 agere
1654 401 1828 454 gratias,

191 463 321 493 Camillo
334 472 384 492 re·
403 456 516 510 quod
539 455 742 497 Camillus
765 456 806 496 in
843 456 1092 510 magistratu
1126 464 1260 496 esset:
1291 455 1545 496 dictatorem
1577 455 1737 511 quippe
1767 456 1832 496 di-

188 507 292 555 gssmen
307 516 372 535 ⁰¹¹²·
403 513 584 554 cendum
607 527 703 553 eum
725 511 870 562 fuisse,
891 513 924 551 si
944 512 1131 566 privatus
1154 520 1278 552 esset.
1301 520 1344 552 et
1365 512 1540 567 collegae
1565 511 1702 562 fateri,
1723 512 1832 568 regi-

189 558 391 631 ἲέἣῗὲἕὲἐῗ
403 583 489 610 men
510 570 686 610 omnium
708 567 951 618 rernm,‘ubi
972 567 1073 623 quid
1103 567 1236 609 bellici
1267 569 1433 609 terroris
1467 569 1647 624 ingruat,
1668 569 1712 609 in
1742 569 1832 610 viro

190 636 332 667 mittunt.
401 641 480 667 uno
502 639 604 666 esse:
635 625 791 680 sibique
811 624 1054 665 destinatum
1076 625 1118 665 in
1139 625 1273 665 animo
1294 639 1383 674 esse,
1407 623 1582 665 Camillo
1603 625 1833 666 submittere

401 683 628 738 imperium.
650 695 717 722 nec
739 681 964 736 quidquam
995 681 1044 722 de
1071 681 1276 735 majestate
1305 695 1376 721 sua
1409 681 1632 722 detractum
1663 681 1832 732 credere,

400 739 510 794 quod
529 737 736 793 majestati
758 737 842 792 ejus
864 737 946 777 viri
967 738 1253 778 concessissent.
1307 737 1584 779 conlaudatis
1609 739 1662 779 ab
1684 749 1831 779 senatu

401 795 595 844 tribunis,
630 804 673 835 et
713 794 804 849 ipse
842 792 1062 845 Camillus,
1099 793 1302 833 confusus
1339 795 1496 845 animo,
1536 796 1692 849 gratias
1726 795 1831 850 egit.

401 851 566 908 Ingens,
588 850 686 892 inde
716 851 790 900 ait,
812 864 909 890 onus
939 863 963 889 a
987 849 1139 905 populo
1171 848 1356 890 Romano
1385 850 1478 900 sibi,
1501 852 1570 907 qui
1594 866 1634 892 se
1654 851 1829 892 dictato·

398 922 483 949 rem
502 912 534 934 ³³
534 908 631 963 jam
652 914 845 963 quartum
873 913 1056 957 creasset,
1077 920 1267 962 magnum
1298 921 1323 946 a
1356 913 1496 947 senatu
1527 907 1681 948 talibus
1713 907 1760 948 de
1791 921 1831 948 se

387 964 564 1021 Judiciis
594 964 676 1020 ejus
706 963 874 1013 ordinis,
906 963 1124 1004 maximum
1156 971 1239 1003 tam
1270 961 1554 1004 honoratorum
1584 963 1829 1021 collegarum

400 1021 585 1077 obsequio
603 1020 778 1077 injungi.
841 1021 991 1075 Itaque
1009 1021 1044 1060 si
1065 1019 1165 1075 quid
1185 1019 1335 1060 laboris
1356 1019 1675 1077 vigiliarumque
1703 1021 1830 1076 adjici

392 1080 538 1134 possit,
561 1084 777 1119 certantem
796 1090 925 1118 secum
945 1077 1075 1131 ipsum
1096 1076 1346 1126 adnisurum,
1367 1083 1411 1116 ut
1430 1078 1462 1100 ³⁴
1473 1083 1587 1118 tanto
1606 1077 1655 1118 de
1674 1092 1714 1119 se
1734 1093 1829 1119 con·

399 1149 515 1176 sensu
545 1134 727 1176 civitatis
758 1133 997 1188 opinionem,
1019 1147 1106 1189 quae
1137 1133 1314 1173 maxima
1345 1133 1413 1183 sit,
1434 1133 1556 1175 etiam
1587 1141 1831 1176 constantem

401 1192 559 1246 ffciat.
623 1189 744 1234 Quod
777 1189 832 1230 ad
868 1189 1015 1230 bellum
1052 1196 1172 1246 atque
1202 1189 1396 1230 Antiates
1425 1188 1620 1240 adtineat,
1644 1190 1739 1246 plus
1768 1190 1829 1232 ibi

400 1249 620 1298 minarum,
650 1261 771 1303 quam
794 1245 984 1302 periculi,
1006 1261 1098 1287 esse.
1131 1261 1171 1287 se
1199 1253 1345 1294 tamen,
1367 1251 1412 1286 ut
1442 1246 1550 1287 nihil
1575 1247 1755 1299 timendi,
1776 1248 1833 1289 sic

400 1304 508 1346 nihil
525 1305 799 1345 contemnendi
815 1311 1016 1344 auctorem
1037 1318 1127 1344 esse.
1189 1302 1479 1344 Circumsederi
1509 1303 1644 1344 urbem
1676 1303 1833 1345 Roma-

400 1376 494 1403 nam
515 1361 567 1402 ab
589 1361 746 1402 invidia
766 1367 805 1401 et
835 1360 925 1400 odio
940 1359 1241 1415 finitimorum.-
1271 1360 1409 1415 itaque
1439 1366 1476 1400 et
1506 1360 1674 1402 ducibus
1698 1360 1833 1415 pluri·

344 1440 348 1442 Ἴ
403 1418 475 1459 bus
494 1425 531 1459 et
551 1417 787 1460 exercitibus
807 1416 1172 1458 administrandam
1200 1416 1491 1471 rempublicam·
1517 1431 1615 1458 esse.
1677 1417 1745 1469 Te,
1766 1417 1831 1458 in·

401 1475 511 1530 quit,
543 1474 600 1516 P.
637 1473 791 1525 Valeri,
823 1473 972 1514 socium
1002 1473 1164 1528 imperii
1195 1473 1442 1528 consiliique,
1475 1472 1648 1529 legiones
1681 1488 1832 1515 mecum

400 1532 594 1573 adversus
615 1531 829 1572 Antiatem
849 1529 999 1571 hostem
1015 1529 1160 1571 ducere
1175 1530 1310 1584 placet
1323 1547 1335 1570 :
1365 1537 1415 1581 te,
1441 1530 1492 1585 Q.
1516 1529 1681 1580 Servili,
1702 1530 1833 1572 altero

401 1589 578 1630 exercitu
597 1589 794 1629 instiucto
808 1593 1050 1642 paratoque,
1071 1587 1115 1627 in
1141 1587 1241 1628 ‘urbe
1270 1592 1407 1627 castra
1437 1586 1607 1636 liabere‚·
1635 1588 1831 1629 intentum

401 1646 489 1686 sive
509 1644 688 1686 Etruria
708 1659 750 1686 se
769 1644 946 1696 interim,
968 1650 1014 1684 ut
1034 1658 1174 1698 nuper,
1191 1644 1274 1684 sive
1293 1647 1439 1683 ³⁵nova
1456 1642 1535 1684 haec
1550 1658 1663 1694 cura,
1685 1644 1831 1686 Latini

401 1709 522 1758 atque
543 1701 731 1752 Hernici,
753 1701 962 1742 moverint.
1024 1699 1114 1740 Pro
1133 1706 1241 1741 certo
1262 1698 1401 1750 liabeo,
1422 1699 1481 1740 ita
1502 1714 1585 1740 rem
1610 1708 1830 1756 gesturum,

401 1765 449 1800 ut
465 1765 596 1814 patre,
615 1773 707 1809 avo,
728 1764 839 1813 teque
857 1757 942 1812 ipso
963 1771 1009 1798 ac
1031 1771 1099 1798 sex
1119 1755 1395 1797 tribunatibus
1413 1756 1580 1814 dignum
1601 1763 1673 1797 est.
1734 1756 1832 1798 Ter-

403 1816 490 1856 tius
511 1814 705 1857 exercitus
723 1829 770 1855 er
789 1815 822 1838 ³⁶
835 1814 1049 1855 caussariis
1068 1813 1366 1868 senioribusque
1387 1827 1411 1853 a
1434 1811 1487 1853 L.
1514 1811 1707 1869 Quinctio
1734 1814 1831 1855 scri-

403 1872 539 1923 batur,
560 1872 632 1928 qui
652 1871 746 1913 urbi
767 1871 1042 1926 moenibusque
1054 1870 1250 1925 praesidio
1270 1870 1335 1911 sit.
1397 1868 1450 1910 L.
1474 1869 1678 1910 Horatius
1698 1885 1828 1920 arma,

402 1929 499 1980 tela,
506 1928 783 1986 frumentum,
813 1930 845 1953 ⁵²⁷
859 1941 1025 1983 quoeque
1055 1927 1149 1968 belli
1177 1926 1262 1968 alia
1290 1933 1466 1980 tempora
1491 1933 1668 1981 poscent,
1695 1927 1832 1981 provi-

402 1986 508 2028 deat.
570 1985 639 2036 Te,
674 1985 762 2026 Ser.
787 1983 967 2034 Corneli,
983 1984 1193 2039 praesidem
1221 1983 1338 2040 hujus
1360 1982 1519 2037 publici
1549 1983 1722 2032 consilii,
1744 1999 1831 2024 cus-

402 2043 530 2084 todem
561 2042 815 2098 religionum,
837 2041 1101 2091 comitiorum,
1121 2040 1267 2096 legum,
1287 2054 1420 2082 rerum
1448 2040 1623 2081 omnium
1652 2041 1833 2095 urbana<

401 2114 507 2151 rum,
528 2097 891 2154 collegaefacimus.
952 2097 1132 2139 Cunctis
1154 2099 1195 2138 in
1219 2106 1358 2154 partes
1379 2097 1562 2137 muneris
1583 2097 1648 2138 sui
1680 2097 1830 2154 benig-

445 2243 578 2277 32*E0
599 2243 787 2283 abnuentes]
814 2243 863 2274 Ea
891 2243 1016 2273 ratione
1046 2244 1095 2273 ni-

402 2293 512 2319 tentes
529 2295 569 2319 ut
584 2289 769 2319 abnuerent
788 2308 797 2317 .
808 2308 816 2316 .
832 2309 839 2316 .
851 2308 859 2316 .
875 2308 883 2316 .
895 2308 903 2315 .

446 2335 487 2363 33
510 2332 591 2363 ‚Iam
607 2331 778 2372 quartum]
794 2331 861 2360 Ter
874 2334 1009 2360 tantum
1027 2329 1094 2359 dic-

401 2379 491 2407 tator
504 2375 611 2406 fuerat
631 2374 811 2405 Camillus:
837 2374 900 2404 nisi
918 2373 1028 2403 Livius
1044 2382 1097 2401 ve-

402 2418 442 2449 lit
465 2419 552 2450 hanc
575 2427 645 2448 esse
669 2418 761 2457 quasi
785 2421 936 2457 quartam
952 2415 1095 2445 dictatu-

403 2471 487 2500 ram,
505 2466 680 2502 propterea
694 2460 781 2500 quod
796 2464 831 2490 et
846 2459 937 2490 illam
950 2458 1099 2489 deferen-

404 2505 480 2535 dam
497 2506 524 2535 ei
542 2505 656 2543 fuisse,
673 2505 700 2535 si
724 2504 873 2545 privatus
896 2503 992 2540 soret,
1009 2502 1098 2532 dixe-

403 2555 484 2578 runt
521 2548 656 2586 Patres;
701 2553 737 2578 et
773 2549 844 2585 ejus
882 2547 1094 2584 magistratus

402 2592 552 2630 quamvis
570 2592 704 2621 nomine
720 2590 876 2627 caruerit,
892 2593 1093 2629 potestatem

401 2639 517 2664 tamen
540 2635 672 2672 vimque
695 2633 886 2674 complexus
909 2637 974 2670 est,
990 2641 1093 2671 quum

402 2679 550 2716 regimen
574 2678 725 2707 omnium
750 2685 860 2706 rerum
893 2685 992 2715 penes
1016 2684 1092 2704 eum

400 2720 499 2750 foret.
546 2721 701 2750 Ceterum
726 2729 767 2750 ne
790 2721 836 2749 sic
860 2719 991 2758 quidem
1016 2719 1094 2748 satis

401 2764 518 2794 decore
535 2763 665 2793 videtur
689 2763 848 2793 Camillus
865 2768 1016 2801 quartam
1033 2761 1093 2791 sibi

400 2807 600 2837 dictaturam
618 2815 781 2843 arrogare.
810 2806 827 2822 ¹¹
841 2805 986 2835 Omnino
1002 2814 1095 2844 repo-

382 2846 383 2849 *
406 2849 551 2881 nendum
567 2850 796 2880 existimamus
811 2847 879 2886 jam
898 2851 1041 2878 tertium.

1181 2242 1365 2274 34⁴*Tmzto
1389 2242 1427 2272 de
1448 2252 1480 2272 se
1502 2251 1653 2272 consensu
1675 2242 1827 2283 cim'tatis]

1139 2285 1219 2316 Haec
1235 2286 1384 2316 absolute
1401 2286 1491 2315 (licta
1508 2285 1668 2325 intellige.
1714 2286 1827 2326 Quum

1137 2335 1252 2360 tantus
1276 2330 1319 2360 sit
1342 2329 1382 2359 de
1405 2339 1438 2359 se
1462 2338 1641 2359 consensus
1664 2329 1825 2359 civitatis:

1140 2382 1242 2411 quum
1261 2373 1347 2403 cives
1358 2375 1426 2402 tam
1442 2372 1593 2402 unainmi
1609 2381 1772 2402 consensu
1788 2371 1830 2402 de

1140 2424 1174 2445 se
1195 2415 1364 2455 (Camillo)
1384 2417 1466 2445 bene
1478 2415 1643 2454 judicent.

1185 2459 1359 2489 3:1¹*wa
1376 2460 1440 2488 Mc
1453 2457 1549 2497 cura]
1572 2457 1615 2487 Hi
1631 2458 1687 2497 qui
1710 2467 1829 2489 novam

1143 2502 1238 2532 nobis
1254 2502 1512 2532 sollicitudinem
1531 2507 1656 2531 creant.
1680 2498 1682 2502 ’

1182 2547 1222 2576 36
1251 2545 1429 2584 scansurus]
1454 2544 1594 2584 Quibus,
1618 2544 1658 2574 ob
1682 2543 1831 2575 imbecil-

1139 2589 1206 2619 lam
1221 2588 1457 2625 valetudinem,
1473 2588 1600 2617 vacatio
1616 2587 1741 2618 militiae
1758 2597 1829 2618 esse

1139 2632 1300 2662 debuisset
1310 2655 1327 2670 ι

1181 2678 1220 2708 37
1246 2675 1391 2716 ,ρυαητιε
1406 2674 1476 2704 belli
1492 2672 1574 2713 alia]
1599 2672 1748 2712 Quaeque
1763 2673 1828 2704 alia

1139 2717 1216 2748 belli
1232 2719 1408 2749 necessitas
1425 2721 1546 2756 poscet.
1592 2717 1748 2747 Ceterum
1773 2717 1828 2747 hic

1139 2761 1230 2792 locus
1268 2760 1398 2790 videtur
1431 2759 1555 2798 aliquid
1591 2759 1698 2790 celare
1741 2761 1825 2790 vitii.

1139 2804 1258 2843 Scripti
1274 2803 1396 2833 habent
1415 2803 1528 2834 bellic«
1545 2802 1597 2833 vel
1612 2804 1731 2835 battuta
1745 2808 1823 2835 tem-

1134 2857 1227 2886 pora.
