1991 3250
607 95 732 134 LIB.
761 96 792 134 Ι,
831 95 960 133 CAP.
988 93 1136 132 XLIX.
1191 112 1195 115 ·
1548 93 1601 136 67

158 212 210 240 ac
242 197 373 239 caedis
404 204 594 254 patei'nae
628 205 806 239 cruento
841 193 1055 246 vehiculo,
1080 194 1374 236 contaminata
1407 194 1500 250 ipsa
1534 210 1599 236 re

160 268 403 320 spmsaque,
427 255 578 296 tulisse
595 255 647 295 ad
683 263 857 309 penates
882 267 980 293 suos
1007 252 1173 307 virique
1204 252 1291 292 sui:
1325 251 1482 315 quibus
1516 253 1594 293 ira-

159 313 230 363 tis,
251 313 365 353 malo
396 314 515 369 regni
548 311 759 367 piincipio
794 310 951 351 similes
975 324 1108 365 prope
1130 309 1242 349 diem
1274 311 1416 348 exitus
1448 323 1597 363 seque-

157 378 320 410 rentur.
381 346 471 410 Sel.
509 367 672 409 Tullius
707 367 904 423 regnavit
942 382 1077 407 annos
1117 376 1301 420 quatuor
1336 373 1377 405 et
1415 367 1800 420 quadlmss-seiviilaus

157 426 295 482 ginta,
317 426 377 466 ita
399 435 446 466 ut
467 426 582 466 bono
602 426 732 465 etiarn
764 425 1071 479 moderatoque
1093 422 1337 464 succedenti
1362 424 1450 477 regi
1483 423 1597 463 diffi-

158 482 251 524 cilis
285 483 502 524 aemulatio
535 490 662 522 esset.
722 481 926 522 Ceterum
960 482 1003 522 id
1027 494 1199 535 quoque
1232 479 1281 520 ad
1314 479 1492 534 gloriam
1526 495 1595 520 ac-

159 540 302 591 cessit,
324 539 438 594 quod
467 553 566 579 cum
589 538 661 579 illo
685 538 810 579 simul
834 538 954 593 justa
977 553 1025 579 ac
1049 537 1243 593 legitima
1265 551 1396 592 regna
1429 537 1597 577 occide-

159 606 272 638 runt.
332 596 382 636 Id
414 595 555 651 ipsum
590 605 679 637 tam
715 596 820 636 mite
855 611 904 637 ac
937 605 1029 636 tam
1066 595 1333 635 moderatum
1369 594 1596 648 imperium

159 664 318 704 tamen,
346 667 448 708 quia
476 652 602 693 unius
630 662 754 704 esset,
778 654 1003 717 deponere·
1024 667 1119 693 eum
1151 652 1195 692 in
1224 654 1368 692 animo
1401 651 1599 692 habuisse

158 711 332 776 quidam
362 718 558 751 auctores
589 721 713 762 sunt3
749 711 793 750 ni
825 711 960 751 scelus
995 709 1243 750 intestinum
1269 708 1500 750 liberandae
1525 723 1598 764 pa-

161 768 254 809 tiiae
276 766 456 808 consilia
472 767 657 823 aoitanti
680 768 994 808 intervenisset.

215 823 394 866 XLIX.
428 801 534 865 Inde
568 825 617 865 L.
647 823 905 880 Tarquinius
938 837 1117 879 regnare
1149 822 1333 877 occepit,
1368 825 1400 847 ⁷⁷
1414 822 1482 863 cui
1519 823 1651 868 Su-U
1667 838 1703 867 c
1719 843 1796 868 220

158 882 292 937 peibo
313 896 397 937 coo
403 896 555 922 nomen
580 881 695 922 facta
728 881 989 931 indiderunt,
1014 881 1114 936 quia
1148 894 1340 920 socerum
1372 893 1503 942 gener
1535 895 1622 921 se—
1611 883 1651 911 A
1669 882 1704 910 C
1722 887 1794 911 532·

157 938 330 994 pultula
351 938 588 994 piohibuit,
613 937 835 980 Romulum
857 952 1012 993 quoque
1043 936 1441 991 ἱηειῬιιΙίιιηιΡει-έεεε
1472 938 1597 977 dicti·
1610 926 1804 999 ffgfgffiffsm

157 1008 278 1037 tans:
316 1010 524 1060 primoies
560 996 752 1046 Pau-um,
787 1010 894 1050 quos
929 995 1065 1035 Servii
1101 995 1226 1034 rebus
1265 993 1420 1034 favisse
1437 980 1732 1060 *crede-J-egpnat

156 1053 248 1104 bat,
270 1053 513 1095 inteifecit:
546 1054 743 1094 conscius
767 1053 920 1093 deinde
951 1053 1060 1092 male
1081 1051 1301 1106 quaerendi
1326 1052 1445 1106 regni
1478 1053 1533 1093 ab
1554 1066 1600 1092 se

158 1110 253 1166 ipso
274 1110 478 1152 adversus
501 1125 544 1150 se
567 1111 812 1166 exemplum
836 1110 932 1165 capi
958 1123 1130 1165 posse,
1117 1111 1292 1149 annatis
1327 1122 1483 1164 corpus
1516 1110 1599 1150 cir-

158 1167 408 1224 cumsepsit.
430 1182 568 1231 neque
590 1182 705 1208 enim
728 1168 779 1208 ad
804 1167 877 1222 jus
901 1181 1022 1222 regni
1056 1166 1291 1221 quidquam
1323 1178 1478 1220 praeter
1512 1167 1599 1207 vim

156 1223 369 1276 habebat3
403 1236 448 1265 ut
471 1240 544 1278 qui
577 1239 715 1280 neque
738 1225 885 1280 populi
911 1224 1052 1279 jussu,
1075 1237 1212 1278 neque
1244 1223 1492 1263 auctoribus
1518 1223 1601 1264 Pa-

157 1281 293 1323 tribus
316 1292 530 1338 regnaiet.
590 1281 654 1322 Eo
678 1283 924 1332 accedebat,
947 1290 995 1322 ut
1019 1282 1061 1321 in
1085 1282 1264 1321 caritate
1297 1280 1458 1321 civium
1493 1280 1602 1321 nihil

158 1339 249 1394 spei
273 1340 495 1395 reponenti
520 1350 636 1380 metu
660 1354 839 1394 iegnum
863 1338 1091 1380 tutandum
1114 1348 1253 1379 esset:
1286 1351 1412 1392 quem
1438 1348 1484 1378 ut
1509 1338 1599 1394 plu·
1613 1361 1703 1391 Metu
1719 1370 1789 1400 reg

158 1397 276 1437 ribus
298 1397 523 1447 incuter,et
558 1397 829 1452 cognitiones
851 1395 1100 1451 capitalium
1123 1409 1261 1435 rerum
1286 1409 1376 1435 Slne
1409 1395 1600 1436 consiliis
1614 1414 1690 1434 num
1703 1406 1820 1436 firmat.

159 1467 235 1508 per
257 1468 300 1494 se
334 1453 447 1494 solus
479 1454 735 1495 exercebat:
768 1467 926 1508 perque
959 1467 1053 1493 earn
1085 1466 1279 1494 caussam
1314 1452 1525 1503 occidere,
1557 1454 1602 1494 in

156 1509 356 1551 exsilium
377 1524 551 1574 ager¹e‚
541 1511 712 1551 78bonis
734 1511 916 1551 multare
936 1518 1104 1564 poterat
1133 1523 1220 1550 non
1256 1518 1476 1564 suspectos
1510 1524 1603 1551 mo-

158 1567 214 1608 do
236 1577 311 1607 aut
341 1568 519 1617 invisos,
542 1567 613 1608 sed
637 1567 750 1608 unde
768 1567 878 1608 nihil
900 1566 1030 1617 aliud,
1051 1581 1179 1621 quam
1203 1567 1408 1622 praedam,
1434 1581 1603 1622 sperare

158 1634 315 1678 posset.
380 1623 448 1664 Ita
492 1624 670 1665 Patrum
713 1627 932 1680 praecipue
966 1638 1144 1665 numero
1181 1623 1414 1687 inminuto,
1451 1625 1604 1666 st·1tuit

158 1680 323 1721 nullos
315 1695 356 1721 in
381 1680 531 1722 Panes
554 1681 721 1737 legere3
753 1695 838 1736 quo
862 1682 1124 1722 contemtior
1146 1681 1362 1736 paucitate
1383 1681 1474 1734 ipsa
1496 1682 1602 1722 ordo

155 1748 280 1789 esset,
303 1738 530 1793 minusque
553 1752 628 1794 per
659 1753 702 1779 se
732 1739 840 1779 nihil
870 1739 940 1794 agi
971 1738 1312 1795 indignarentur.
1375 1737 1464 1778 Hic
1485 1739 1603 1779 enim

157 1809 308 1850 regum
351 1796 515 1852 primus
558 1796 761 1837 traditum
799 1810 824 1836 a
864 1797 1079 1852 prioribus
1114 1809 1276 1836 morem
1319 1795 1371 1835 de
1400 1796 1602 1841 omnibus

158 1863 353 1893 senatum
385 1852 636 1894 consulendi
669 1854 823 1896 solvit:
859 1853 1107 1895 domesticis
1141 1852 1330 1893 consiliis
1368 1853 1603 1908 iempubli=

158 1923 252 1950 cam
284 1909 626 1952 administiavit:
658 1910 832 1962 bellum,
855 1925 1021 1967 pacem,
1054 1909 1237 1959 foedera,
1269 1909 1495 1950 societates
1527 1924 1603 1965 per

157 1966 330 2021 seipse,
351 1981 450 2008 cum
481 1967 637 2021 quibus
659 1968 811 2015 voluit,
832 1968 1016 2031 injussu
1029 1966 1177 2023 populi
1209 1981 1259 2007 ac
1290 1977 1476 2017 senatus,
1499 1966 1604 2008 fecit

155 2023 426 2079 diremitque.
490 2025 746 2067 Latinorum
785 2025 867 2066 sibi
901 2024 1092 2067 maxime
1121 2033 1295 2079 gentem
1325 2024 1602 2076 conciliabat,
1614 2032 1741 2064 Latmos
1757 2032 1817 2062 s1b1

160 2089 207 2120 ut
226 2081 462 2137 peregrinis
483 2096 655 2138 quoque
688 2083 843 2139 opibus
876 2083 1009 2124 tutior
1031 2083 1142 2122 inter
1161 2082 1275 2122 cives
1307 2092 1433 2122 esset.
1463 2077 1770 2136 neq11e⁶⁰¹¹⁰¹¹i³‘·

157 2114 354 2200 hospitia
377 2139 505 2180 modo
527 2154 624 2180 cum
648 2140 909 2195 primoribus
933 2153 1097 2189 eorum,
1120 2139 1192 2179 sed
1224 2137 1469 2180 adfinitates
1495 2153 1603 2194 quo-

158 2208 241 2249 que
285 2193 515 2251 jungebat.
574 2197 762 2238 Octavio
813 2196 1016 2241 Mamilio
1062 2195 1323 2246 Tusculano,
1365 2196 1419 2248 (is
1472 2195 1604 2250 longe

159 2251 359 2308 princeps
404 2252 548 2294 Latini
587 2254 773 2296 nominis
803 2264 909 2306 erat,
941 2254 975 2295 si
1008 2253 1134 2294 famae
1165 2253 1393 2304 credimus,
1424 2254 1478 2293 ab
1510 2253 1604 2294 Uli-

202 2344 243 2374 77
273 2341 333 2372 Cui
348 2341 493 2381 Superbo
507 2344 785 2384 cognomensacla
807 2356 858 2376 m·
945 2345 1034 2386 Quos
1048 2345 1098 2374 alli
1115 2345 1192 2374 hello
1201 2353 1247 2384 pr
1248 2342 1361 2384 (fugos
1376 2353 1410 2383 eg
1411 2353 1469 2374 eie
1490 2353 1604 2384 super-

157 2384 325 2424 dicier-unt]
346 2385 448 2416 Facta
462 2396 502 2416 ea
517 2396 591 2425 quae
608 2387 662 2416 hie
681 2393 857 2426 notantur,
988 2389 1034 2419 ho.
1079 2388 1136 2426 Et,

159 2428 327 2459 crudelem
350 2439 430 2468 eum
453 2431 561 2469 magis
583 2431 738 2470 probant,
755 2442 857 2470 quam
1033 2431 1230 2472 Foribusque
1242 2430 1347 2471 cffoea
1362 2431 1505 2470 superbis

158 2472 352 2511 superbum,
368 2482 407 2503 eo
423 2482 524 2503 sensu
540 2483 606 2513 quo
621 2473 692 2503 haec
708 2484 770 2504 vox
787 2475 859 2505 vul·
950 2475 1019 2506 Ora
1035 2476 1144 2506 viram
1166 2477 1254 2506 tristi
1270 2474 1456 2514 pendebant
1470 2474 1604 2514 pallida

161 2524 202 2553 go
240 2516 415 2556 accipitur.
475 2516 539 2547 Sed
576 2517 733 2557 superbus
769 2518 857 2548 idem
989 2519 1071 2549 tabo.

160 2567 292 2598 prorsus
314 2559 485 2590 interdum
508 2560 610 2597 valet,
627 2560 715 2599 quod
737 2562 778 2591 ab
800 2564 861 2592 hu·
946 2565 987 2596 78
1012 2562 1115 2593 Bonis
1142 2562 1287 2591 multare
1307 2559 1452 2599 poterat]
1480 2559 1604 2591 Liben-

159 2603 320 2633 manitate
355 2604 541 2634 abhorrens.
585 2604 756 2643 Virgilius,
795 2615 861 2643 quo
903 2608 957 2635 ter
971 2605 1175 2639 assentimur
1197 2604 1365 2634 Gronovio
1388 2603 1514 2633 delenti
1531 2614 1602 2634 ver-

161 2653 259 2675 nemo
289 2647 529 2686 proprietatem
556 2647 670 2679 Latini
695 2649 858 2678 sermonis
903 2649 981 2678 bum
993 2652 1136 2688 poterat,
1153 2648 1224 2677 sine
1242 2657 1306 2686 quo
1322 2652 1357 2676 et
1374 2647 1511 2677 vividior
1527 2657 1603 2677 nar-

159 2691 220 2718 aut
235 2690 392 2728 cognovit
405 2691 608 2728 accuratius,
626 2697 686 2721 aut
703 2692 858 2729 servavit,
904 2692 988 2722 ratio
1003 2694 1067 2729 est,
1085 2697 1120 2721 et
1136 2691 1242 2730 magis
1258 2700 1408 2729 congrua
1428 2690 1601 2729 Tarquinii

159 2731 210 2761 bis
223 2732 260 2773 in
275 2732 368 2762 VlIl.
383 2733 460 2764 AEn.
476 2733 560 2764 libro
577 2734 640 2764 hoe
664 2744 787 2765 nomen
804 2745 857 2774 eo,
903 2735 1064 2772 moribus,
1089 2734 1143 2764 cui
1167 2744 1286 2773 parum
1308 2738 1381 2764 erat
1406 2744 1514 2774 posse,
1538 2733 1603 2765 nisi

159 2783 259 2813 quem
275 2775 443 2815 volumus,
458 2787 559 2808 sensu
577 2779 748 2818 usurpavit
763 2791 770 2809 x
904 2785 938 2809 et
953 2778 1080 2809 faceret
1094 2778 1182 2818 quod
1198 2781 1340 2818 poterat.
1364 2809 1366 2811 ,

959 2827 1028 2863 Fss
