1969 3239
522 146 524 149 ’
565 154 687 192 LIB.
716 152 762 190 v.
800 141 1104 190 CAl‘.XL1X.
1494 155 1568 188 341

138 266 292 308 corpus
332 254 474 304 armis,
514 253 582 295 vel
623 253 734 303 dedi,
767 251 832 292 vel
864 250 1014 292 redimi
1056 264 1113 301 se,
1155 263 1425 304 quacumque
1465 264 1565 304 pac·
1582 259 1623 290 U.
1638 259 1674 291 c.
1692 261 1767 298 365,

138 309 252 350 tione
275 310 629 365 possent,jussit;
655 308 919 364 jactantibus
952 322 1037 348 non
1066 308 1248 348 obscure
1281 306 1433 356 Gallis,
1452 306 1562 347 haud
1581 305 1618 334 A.
1636 304 1766 338 (3·337·

136 379 293 422 magna
334 368 526 408 mercede
564 381 606 407 se
642 366 795 407 adduci
849 379 986 420 posse,
1030 373 1077 404 ut
1117 363 1384 404 obsidionem
1438 363 1564 404 relin-

133 432 280 477 quant.
340 423 448 464 Tum
491 433 659 464 senatus
699 422 884 473 habitus,
918 421 1183 475 tribunisque
1213 420 1394 460 militum
1431 433 1562 473 nego-
1577 439 1780 468 Paciscuntur

140 479 249 520 tium
281 479 444 530 datum,
475 489 522 520 ut
550 481 878 535 paciscerentur.
938 477 1044 518 Inde
1081 478 1191 518 inter
1234 477 1290 522 Q.
1323 475 1560 529 Sulpicium
1577 484 1708 511 Romani
1739 526 1745 531 .

138 536 355 577 tribunum
377 537 555 578 militum
571 545 613 576 et
634 536 851 576 Brennum
875 534 1065 590 regulum
1091 534 1311 575 Gallorum
1334 532 1564 587 conloquio
1581 536 1651 555 ‘¹²²¹'
1667 525 1775 555 ⁶²⁰⁶·

139 602 353 634 transacta
376 608 438 634 res
460 604 537 643 est,
561 603 603 633 et
621 597 651 617 ⁸³
669 592 781 633 mille
803 592 945 648 pondo
968 592 1055 632 auri
1083 591 1265 647 pretium
1291 588 1436 645 populi
1461 603 1565 644 gen-

135 649 249 690 tibus
301 664 402 690 mox
446 650 692 704 imperaturi
727 649 904 690 factum.
978 648 1076 698 Rei,
1108 648 1358 688 foedissimae
1394 660 1466 700 per
1507 660 1565 696 se,

132 706 304 761 adjecta
342 706 576 761 indignitas
615 715 692 747 est.
736 706 922 762 pondera
953 705 1008 745 ab
1051 704 1184 745 Gallis
1223 703 1363 744 adlata
1406 703 1565 758 iniqua,

131 771 190 813 et,
231 763 403 804 tribuno
444 772 680 814 recusante,
720 763 888 804 additus
933 763 987 802 ab
1038 761 1247 802 insolente
1289 759 1417 800 Gallo
1459 774 1566 815 pon-

131 819 219 860 deri
253 819 443 875 gladius:
475 820 704 875 auditaque
736 818 999 872 int9leranda
1022 818 1230 859 Romanis
1256 831 1356 867 VOX‚
1383 814 1451 856 Voe
1481 816 1566 857 vic-

130 875 184 916 tis
205 889 293 916 esse.

188 931 366 973 XLIX.
409 932 491 974 Sed
523 932 730 988 8⁴Diique
761 940 804 972 et
835 931 1029 973 homines
1061 929 1319 988 prohibuere
1351 929 1562 970 redemtos
1575 944 1745 975 Dictatore

135 989 278 1030 vivere
313 989 547 1030 Romanos·
581 1005 677 1031 nam
707 989 819 1032 forte
849 989 1047 1044 quadam,
1079 988 1195 1044 prius
1228 1001 1356 1041 quam
1389 985 1737 1028 infandaadventus,

132 1059 290 1087 merces
321 1046 609 1100 perficeretur,
633 1060 707 1103 per
737 1046 1056 1087 altercationem
1091 1044 1281 1086 nondum
1311 1044 1428 1084 omni
1461 1058 1564 1084 auro

129 1102 333 1157 adpensu,
353 1103 537 1145 dictator
556 1103 810 1153 intervenit;
840 1102 1080 1157 auferrique
1099 1115 1248 1143 aurum
1269 1100 1322 1141 de
1345 1099 1504 1150 medio,
1522 1109 1566 1142 et

133 1158 279 1200 Gallos
302 1161 546 1202 submoveri·
560 1160 703 1215 jubet.
764 1160 908 1206 Quum
933 1159 990 1200 illi
1013 1160 1239 1200 renitentes
1269 1167 1420 1212 pactos
1450 1156 1566 1198 dice-

132 1225 226 1256 rent
247 1224 350 1268 sese,
371 1227 501 1274 negat
522 1231 614 1257 eam
638 1217 879 1273 pactionem
912 1228 1045 1258 ratam
1077 1230 1182 1265 esse,
1203 1229 1315 1269 quae,
1337 1225 1565 1269 postquam

133 1272 224 1327 ipse
255 1273 440 1315 dictator
472 1282 636 1315 creatus
667 1283 792 1324 esset,
823 1273 984 1328 injussu
1017 1288 1094 1314 suo
1127 1273 1181 1313 ab
1213 1270 1427 1313 inferioris
1452 1270 1564 1325 juris

134 1330 384 1385 magistratu
405 1331 518 1372 facta
531 1342 662 1372 esset:
682 1330 996 1386 denunciatque
1015 1329 1221 1380 Gallis,ut
1240 1342 1283 1368 se
1295 1327 1346 1368 ad
1361 1327 1564 1382 proelium

132 1387 379 1440 expediant.
402 1388 510 1428 Suos
524 1388 566 1427 in
577 1402 774 1428 acervum
789 1387 999 1442 conjicere
1013 1387 1264 1437 sarcinas‚et
1276 1399 1392 1425 arma
1403 1394 1565 1440 aptare,

133 1442 344 1498 ferroque,
365 1459 450 1485 non
473 1459 590 1494 aum,
612 1458 857 1499 recuperare
881 1445 1058 1500 patriam
1090 1443 1232 1498 jubet,
1255 1443 1298 1483 in
1329 1451 1565 1497 conspectu

132 1497 336 1540 habentes
358 1501 456 1541 fana
479 1500 690 1552 Deum7et
712 1501 934 1557 conjuges,
947 1510 989 1541 et
1010 1500 1178 1551 liberos,
1192 1510 1234 1540 et
1257 1498 1393 1539 solum
1415 1498 1564 1554 patriae

130 1555 320 1596 deforme
343 1557 440 1598 belli
463 1557 598 1607 malis,
620 1567 662 1598 et
683 1560 840 1607 omnia,
862 1572 957 1612 quae
980 1556 1149 1598 defendi
1180 1555 1400 1612 repetique
1430 1564 1474 1595 et
1503 1554 1566 1596 ul-

133 1612 237 1654 cisci
258 1613 366 1653 ⁸⁵fas
389 1615 457 1655 sit.
519 1614 697 1654 Instruit
717 1615 870 1654 deinde
892 1614 1043 1664 aciem,
1067 1624 1114 1653 ut
1134 1613 1216 1654 loci
1251 1621 1400 1653 natura
1430 1611 1566 1667 patie-

130 1669 270 1719 batur,
292 1669 334 1710 in
358 1671 571 1711 semirutae
594 1671 684 1711 solo
706 1671 837 1720 urbis,
855 1680 898 1711 et
920 1681 1070 1711 natura
1092 1670 1318 1725 inaequali3
1340 1678 1382 1709 et
1404 1668 1564 1719 omnia,

127 1739 223 1780 quae
245 1736 335 1767 arte
358 1727 454 1767 belli
476 1727 661 1768 secunda
682 1728 768 1768 suis
789 1727 887 1784 eligi
914 1727 1196 1784 praepararive
1233 1734 1444 1782 poterant,
1470 1740 1566 1780 pro-

128 1782 249 1824 vidit.
309 1783 439 1833 Gallu
460 1798 572 1824 nova
604 1798 647 1825 re
680 1784 850 1839 trepidi,
871 1799 988 1826 arma
1019 1784 1208 1840 capiunt,
1233 1784 1379 1838 iraque
1410 1782 1563 1837 magis,

127 1853 263 1893 quam
277 1841 472 1891 consilio,
491 1842 534 1881 in
559 1841 777 1882 Romanos
798 1842 1033 1883 incurrunt.
1063 1841 1161 1882 ,lam
1181 1848 1360 1880 verterat
1378 1838 1564 1889 fortuna,

122 1895 215 1950 jam
240 1895 428 1940 Deorum
454 1912 555 1953 opes
576 1898 846 1953 humanaque
867 1898 1046 1939 consilia
1066 1912 1152 1938 rem
1178 1897 1418 1938 Romanam
1440 1896 1565 1949 adju-

127 1953 299 1993 vabant.
320 1953 451 2010 igitur
473 1955 610 2010 primo
642 1969 850 1996 concursu
890 1955 1001 1996 haud
1037 1954 1198 2008 majore
1229 1960 1447 1994 momento
1479 1952 1562 1993 fusi

129 2008 242 2049 Galli
265 2019 381 2060 sunm
397 2025 528 2066 quam·
545 2012 600 2052 ad
621 2011 779 2052 Alliam
799 2013 1002 2053 vicerant.
1044 2011 1235 2053 Justiore
1254 2010 1388 2051 altero
1408 2009 1562 2050 deinde
1573 2024 1679 2054 Vin‘cit

127 2065 285 2121 proelio
321 2067 373 2108 ad
407 2078 605 2109 octavum
641 2069 824 2124 lapidem
856 2069 1029 2110 Gabina
1059 2069 1141 2117 via,
1172 2083 1257 2122 quo
1293 2082 1336 2108 se
1369 2081 1423 2107 ex
1456 2066 1688 2122 fugaeanos.

127 2122 415 2175 contulerant,-
433 2125 622 2179 ejusdem
637 2125 785 2177 ‘ductu
809 2126 1086 2181 auspicioque
1125 2124 1295 2165 Camilli
1321 2124 1560 2165 vincuntur.

129 2177 197 2218 Ibi
220 2179 358 2220 caedes
389 2182 532 2222 omnia
562 2181 763 2222 obtinuit.
786 2191 923 2223 castra
953 2183 1196 2237 capiuntur,
1217 2191 1260 2222 et
1292 2195 1345 2221 ne
1378 2181 1561 2222 nuncius

125 2235 297 2290 quidem
333 2237 464 2278 cladis
500 2238 684 2279 relictus.
745 2239 957 2288 Dictat-or,
988 2248 1236 2294 recuperata
1273 2251 1327 2279 ex
1364 2237 1560 2278 hostibus

124 2292 282 2346 patria,⁴
300 2293 565 2349 triumphans
585 2295 628 2335 in
652 2296 796 2336 urbem
821 2296 953 2339 redit:
984 2295 1319 2350 interqtiejocos
1341 2294 1560 2346 militares,

126 2362 233 2403 quos
256 2349 497 2403 inconditos
512 2351 698 2407 jaciunt,
721 2352 928 2393 Romulus
959 2367 1008 2394 ac
1039 2367 1191 2408 parens
1227 2352 1376 2408 patriae
1411 2351 1559 2392 condi-

125 2501 231 2523 nanus
255 2503 273 2523 e
298 2503 358 2524 suo
384 2494 496 2524 codiee
519 2494 670 2534 protulit,
687 2491 822 2526 firmant
866 2496 1018 2536 Polybius
1034 2500 1147 2527 tamen
1174 2499 1209 2526 et
1235 2496 1331 2526 initio
1345 2496 1401 2526 lib.
1418 2494 1443 2525 1.
1461 2498 1495 2524 et
1522 2494 1560 2525 li-

126 2538 193 2565 tres
216 2546 234 2566 e
265 2538 385 2566 nostris
417 2539 555 2577 optimi:
596 2539 721 2578 vulgati
753 2549 821 2569 ma-
865 2539 925 2569 bro
956 2539 1000 2570 11.
1024 2551 1053 2570 c.
1081 2543 1129 2570 18.
1164 2539 1408 2570 traditssallos
1437 2538 1560 2568 fordere

127 2577 158 2608 le
188 2579 388 2610 exhibebant
409 2582 617 2612 stationibus.-
641 2582 726 2611 male
763 2582 817 2612 iti-
866 2592 940 2612 cum
985 2583 1144 2613 Romanis
1188 2582 1277 2612 facto
1314 2582 1559 2612 conditionibus

126 2620 203 2651 dem
239 2623 392 2662 Sigonius
431 2624 607 2654 invehebat
643 2627 677 2655 in
713 2627 821 2655 statio·
865 2626 982 2664 quibus
998 2626 1183 2663 voluerant,
1201 2625 1393 2665 redditaque
1411 2626 1450 2655 iis
1465 2625 1561 2663 urbe,

125 2673 211 2707 nes-‚⁴
865 2668 905 2698 ad
920 2669 1043 2708 patrias
1065 2669 1158 2698 sedes
1188 2668 1344 2699 rediisse:
1368 2678 1430 2699 nec
1454 2668 1558 2698 ullam

168 2710 207 2738 83
231 2708 326 2739 Jlfille
345 2711 447 2750 pondo
476 2710 568 2749 auri]
603 2710 697 2741 Mille
728 2711 819 2741 libra:
863 2712 1070 2741 mentionem
1086 2712 1169 2742 facit
1196 2711 1329 2742 Camilli
1356 2713 1490 2752 ejusque
1518 2712 1559 2742 de

125 2747 285 2782 Romanas
302 2755 372 2782 auri
389 2766 396 2784 z
421 2752 495 2793 quae
512 2754 652 2784 redeunt
670 2754 710 2784 ad
735 2765 820 2784 mar·
864 2754 966 2784 Gallis
983 2755 1206 2786 victoriarum.
1241 2756 1244 2758 '
1346 2752 1349 2755 ’

126 2802 179 2842 cas
196 2799 360 2826 nostrates
381 2799 472 2828 1562.
489 2807 565 2828 cum
589 2802 734 2837 quatuor
758 2808 818 2828 un-
906 2798 976 2828 35*
989 2797 1053 2828 Fas
1065 2796 1120 2837 sic]
1143 2798 1246 2838 Leges
1262 2795 1483 2829 sanctissimae
1502 2799 1563 2837 ju·

130 2845 198 2866 ens.
861 2841 972 2871 beant.

170 2882 209 2910 84
242 2879 364 2922 Diique
393 2888 424 2913 et
454 2885 593 2915 homines
614 2883 814 2925 prohibuere]

914 2932 986 2967 23
