1991 3250
345 96 399 131 48
885 92 1027 131 ΤΙΤΙ
1072 92 1246 131 LIVII

345 193 447 244 loci,
469 192 542 236 sed
576 207 630 235 ne
661 193 834 250 quando
866 207 918 235 ea
950 208 1027 235 arx
1060 194 1252 236 hostium
1276 201 1402 236 esset.
1433 196 1523 238 ⁵¹id
1554 210 1642 238 non
1662 211 1789 240 muro

347 250 502 302 solum,
525 251 598 292 sed
619 252 766 301 etiam,
789 251 846 292 ob
879 251 1232 293 commoditatem
1269 251 1448 299 itineris,
1471 255 1505 277 ³2
1517 263 1648 308 ponte
1681 256 1783 301 subff-

330 307 462 360 licio,
485 320 574 348 tum
608 310 793 364 primum
816 308 858 348 in
886 306 1061 348 Tiberiu
1082 308 1213 360 facto,
1235 309 1445 365 conjungi
1479 311 1573 350 urbi
1608 311 1785 366 placuit.

129 671 257 709 Imperii
274 670 309 698 fi-

128 723 184 750 nes
205 713 332 753 prolati.

130 990 171 1020 U.
189 992 224 1020 C.
242 994 314 1019 121.

129 1034 169 1068 Λ.
187 1034 221 1063 C.
237 1035 311 1063 631.

128 1078 165 1108 L.
179 1075 315 1115 Tarqui-

129 1122 200 1150 nius
215 1122 278 1150 Ro-

128 1174 210 1196 mam
225 1163 322 1194 venit.

126 1513 203 1550 Ejus
217 1522 316 1551 genus

124 1562 158 1591 ‘et
173 1557 248 1590 fata.

347 365 586 412 Quiritium
627 379 799 420 quoque
842 363 970 416 fossa,
1014 365 1125 406 haud
1169 381 1349 421 parvum
1391 367 1706 410 munimentum
1759 384 1784 410 a

344 422 612 478 planioribus
634 423 752 463 aditu
776 421 897 472 locis,
919 420 1030 462 Anci
1052 422 1165 478 regis
1187 437 1295 478 opus
1317 432 1396 464 est.
1449 423 1624 479 Ingenti
1645 424 1786 466 :iucre-

343 490 491 521 mento
514 481 640 520 rebus
671 479 823 529 auctis,
843 493 974 533 quum
1008 479 1051 518 in
1083 490 1204 519 tanta
1235 479 1512 522 multitudine
1543 480 1786 533 hominum,

344 537 591 578 discrimine
614 547 728 576 recte
750 550 803 576 an
833 549 1056 591 perperam
1088 535 1190 577 facti
1225 536 1423 588 confuso,
1445 537 1639 579 facinora
1668 538 1786 580 clan-

345 593 514 635 destina
552 594 716 644 fierent,
754 606 899 633 career
936 592 990 633 ad
1028 601 1234 634 terrorem
1275 594 1552 635 increscentis
1591 595 1784 637 audaciae

345 651 488 692 media
510 652 628 701 urbe,
653 650 865 690 inminens
899 648 1011 699 foro,
1034 650 1288 692 aedificatur.
1348 652 1443 692 Nec
1477 653 1579 693 urbs
1614 661 1786 694 tantum

345 708 428 750 hoc
452 723 550 763 rege
571 708 722 757 crevit,
745 707 817 747 sed
841 706 971 747 etiam
993 721 1097 762 ager
1115 707 1323 764 finesque.
1364 708 1484 750 Silva
1507 708 1664 750 Maesia
1685 709 1788 750 Vei-

342 766 516 807 entibus
548 765 734 814 ademta,
758 779 892 819 usque
924 762 977 804 ad
1001 777 1117 804 mare
1150 765 1378 821 imperium
1414 765 1641 821 prolatum,
1663 777 1707 806 et
1741 767 1785 807 in

343 837 417 863 ore
457 821 625 862 Tiberis
671 821 822 862 Ostiax
862 821 963 862 urbs
1004 822 1204 864 condita:
1267 822 1414 864 salinae
1476 823 1592 864 circa
1640 823 1786 874 factae,

343 879 602 935 egregieque
623 880 750 920 rebus
783 877 892 920 bello
917 878 1065 934 gestis,
1086 879 1221 920 aedis'
1241 879 1364 921 Jovis
1389 879 1569 920 I'eretrii
1598 879 1787 937 amplifi-

343 947 455 978 cata.

402 992 639 1035 XXXIV.
681 992 807 1034 Anco
835 1000 1058 1048 regnante,
1094 992 1305 1045 Lucumo,
1340 993 1404 1034 vir
1436 993 1606 1049 inpiger
1639 1008 1691 1034 ac
1721 993 1787 1035 ‹li-

343 1051 460 1092 vitiis
486 1061 653 1107 potens,
672 1050 861 1091 Romam
883 1051 1188 1106 conmigravit,
1207 1051 1411 1107 cupidine
1433 1052 1622 1092 maxime
1638 1065 1689 1092 ac
1711 1065 1788 1107 spe

344 1109 491 1164 magni
516 1108 708 1160 honoris,
729 1107 798 1163 cuj
809 1122 854 1148 us
877 1108 1148 1163 adipiscendi
1181 1107 1430 1163 Tarquiniis
1452 1112 1572 1162 (nam
1596 1108 1656 1149 ibi
1679 1123 1790 1163 quo-

343 1181 427 1221 que
461 1166 688 1222 peregrina
721 1166 855 1221 stirpe
885 1165 1092 1206 oriundus
1134 1168 1245 1215 erat)
1280 1165 1463 1206 facultas
1497 1180 1584 1206 non
1629 1165 1788 1209 fuerat.

344 1227 373 1248 ⁵³
390 1222 614 1265 Damarati
637 1232 650 1248 ²
675 1221 894 1263 Corinthii
917 1222 1031 1263 filius
1061 1233 1178 1274 erat3
1207 1222 1297 1278 qui,
1320 1224 1377 1263 ob
1399 1223 1633 1263 seditiones
1655 1223 1788 1264 domo

342 1280 569 1338 profugus,
592 1294 725 1335 quum
746 1279 992 1335 Tarquiniis
1016 1279 1128 1321 forte
1157 1280 1440 1331 consedisset,
1462 1294 1597 1320 uxore
1625 1279 1685 1320 ibi
1707 1280 1787 1321 du-

342 1347 428 1389 cta,
449 1339 558 1379 duos
581 1337 693 1378 filios
715 1337 884 1393 genuit.
946 1336 1141 1378 Nomina.
1163 1337 1230 1378 bis
1254 1337 1450 1378 Lucumo
1483 1347 1613 1392 atque
1645 1331 1795 1379 Aruns.

343 1396 533 1437 fuerunt.
583 1395 777 1436 Lucumo
802 1393 1017 1450 superfuit
1039 1394 1165 1449 patri,
1183 1396 1394 1435 bonorum
1411 1395 1606 1435 omnium
1629 1393 1787 1436 haeres:

342 1452 486 1494 Aruns
530 1452 648 1509 prior
677 1466 807 1508 quam
840 1461 960 1507 pater
996 1452 1194 1502 moritur,
1226 1466 1362 1493 uxore
1404 1451 1582 1506 gravida
1624 1451 1788 1492 relicta.

342 1510 439 1552 Nec
461 1510 534 1552 diu
557 1519 704 1551 manet
727 1518 941 1565 superstes
967 1508 1054 1549 filio
1078 1519 1222 1565 pater:
1255 1509 1328 1563 qui
1362 1522 1511 1563 quum,
1534 1508 1787 1564 ⁵⁴ignorans

339 1582 498 1609 nurum
522 1575 718 1608 ventrem
741 1567 865 1617 ferre,
889 1567 1102 1607 inmemor
1132 1566 1176 1607 in
1208 1566 1406 1606 testando
1438 1565 1610 1621 nepotis
1641 1565 1788 1606 deces-

340 1626 480 1677 sisset,
505 1639 650 1680 puero,
674 1633 776 1681 post
804 1624 873 1665 avi
905 1633 1088 1664 mortem
1121 1623 1165 1664 in
1195 1622 1355 1664 nullam
1384 1632 1543 1663 sortem
1575 1623 1789 1663 bonorum

338 1692 460 1734 nato,
482 1685 537 1724 ab
558 1682 708 1738 inopia
730 1681 890 1738 Egerio
914 1681 1098 1722 inclitum
1120 1695 1295 1722 nomen.
1347 1679 1591 1721 Lucumoni
1620 1689 1790 1730 contra,

338 1741 535 1781 omnium
554 1739 716 1781 haeredi
740 1740 969 1789 bonorum,
991 1753 1125 1793 quum
1149 1738 1316 1779 ‹livitiae
1344 1738 1438 1793 jam
1472 1737 1639 1778 animos
1673 1736 1790 1778 face-

338 1807 447 1850 rent,
463 1797 726 1839 auxitducta
740 1796 784 1838 in
802 1796 1124 1838 matrimonium
1140 1794 1366 1851 Tanaquil,
1381 1809 1549 1836 summo
1562 1794 1659 1836 loco
1672 1803 1790 1847 nata,

712 1922 727 1936 Χ
743 1915 859 1945 Hostia
875 1916 972 1945 Gron.
1067 1920 1083 1940 ἲ
1097 1913 1173 1944 oedcs
1187 1914 1286 1944 Gron.
1302 1914 1393 1942 Crev-

335 1921 353 1936 u
371 1917 506 1949 Tiberim
519 1917 610 1946 Crcv.
1496 1917 1509 1932 ²
1518 1912 1688 1960 Demarqti
1700 1911 1791 1941 Crev.

383 2018 418 2046 51
450 2015 492 2045 Ιᾱ
517 2024 579 2044 uon
607 2023 701 2044 mitro
723 2014 842 2052 solum]
870 2011 1041 2051 intellige,
1131 2014 1171 2043 54
1196 2010 1362 2049 Ignorans
1375 2018 1500 2039 mermn
1516 2003 1784 2046 venermnferre]

339 2069 407 2091 non
424 2056 592 2099 cunjungi,
610 2057 696 2096 quod
713 2057 881 2096 sequitur,
897 2056 954 2086 sed
972 2056 1043 2085 cin-
1086 2055 1254 2086 Notabilis
1271 2054 1325 2084 hie
1342 2054 1436 2084 nobis
1448 2053 1574 2083 locutio
1589 2051 1738 2082 occurrit
1753 2051 1788 2081 in

339 2103 386 2142 gi,
401 2102 536 2139 muniri,
549 2106 608 2131 aut
620 2100 711 2131 alind
724 2101 804 2140 quid
814 2099 936 2130 simile.
966 2099 1045 2130 Non

338 2147 429 2176 enim
459 2147 493 2176 in
519 2145 636 2175 urbem
663 2148 745 2175 tunc
776 2144 946 2174 inclusum
975 2143 1041 2173 fuit

338 2189 549 2227 daniculum,
583 2194 622 2219 ut
651 2188 750 2218 niodo
781 2187 1039 2217 observavimus.

340 2234 434 2274 Saepe
449 2232 597 2273 suppleri
615 2232 677 2262 hoe
694 2231 793 2262 modo
810 2231 945 2270 aliquod
967 2240 1040 2260 ver—

339 2278 419 2308 bum
436 2287 571 2307 necesse
588 2281 640 2306 est
655 2277 689 2306 in
715 2275 864 2305 oratione
888 2274 1038 2314 pluribus

340 2321 497 2352 membris
515 2324 703 2350 constante.
727 2318 802 2349 vid.
814 2324 882 2348 not.
895 2321 946 2349 84.
959 2317 1001 2348 ad
1011 2327 1040 2348 c.

338 2365 392 2398 67.
410 2365 432 2395 l.
451 2365 514 2395 111.
533 2364 631 2394 infra.
706 2377 710 2380 ·

382 2411 422 2439 52
447 2408 576 2439 Ponte.
595 2408 654 2438 .in
687 2406 829 2438 Tiberim
845 2404 960 2445 facto]
989 2404 1043 2434 Sie

337 2451 457 2482 habero
476 2458 623 2482 veterem
640 2450 877 2481 suumlibrum
895 2453 1042 2479 testatur

338 2497 505 2535 Sigonius.
559 2495 738 2525 consensit
778 2493 942 2524 Victorin.
987 2502 1041 2521 eo-

339 2539 413 2569 dex.
458 2540 511 2569 Sic
527 2544 563 2569 et
580 2539 754 2579 Epitome:
773 2542 905 2578 pontem
925 2537 960 2567 in
986 2535 1043 2566 Ti-

339 2582 542 2621 berimsecit.
590 2583 706 2622 Itaque
724 2582 951 2618 judicavimus
969 2579 1040 2610 vul-

340 2631 454 2665 gatam
472 2626 649 2656 lectionem
667 2628 701 2655 in
720 2625 828 2656 Tiberi
843 2625 883 2655 ab
901 2625 939 2655 iis
954 2633 1039 2660 esso,

339 2670 397 2709 qui
420 2675 455 2700 et
479 2680 579 2709 supra
595 2681 622 2698 c.
645 2673 693 2700 18.
711 2669 862 2699 fecerant
884 2669 918 2698 in
936 2669 1042 2708 capite

342 2714 478 2750 Nume’,
494 2713 550 2743 ubi
568 2713 820 2743 emendavimus
844 2722 883 2743 ex
907 2713 1039 2753 scriptis

341 2757 596 2797 quamplurimis
613 2758 647 2786 in
664 2762 771 2796 caput.

386 2804 425 2832 53
450 2799 643 2839 Demarati]
661 2801 710 2830 Du
725 2800 898 2830 Domai-ati
911 2799 1040 2838 origine

343 2849 377 2876 r·t
392 2844 521 2876 casibus
537 2843 633 2885 plura
648 2843 749 2876 habet
764 2844 865 2876 Dion.
882 2844 903 2874 l.
921 2842 982 2874 111.

1089 2099 1217 2129 duobus
1257 2097 1445 2127 codicibus:
1485 2097 1641 2134 ignorans
1682 2104 1790 2125 nurus

1083 2147 1242 2173 ventrem.
1286 2141 1436 2171 Verbum
1454 2139 1554 2179 ferre
1584 2139 1620 2168 in
1650 2139 1689 2169 iis
1720 2147 1788 2168 non

1084 2190 1266 2226 comparet.
1313 2184 1473 2223 Cogitent
1498 2182 1621 2213 eruditi
1648 2191 1692 2212 an
1720 2181 1805 2212 non'

1083 2230 1155 2260 haec
1188 2239 1264 2258 vera
1293 2228 1337 2258 sit
1368 2228 1454 2258 Livii
1484 2227 1663 2266 scriptura.
1695 2231 1788 2255 certe

1084 2274 1156 2303 luae
1171 2274 1280 2312 figura
1296 2271 1453 2311 loquendi
1471 2279 1538 2300 non
1554 2270 1642 2309 sapit
1662 2268 1788 2299 librarii

1085 2326 1235 2347 manum.
1280 2316 1324 2346 Et
1349 2316 1461 2345 firmat
1484 2314 1658 2350 Horatium,
1681 2311 1789 2352 Epod.

1090 2363 1139 2393 17.
1187 2359 1338 2399 Tumque
1359 2363 1472 2389 venter
1493 2355 1730 2388 Pactumeius.-
1753 2355 1789 2385 id

1087 2407 1152 2441 est,
1165 2403 1378 2434 Pactumeius
1395 2402 1471 2443 (hoe
1487 2409 1610 2431 nomen
1624 2403 1697 2429 erat
1713 2400 1790 2438 ejus

1084 2457 1183 2487 quem
1199 2447 1340 2477 Canidia
1352 2455 1412 2486 pro
1425 2444 1494 2476 filio
1504 2453 1566 2474 suo
1577 2441 1787 2482 ostentabat)

1086 2491 1300 2522 Pactumeius
1325 2499 1399 2520 vere
1422 2493 1523 2519 natus
1545 2497 1587 2518 ex
1609 2490 1643 2517 te
1667 2489 1732 2524 est,
1746 2495 1787 2517 ex

1085 2542 1182 2566 utero
1199 2540 1256 2566 tuo
1272 2543 1348 2564 vere
1365 2532 1499 2573 prodiit.
1543 2530 1671 2561 Eodem
1689 2529 1788 2560 modo

1083 2589 1163 2610 usus
1186 2583 1239 2610 est
1266 2577 1404 2608 Tacitus
1428 2574 1654 2616 appellatione
1677 2574 1788 2604 uteri.-

1084 2622 1206 2654 Annal.
1230 2622 1251 2652 1.
1276 2620 1302 2651 1.
1326 2631 1355 2650 c.
1381 2623 1435 2654 59.
1459 2616 1632 2659 Suly'ecms
1656 2617 1788 2655 servitio

1084 2667 1194 2698 uxot-Is
1217 2669 1352 2696 merus.-
1377 2668 1412 2693 et
1434 2663 1506 2694 XV.
1524 2665 1576 2694 ²23.
1592 2661 1675 2693 dam
1690 2669 1786 2691 sena-

1084 2716 1137 2741 ms
1163 2713 1296 2740 uterum
1324 2707 1472 2747 Poppoeoe
1500 2705 1784 2737 commendaverat

1084 2755 1157 2785 diis.
1205 2752 1305 2783 Plura
1326 2750 1516 2782 consimilia
1541 2747 1696 2789 exempla
1718 2746 1787 2778 col-

1084 2798 1169 2837 legit
1184 2795 1395 2826 doctissimus
1409 2793 1582 2826 Bentleius
1596 2793 1631 2823 in
1648 2794 1728 2822 nota
1743 2789 1787 2822 nd

1085 2840 1218 2874 Horatii
1232 2839 1346 2872 locum
1361 2837 1460 2870 modo
1476 2841 1714 2875 memoratum.
