1914 3239
268 95 318 130 82
816 88 959 128 TlTI
994 84 1168 128 LIVII

269 189 404 246 igitur
443 189 663 232 civitatem
708 188 799 230 otio
837 200 969 241 ratus,
1000 191 1190 246 undique
1231 186 1457 228 materiam
1486 189 1709 230 excitandi

269 246 370 288 belli
387 248 624 302 quaerebat.
671 245 801 287 Forte
822 246 982 296 evenit,
1006 256 1054 287 ut
1075 254 1265 301 agrestes
1288 243 1474 284 Romani
1497 258 1552 285 ex
1576 244 1711 286 Alba-

268 317 326 343 no
347 317 467 359 agr0,
490 301 645 343 Albani
671 316 724 343 ex
751 301 952 342 Romano
975 303 1142 356 praedas
1165 303 1208 342 in
1233 300 1371 341 vicem
1393 309 1586 354 agerent.
1619 300 1708 341 Im·

269 360 483 414 peritabat
516 367 607 399 tum
634 358 685 399 C.
711 357 894 398 Cluilius
918 357 1057 399 Albae.
1095 358 1312 411 utrimque
1344 355 1477 411 legati
1505 355 1594 397 fere
1626 357 1706 397 sub

268 415 382 456 idem
406 424 574 469 tempus
601 414 653 454 ad
686 427 750 453 res
781 413 1034 468 repetendas
1065 414 1201 455 missi.
1261 411 1409 453 Tullus
1442 422 1708 466 praeceperat

268 471 369 522 suis,
401 485 454 511 ne
484 471 586 525 quid
621 473 751 525 priuS‚
775 483 904 524 quam
936 470 1153 520 mandata,
1176 477 1369 524 agerent.
1392 467 1495 508 satis
1526 467 1706 519 sciebat,

265 539 524 582 negaturum
546 525 793 576 Albanum3
827 525 887 565 ita
908 525 979 581 pie
1002 525 1159 566 bellum
1184 524 1316 565 indici
1339 537 1480 579 posse.
1539 523 1610 564 Ab
1632 523 1710 565 Al·

268 584 390 625 banis
415 582 635 623 socordius
658 595 722 622 res
753 591 876 622 acta:
909 582 1083 636 excepti
1114 580 1306 636 hospitio
1327 581 1384 621 ab
1405 579 1530 620 Tullo
1555 580 1710 622 blande

268 654 317 680 ac
358 640 557 694 benigne,
589 638 770 679 comiter
803 638 914 692 regis
951 637 1201 678 convivium
1231 636 1466 678 celebrant.
1498 637 1707 692 tantisper

271 695 455 736 Romani
479 702 522 735 et
544 708 607 735 res
631 694 920 748 repetiverant
943 693 1120 748 priores,
1141 703 1184 734 et
1214 692 1392 747 neganti
1414 691 1586 733 Albano
1619 693 1707 734 bel-

264 751 351 791 lum
376 752 418 791 in
454 750 722 805 trigesimum
747 749 860 790 diem
883 750 1143 790 indixerant.
1166 749 1262 790 haec
1284 748 1534 789 renuntiant
1563 747 1704 790 Tullo.

264 807 373 849 'sum
395 807 548 862 legatis
570 805 718 847 Tullus
739 806 910 846 dicendi
935 814 1210 860 potestaten„
1232 804 1336 859 quid
1360 812 1554 860 petentes
1577 819 1711 846 vene-⁷

266 864 366 913 rint,
398 863 516 904 facit.
549 862 625 913 illi,
656 863 851 903 omnium
894 862 1049 917 ignari,
1083 862 1270 917 primum
1302 860 1527 915 purgando
1559 870 1704 902 terunt

267 931 434 975 tempus
453 936 462 961 :
496 918 548 960 Se
569 918 717 960 invitos
740 918 972 974 quidquam,
995 918 1103 973 quod
1129 917 1261 958 minus
1287 916 1447 971 placeat
1485 916 1619 966 Tullo,
1642 917 1708 958 di-

264 983 420 1025 ctur-055
450 975 517 1016 sed
536 975 701 1025 imperio
720 975 876 1031 subigi.-
908 989 972 1016 res
993 974 1204 1030 repetitum
1234 987 1273 1014 se
1302 973 1463 1014 venisse,
1525 972 1588 1014 Ni
1615 973 1706 1014 red-

263 1034 427 1083 dantur,
459 1031 606 1072 bellum
645 1031 821 1072 indicere
847 1032 996 1087 jussos.
1054 1031 1124 1072 Ad
1147 1030 1244 1072 haec
1281 1028 1456 1070 Tullus:
1501 1027 1706 1072 Nunc-iate

264 1089 418 1154 ipquit,
443 1089 528 1143 regi
557 1094 699 1138 vestro,
723 1101 856 1144 regem
887 1086 1121 1129 Romanum
1152 1086 1263 1128 Deos
1277 1084 1425 1141 facere
1455 1092 1584 1137 testes,
1614 1093 1705 1128 uter

255 1145 373 1199 prius
396 1144 569 1200 populns
601 1157 659 1185 res
688 1151 899 1199 repetentes
917 1144 1066 1199 legatos
1095 1142 1361 1198 adspernatus
1380 1141 1592 1194 dimiserit,
1616 1145 1645 1167 ⁵³
1659 1150 1704 1184 ut

261 1203 305 1243 z'n
327 1216 415 1242 eum
437 1215 568 1242 omnes
588 1207 774 1255 expetant
795 1200 958 1256 hujusce
978 1200 1108 1241 clades
1130 1199 1239 1240 belli.

50 1274 89 1302 υ,
109 1273 144 1300 t.
163 1274 213 1299 85.
323 1257 515 1299 XXffl.
540 1256 652 1298 Haec
665 1257 873 1298 nunciant
894 1257 1070 1298 domum
1085 1256 1259 1297 Albani.
1292 1253 1350 1296 Et
1370 1254 1529 1296 bellum
1552 1255 1702 1297 utrim-

49 1314 228 1344 A·C·⁶⁶⁷·
263 1328 346 1369 que
376 1328 544 1356 summa
573 1328 657 1369 ope
688 1315 933 1370 parabatur,
964 1313 1081 1355 civili
1113 1312 1378 1354 simillimum
1411 1310 1538 1361 bello,
1567 1326 1703 1368 prope

45 1358 249 1430 {fffflffscum
263 1372 373 1411 inter
394 1379 591 1425 parentes
611 1378 845 1425 natosque3
867 1369 1099 1424 Trojanam
1125 1379 1349 1422 utramque
1368 1368 1547 1423 prolem,
1569 1383 1703 1423 quum

47 1426 57 1431 “
182 1421 189 1429 ’
268 1427 496 1469 Lavinium
517 1427 571 1467 ab
592 1425 740 1481 Troja,
763 1427 817 1467 ab
845 1426 1026 1468 Lavinio
1047 1425 1175 1476 Alba,
1196 1426 1251 1466 ab
1273 1424 1539 1465 Albanorum
1572 1425 1704 1480 stirpe

262 1498 413 1540 regum
438 1483 606 1525 oriundi
632 1482 823 1525 Romani,
842 1493 998 1523 essent.
1060 1482 1252 1523 Eventus
1275 1490 1416 1522 tamen
1439 1480 1538 1522 belli
1562 1482 1704 1523 minus

261 1540 550 1581 miserabilem
587 1538 915 1580 dimicationem
949 1539 1079 1580 fecit:
1111 1538 1229 1593 quod
1259 1552 1340 1579 nec
1377 1539 1469 1578 acie
1490 1546 1701 1579 certatum

263 1606 352 1648 est3
385 1607 443 1648 et,
477 1596 602 1637 tectis
640 1597 769 1636 modo
795 1596 949 1636 dirutis
985 1595 1159 1636 alterius
1192 1593 1326 1644 urbis,
1347 1594 1433 1636 duo
1469 1593 1616 1649 populi
1659 1595 1703 1636 in

263 1667 396 1694 unum
439 1652 609 1694 confusi
647 1664 760 1693 sunt.
820 1652 980 1693 Albani
1023 1653 1184 1707 priores
1227 1651 1394 1706 ingenti
1428 1650 1621 1691 exercitu
1658 1651 1705 1692 iu

263 1724 413 1765 agrum
439 1709 686 1750 Romanum
711 1710 905 1764 inpetum
929 1708 1081 1750 fecere.
1102 1718 1243 1749 castra
1262 1708 1317 1748 ab
1341 1708 1445 1748 urbe
1466 1706 1582 1748 haud
1608 1707 1703 1762 plus

262 1767 453 1821 quinque
476 1766 608 1806 millia
631 1779 833 1820 passuum
848 1766 1007 1815 locant,
1025 1764 1444 1805 fossacircumdant:
1469 1762 1584 1804 fossa
1599 1763 1705 1804 Clu-

263 1823 335 1862 ilia
356 1825 411 1863 ab
434 1823 608 1863 nomine
629 1822 750 1863 ducis
775 1836 846 1877 per
868 1821 1032 1876 aliquot
1056 1822 1198 1863 secula
1228 1820 1441 1876 adpellata
1461 1829 1541 1871 est,
1563 1821 1702 1862 donec

261 1893 359 1919 cum
394 1893 437 1919 re
469 1892 624 1919 nomen
656 1892 828 1932 quoque
861 1887 1073 1919 vetustate
1104 1877 1309 1918 abolevit.
1372 1877 1420 1917 ln
1453 1876 1519 1917 his
1549 1877 1702 1918 castris

263 1935 446 1975 Cluilius
468 1934 663 1975 Albanus
687 1949 764 1975 rex
796 1936 1004 1985 moritur3
1037 1935 1293 1975 dictatorem
1316 1932 1475 1974 Albani
1509 1929 1702 1975 Mettum

264 1991 497 2032 Fuffetium
529 1999 692 2032 creant.
754 1990 934 2031 Interim
965 1990 1113 2031 Tullus
1145 1991 1283 2040 ferox,
1315 1990 1535 2045 praecipue
1566 1998 1704 2031 morte

264 2049 390 2103 regis,
409 2061 703 2103 magnumque
729 2046 922 2089 Deorum
956 2062 1129 2097 numen,
1153 2047 1206 2087 ab
1240 2047 1333 2101 ipso
1367 2047 1510 2101 capite
1545 2060 1705 2097 orsum,

261 2111 290 2129 “⁴²
308 2105 347 2144 in
371 2118 498 2144 omne
512 2118 667 2144 nomen
684 2103 901 2145 Albanum
915 2105 1206 2158 expetiturum
1228 2117 1380 2158 poenas
1393 2104 1447 2143 ob
1461 2102 1618 2143 bellum
1639 2103 1704 2144 in-

259 2161 378 2214 pium
410 2160 629 2210 dictitans,
661 2171 804 2210 nocte,
835 2162 1065 2216 praeteritis
1109 2160 1299 2200 hostium
1341 2159 1508 2209 castris,
1543 2159 1729 2201 infesto'

258 2216 451 2257 exercitu
476 2217 517 2257 in
542 2231 693 2272 agrum
717 2216 934 2258 Albanum
960 2218 1115 2272 pergit.
1151 2216 1213 2256 Ea
1232 2230 1296 2257 res
1315 2217 1370 2257 ab
1393 2215 1559 2256 stativis
1582 2216 1701 2257 exci-

261 2274 322 2313 vit
345 2273 551 2314 Mettum.
574 2273 692 2314 ducit
727 2277 893 2328 55quam
919 2275 1115 2329 proxime
1137 2273 1189 2314 ad
1213 2273 1383 2314 hostem
1401 2280 1570 2327 potest3
1601 2272 1700 2314 inde

259 2329 450 2385 legatum
473 2330 744 2385 praemissum
768 2330 971 2371 minciare
992 2330 1117 2371 Tullo
1134 2331 1278 2385 jubet,
1304 2329 1553 2385 priusquam
1573 2328 1701 2370 dimi-

300 2446 339 2473 53
371 2443 415 2473 Ut
430 2445 463 2474 in
478 2448 826 2483 eummnneseapetcmt
844 2443 956 2485 tarsus-
1000 2449 1114 2474 turum
1128 2442 1253 2483 panas]
1276 2444 1399 2474 Merito
1413 2443 1603 2482 suspicatur
1618 2443 1702 2473 San·

258 2496 291 2516 ce
314 2487 420 2516 clades
452 2486 537 2526 belli]
567 2488 613 2517 Ut
643 2488 676 2516 in
701 2496 776 2516 eum
806 2487 957 2517 recidant
1002 2490 1088 2517 etius
1105 2497 1219 2517 vocem
1238 2497 1352 2526 μηκας
1376 2496 1442 2516 non
1463 2496 1533 2516 esse
1551 2495 1569 2516 a
1586 2485 1698 2516 Livio:

259 2538 374 2558 ornnes
390 2529 527 2565 hujusce
543 2530 620 2560 belli
632 2529 752 2560 clades.
777 2532 830 2560 Sic
848 2531 956 2562 l'laut.
1002 2535 1031 2560 2¹!
1055 2532 1186 2561 deorum
1210 2539 1345 2566 πιιηιεη,
1362 2530 1396 2560 id
1418 2534 1482 2565 est,
1503 2538 1699 2569 supremum

259 2571 424 2610 Amphitr.
442 2572 515 2602 Act.
541 2573 566 2602 1.
591 2583 636 2603 se.
662 2575 691 2602 Ξ.
709 2583 738 2602 ν.
764 2575 816 2603 32.
862 2573 957 2604 Deli·
1003 2584 1039 2603 :rc
1057 2574 1191 2610 justum
1214 2573 1403 2609 arbitrium,
1423 2573 1475 2603 hic
1500 2573 1563 2602 dici
1581 2573 1710 2612 expeti<

257 2619 346 2644 ceum
363 2624 460 2643 suum
482 2626 639 2656 suamque
653 2618 785 2654 culpam
809 2622 956 2656 expelere
1000 2623 1116 2647 lurum
1141 2617 1175 2646 in
1192 2616 1351 2653 Albanos,
1369 2615 1652 2654 quemadmodum
1669 2624 1700 2645 c.

258 2659 292 2686 in
310 2659 477 2687 mortalem
495 2663 530 2688 ut
545 2660 643 2688 simu.
691 2660 734 2688 Et
750 2669 861 2689 rursus
879 2661 953 2690 Act.
999 2669 1109 2700 super.
1122 2664 1158 2689 uc
1174 2661 1286 2689 ineam
1299 2668 1407 2689 omnes
1421 2665 1571 2699 expetam
1589 2656 1701 2700 hujus-

261 2698 304 2728 ll.
317 2708 361 2728 sc.
381 2702 406 2729 l.
420 2710 448 2729 v.
462 2702 515 2730 42.
545 2700 645 2740 l'ujus
660 2712 716 2740 ego
734 2703 823 2731 hodie
840 2707 872 2733 in
889 2708 954 2734 ter·
997 2713 1031 2733 ce
1046 2703 1152 2733 clades
1168 2703 1253 2732 belli.
1703 2698 1708 2703 ⁵

255 2741 390 2780 gosato
407 2744 468 2772 istu
483 2749 634 2783 expetant
652 2746 830 2775 mendacia.
1043 2749 1083 2776 55
1108 2746 1221 2785 ‚Quam
1233 2744 1399 2785 prosime’]
1429 2744 1536 2783 Magis
1553 2744 1700 2785 placeret

302 2787 342 2815 54
366 2785 408 2817 In
423 2796 515 2816 omne
531 2797 645 2817 nomen
655 2788 821 2817 Albanum
834 2790 953 2830 expeti·
998 2799 1061 2829 qua
1072 2790 1232 2828 proxime.
1279 2790 1488 2818 Gnoxovrus.
