1925 3239
592 97 712 137 LJB.
740 95 811 134 lx.
848 98 977 136 cAP.
1005 98 1071 136 vr.
1453 107 1528 144 503

98 210 255 261 ponere
276 197 448 239 sibimet
480 196 559 253 ipsi
583 207 682 238 ante
712 198 865 239 oculos
882 197 1042 254 jugum
1075 196 1245 249 hostile,
1264 207 1307 240 et
1340 200 1576 242 ludibriaU
1594 205 1631 235 C
1647 206 1723 236 433·

94 254 283 305 victoris,
317 264 361 296 et
393 254 532 295 vultus
565 255 783 310 superbos,
805 263 847 295 et
880 269 953 309 per
974 264 1158 295 armatos
1180 255 1402 297 inermium
1427 258 1521 300 iter.
1535 250 1572 280 A.
1590 248 1627 279 C·
1643 252 1720 283 ³¹⁹·

95 309 202 351 Inde
225 311 330 352 foedi
364 311 547 367 agminis
582 311 862 365 miserabilem
894 325 1022 361 viam,
1044 325 1118 374 pei
1150 312 1359 354 sociorum
1396 314 1521 357 urbes

95 369 126 392 ¹⁴
140 367 352 408 reditum
342 382 388 408 m
391 344 584 422 ”patriam
608 373 683 408 ac
716 362 923 422 ρΓιιειιῐε5,
945 382 1030 423 quo
1062 381 1175 421 saepe
1205 368 1285 431 ipsi
1318 368 1521 423 majores-

90 435 174 476 que
193 437 338 464 eorum
361 424 668 488 tmriumphantes
699 424 925 464 venissent.
986 424 1041 465 Sc
1071 423 1181 464 solos
1214 425 1303 465 sine
1335 427 1518 478 vulnere,

90 478 182 520 sine
203 479 327 531 ferro,
350 481 440 522 sine
461 481 551 522 acie
575 482 735 522 victos:
768 480 847 521 sibi
872 495 957 521 non
989 480 1196 535 strin‹›-·e1e
1226 481 1394 522 licuisse
1425 483 1517 538 gla-

84 535 193 586 dios,
215 551 298 577 non
324 551 494 578 manum
516 551 613 578 cum
635 536 756 577 hoste
777 536 994 578 conferre:
1027 537 1106 578 sibi
1133 538 1418 592 nequidquam
1451 554 1516 580 ar-

84 605 168 642 ma,
188 593 470 648 nequidquam
496 594 618 643 vires,
636 593 922 648 nequidquam
944 594 1106 635 animos
1129 594 1265 635 datos.
1298 593 1410 636 Haec
1432 595 1513 637 fre·
1526 602 1711 641 Subjugum

81 649 297 690 mentibus
316 649 419 690 hora
440 649 603 691 fatalis
596 651 843 705 ignominiae
863 650 1049 701 advenit,
1066 650 1211 692 omnia
1231 650 1418 692 tristiora
1437 666 1512 694 ex·
1525 648 1696 678 mmmmm

78 704 285 759 periundo
303 705 479 756 factura,
500 721 626 761 quam
649 721 745 770 quae
769 715 1059 762 praeceperant
1078 707 1245 748 animis.
1303 707 1401 749 Jam
1426 710 1511 764 pri·
1524 690 1667 721 Romam.

81 774 200 802 mum
230 776 328 803 cum
359 763 536 818 singulis
570 763 830 804 vestimentis
853 763 1032 804 inermes
1063 775 1184 804 extra
1213 763 1367 805 vallum
1392 767 1511 809 exire

71 815 198 870 Ι111551,
226 828 269 859 et
301 819 424 874 primi
427 798 590 861 e’traditi
613 820 797 871 obsides,
817 829 944 874 atque
976 820 1019 860 in
1046 820 1285 861 custodiam
1317 821 1509 865 abducti.

77 872 187 915 Tum
209 889 234 916 a
253 876 499 917 consulibus
522 877 680 917 ¹⁵abire
698 876 898 917 lictores
880 876 1006 932 Jussi,
1029 877 1412 933 paludamentaque
1433 878 1507 920 de.-

74 938 234 982 tracta;
266 942 426 974 tantam
448 933 559 974 inter
579 933 709 988 ipsos,
731 933 819 989 qui,
842 933 982 989 paullo
1004 942 1102 974 ante
1122 947 1194 975 eos
1220 944 1506 988 exsecrantes,

73 963 287 1028 dedendos
316 988 646 1045 lacerandosque
667 999 929 1041 censuerant,
952 989 1267 1031 miserationem
1300 989 1417 1042 fecit,
1441 1002 1506 1043 ut,

70 1057 158 1084 auae
180 1045 359 1100 quisque
380 1046 639 1087 conditionis
669 1046 842 1097 oblitus,
863 1047 916 1086 ab
938 1046 1009 1086 illa
1029 1045 1339 1088 deformatione
1370 1057 1501 1090 tantae

69 1100 318 1154 majestatis,
341 1102 456 1142 velut
478 1103 532 1143 ab
554 1102 737 1144 nefando
760 1103 1018 1158 spectaculo,
1040 1112 1247 1145 averteret
1268 1103 1430 1145 oculos.

130 1156 208 1198 Vl.
257 1157 390 1199 Primi
424 1161 618 1201 consules
654 1174 785 1223 prope
818 1159 1026 1200 seminudi
1059 1161 1138 1201 sub
1164 1160 1321 1224 jugum
1356 1160 1498 1204 missi:

70 1220 177 1263 tum,
198 1223 246 1255 ut
267 1215 447 1270 quisque
468 1216 600 1271 gradu
626 1218 846 1271 proximus
868 1225 970 1267 e1at,
993 1217 1054 1257 ita
1076 1216 1327 1272 ignominiae
1350 1217 1498 1272 obJec·

68 1279 161 1312 tus:
193 1278 282 1312 tum
305 1271 507 1328 deinceps
532 1272 711 1326 singulae
742 1273 946 1328 leoiones.
977 1273 1313 1314 circumstabant
1343 1273 1496 1315 annati

65 1325 224 1378 hostes,
255 1330 563 1383 expiwobiantes
595 1306 916 1384 eludentcsque:
956 1329 1086 1384 eladii
1119 1331 1249 1370 etiam
1285 1330 1497 1386 plerisque

64 1382 287 1427 intentati:
320 1395 363 1426 et
396 1385 598 1426 vulnerati
632 1385 802 1440 quidam
838 1386 1076 1450 necaffique,
1107 1386 1139 1426 si
1175 1385 1314 1427 vultus
1346 1401 1495 1429 eorum

65 1439 322 1495 indignitate
344 1455 480 1482 rerum
509 1441 644 1483 acrior
674 1442 878 1483 vict01em
910 1441 1186 1483 obfendisset.
1220 1442 1278 1482 ita
1309 1444 1493 1485 traducti

65 1496 177 1537 sub
159 1511 333 1553 Jugum,
354 1507 412 1548 et,
433 1499 545 1562 quod
568 1512 724 1553 penet>
700 1499 866 1539 ‹ru-avius
888 1507 992 1549 erat,
1017 1513 1088 1553 per
1110 1498 1297 1540 hostium
1329 1500 1491 1541 oculos.

61 1566 193 1607 quum
216 1568 239 1594 e
260 1555 366 1595 saltu
388 1555 632 1605 evasissent,
653 1556 748 1618 etsi,
771 1555 887 1595 velut
916 1556 969 1595 ab
1001 1554 1145 1595 inferis
1175 1556 1372 1606 extracti,
1395 1566 1486 1597 tum

59 1610 244 1665 primum
267 1610 404 1652 lucem
426 1612 642 1666 adspicere
675 1611 751 1651 visi
786 1621 896 1661 sunt,
921 1621 1060 1652 tamen
1095 1611 1187 1666 ipsa
1214 1611 1289 1652 lux
1323 1612 1383 1652 ita
1411 1612 1484 1652 de-

57 1665 193 1708 forme
215 1667 475 1708 intuentibus
497 1682 649 1722 agmen
671 1668 787 1708 omni
812 1677 946 1708 morte
969 1668 1127 1708 tristior
1160 1667 1254 1708 fuit.
1315 1666 1482 1723 Itaque,

54 1736 186 1777 quum
208 1734 307 1764 ante
329 1734 496 1765 noctem
522 1724 713 1778 Capuam
737 1725 956 1779 pervenire
977 1733 1164 1787 possent,
1186 1724 1336 1764 incerti
1359 1725 1411 1765 de
1431 1726 1479 1766 fi·
1494 1737 1633 1775 Capuam
1644 1747 1696 1769 ve-

53 1780 107 1819 de
128 1781 356 1829 sociorum,
378 1791 421 1822 et
442 1781 554 1835 quod
589 1781 723 1836 pudor
756 1780 1056 1856 praepediebat,
1077 1780 1191 1827 circa
1224 1781 1334 1822 viam
1367 1781 1404 1821 h
1397 1782 1479 1823 md
1493 1781 1595 1813 munt.

53 1837 203 1890 procul
235 1837 385 1892 Capua
417 1838 647 1878 16011111111111
680 1835 831 1892 egenif
866 1844 1045 1891 corpora
1076 1836 1193 1878 humi
1237 1845 1478 1901 prostrave-

50 1903 167 1933 runt
224 1894 354 1940 Quod
385 1893 456 1934 ubi
485 1903 549 1934 est
580 1894 772 1949 Capuam
803 1894 1068 1943 nunciatum,
1098 1893 1227 1933 evicit
1263 1893 1477 1936 miseratio

44 1959 166 2012 Justa
187 1951 399 1992 sociorum
429 1951 670 2006 superbiam
701 1950 938 2006 ingenitam
970 1949 1217 2004 Campanis,
1247 1949 1477 1993 confestim

48 2006 236 2059 insngnia
265 2021 340 2048 sua
368 2007 627 2057 consulibus,
650 1983 799 2057 fasces,
820 2007 1004 2057 lictores,
1026 2020 1156 2056 arma,
1178 2020 1326 2061 equOS,
1350 2007 1477 2047 vesti-

48 2073 210 2112 menta,
230 2076 493 2105 commeatus
515 2063 721 2106 militibus
745 2063 928 2118 benigne
957 2063 1160 2103 mittunt:
1193 2072 1236 2102 et
1267 2062 1476 2104 venienti-

51 2119 130 2159 bus
162 2118 355 2174 Capuam
385 2129 564 2162 cunctus
595 2130 764 2160 senatus
794 2119 1074 2175 populusque,
1095 2118 1268 2159 obviam
1300 2120 1474 2174 egressi,

39 2175 170 2230 justis
192 2176 389 2216 omnibus
412 2176 707 2240 hospitalibus,
728 2176 987 2230 privatisque
1008 2184 1050 2215 et
1073 2174 1254 2230 publicis
1284 2166 1474 2231 fungun-

47 2241 116 2272 tur
135 2232 311 2276 officiis:
344 2247 480 2287 neque
500 2233 582 2273 illis
604 2234 815 2274 sociorum
847 2232 1040 2282 comitas,
1064 2231 1288 2295 vultusque
1322 2232 1471 2287 benig-

43 2288 101 2340 ni,
122 2298 165 2329 et
185 2288 383 2344 adloquia
405 2304 496 2330 non
511 2289 639 2330 modo
661 2303 896 2330 sermonem
918 2287 1083 2338 elicere,
1105 2287 1173 2327 sed
1197 2301 1264 2339 ne,
1293 2297 1338 2328 ut
1367 2303 1471 2330 ocu-

465 2384 479 2399 ‘
499 2380 541 2410 ad
553 2380 644 2410 Crev.
815 2378 828 2401 f
844 2389 940 2419 egena
955 2371 1042 2410 Eadj

85 2466 123 2495 14
146 2463 303 2494 Reditum
325 2464 359 2492 in
376 2464 525 2502 patriam
548 2462 593 2492 ad
608 2470 730 2501 paren·
772 2461 920 2492 damenco
946 2461 1008 2491 vid.
1027 2464 1095 2491 not.
1118 2464 1171 2495 47.
1195 2460 1237 2491 ad
1259 2460 1283 2490 l.
1309 2460 1353 2492 11.
1370 2472 1400 2493 c.
1414 2465 1469 2498 49.

43 2507 100 2546 tes]
121 2507 174 2537 Sic
189 2506 293 2537 edidit
316 2506 516 2544 Campanus.
561 2505 668 2543 Vulgo
691 2514 730 2534 αι·
772 2513 883 2543 supra.
1309 2506 1310 2511 ¹

33 2554 198 2590 parentes.
244 2549 306 2579 Sed
337 2559 439 2588 qun-m
469 2549 540 2588 ipsa
575 2548 658 2578 ratio
694 2552 729 2578 et
818 2547 856 2577 16
883 2546 1036 2577 Omnium
1067 2557 1168 2586 egena
1197 2547 1345 2588 corpora]
1385 2544 1488 2579 Haec'

40 2592 124 2622 Livii
145 2600 309 2633 «perpetua
331 2591 535 2622 consuetudo
559 2590 728 2630 postulent
772 2590 882 2626 lectio,
900 2599 972 2628 quae
990 2590 1094 2620 editos
1110 2594 1187 2620 ante
1211 2591 1385 2630 Sigonium
1409 2592 1466 2622 oh-

40 2636 96 2673 ad,
112 2641 147 2665 et
162 2636 196 2666 id
212 2637 311 2666 etiam
330 2635 463 2675 reperiri
480 2635 513 2665 in
538 2643 603 2664 uno
625 2634 728 2673 scrip·
770 2633 913 2669 tinebat,
930 2643 1028 2671 quam
1046 2638 1186 2663 tuentur
1209 2633 1274 2663 duo
1298 2644 1316 2663 e
1338 2634 1467 2665 Grono-

38 2683 72 2710 to
89 2678 271 2709 Gronovius
288 2679 440 2715 affirmet,
457 2677 661 2708 admisimus.
770 2676 887 2712 vianis,
901 2680 968 2705 tres
985 2686 1001 2705 c
1020 2677 1140 2705 nostris
1157 2677 1288 2716 scriptis
1305 2678 1468 2716 antiquis-

87 2724 121 2752 15
145 2722 242 2752 Abire
264 2723 389 2752 lictores
401 2720 501 2762 jussi,
514 2720 730 2760 paludamen-
775 2719 863 2755 simi,
881 2719 998 2748 merito
1015 2718 1141 2758 placuit
1160 2720 1264 2758 magis
1287 2719 1465 2757 Gronovin‚

40 2769 137 2804 mque
164 2765 340 2795 detracta.
392 2765 650 2795 .miserationem
673 2761 732 2802 fe·
774 2762 873 2800 quam
898 2771 937 2790 ea
963 2771 1063 2800 quam
1091 2762 1276 2803 subjecerat
1298 2763 1467 2803 Sigonius,

37 2806 94 2847 eit]
114 2807 233 2839 Procul
248 2785 448 2848 dubiOJiwer
451 2812 521 2840 unt.
563 2807 614 2838 De
631 2808 732 2848 palu-
773 2806 916 2836 omnium
932 2814 967 2842 eg
969 2806 1035 2835 eni.

824 2847 955 2888 xk4
