1925 3239
577 97 695 136 LIB.
723 97 833 136 vm.
870 97 996 136 cAP.
1024 98 1089 134 Ν.
1317 150 1320 155 ¹
1476 102 1549 136 451

109 195 275 248 habito,
305 207 520 252 praetores,
551 197 677 253 quam
711 197 896 238 Romam
935 197 1316 253 proficiscerentur,
1347 208 1747 247 evocatosu,c,415,

113 269 157 294 se
177 256 231 296 ab
254 265 398 295 senatu
422 255 577 295 docent
601 255 813 304 Romano,
832 263 889 304 et,
912 268 1009 309 quae
1031 264 1173 294 actum
1205 255 1254 294 iri
1288 268 1430 295 secum
1460 270 1550 297 cre-
1562 261 1598 291 Α.
1616 260 1651 289 C.
1670 262 1741 292 337·

114 311 231 361 dant,
253 312 456 366 quidnam
478 313 530 352 ad
554 326 603 352 ea
625 311 867 366 responderi
892 311 1070 366 placeat,
1095 317 1124 338 ¹0
1144 310 1344 351 referunt.

173 366 250 408 IV.
283 369 427 414 Quum
450 368 563 409 aliud
599 367 668 408 alii
692 377 926 417 censeient,
946 376 1035 407 tum
1060 367 1256 409 Annius:
1293 366 1552 423 Quamquam

116 425 196 478 ipse
216 439 286 480 ego
308 425 443 475 retuli,
465 424 567 479 quid
585 423 812 478 respondeti
826 424 1173 478 place1et,tame1z
1201 438 1330 479 mages
1358 424 1414 464 ad
1445 439 1553 465 577777-

115 495 223 521 mam
244 496 375 522 rerum
396 488 505 521 nost1
509 495 623 521 77777777
651 481 851 534 pe1t1'nere
868 481 1066 531 arbitror,
1087 479 1187 535 quid
1206 480 1405 535 aoendum
1425 481 1551 530 nobis,

116 552 238 593 quam
285 537 387 592 quid
422 537 657 592 loquendum
697 538 763 578 sit.
798 536 933 599 j'ucile
973 538 1062 587 erit,
1104 536 1311 591 explicatis
1361 537 1550 588 consiliis,

117 594 417 635 adcommodare
456 594 571 634 rebus
610 594 746 634 767.ὐο
807 593 931 644 7Ν77777,
960 595 994 634 si
1024 594 1142 634 etiam
1171 609 1273 634 7777776
1305 596 1377 634 sub
1408 593 1552 634 umbra

51 650 290 706 faederis,
309 651 412 705 (equi
431 664 492 690 se1
494 650 658 690 0777776777
675 651 771 704 pati
786 664 1007 705 possumus,
1026 650 1125 705 quid
1146 650 1270 700 abest,
1287 651 1398 705 quin,
1411 651 1553 705 prodi-

117 708 171 747 tis
203 707 408 757 Sidicinis,
438 721 516 746 77077
547 705 825 747 Romanorum
853 707 994 757 solum,
1022 707 1089 747 sed
1129 682 1370 748 Samnitium
1400 721 1555 762 quoqne

117 763 223 804 dicto
236 778 468 818 pareamus,
487 763 865 821 ‘respondeamusque
895 762 1109 814 Romanis,
1130 779 1212 815 7705,
1233 764 1304 804 ubi
1334 765 1553 815 innuerint,

111 821 234 875 posit
226 835 315 861 7705
354 834 494 861 a1¹.ma
487 820 508 850 2
559 821 635 860 Sin
674 828 805 861 antem
854 820 1012 861 tandem
1062 820 1264 861 libertatis
1313 819 1555 861 desiderium

118 877 311 918 remordet
334 877 511 940 7777777705,
533 877 718 935 sijaeslus
739 885 808 928 657,
832 881 859 902 ¹¹
877 878 910 917 si
928 877 1092 918 societas
1114 877 1286 932 (equatio
1301 878 1415 932 juris
1434 885 1500 928 est,
1522 878 1555 917 si

120 933 435 990 consanguineos
457 947 524 973 7705
556 932 832 974 Romanorum
862 948 955 985 esse,
977 933 1083 996 quod
1115 935 1209 974 olim
1232 933 1426 988 pudebat,
1451 949 1555 974 7777776

116 967 293 1046 gloriari
313 989 416 1041 licet,
437 991 470 1031 si
489 989 649 1031 socialis
671 991 756 1031 illis
787 991 977 1032 e1³e1citus
996 1005 1030 1031 75
1060 997 1132 1041 657,
1153 1005 1231 1046 quo
1260 990 1451 1045 adjuncto
1482 990 1558 1031 du-

113 1046 266 1101 plicent
285 1047 387 1088 vires
406 1061 514 1096 suas,
528 1061 641 1102 quem
661 1062 855 1088 secernere
875 1048 926 1088 ab
947 1061 989 1087 se
1009 1023 1185 1088 consu'les
1208 1052 1237 1073 ¹2
1252 1047 1363 1088 bellis
1379 1047 1558 1102 proptiis

112 1104 313 1159 ponendis
342 1103 616 1159 sumendisque
645 1104 798 1154 nolint,-
839 1119 910 1146 cu1¹
940 1119 1018 1144 77077
1049 1105 1181 1145 omnia
1211 1110 1447 1168 aequantium
1436 1103 1458 1133 ‘l
1487 1119 1560 1144 6777·

121 1175 200 1201 77077
220 1160 324 1202 alte}¹
343 1161 396 1200 ab
419 1159 583 1201 Latinis
603 1161 744 1202 consul
760 1159 917 1201 datur?
945 1161 1128 1215 ubipars
1148 1160 1313 1225 virium,
1335 1160 1393 1200 ibi
1414 1167 1452 1201 et
1482 1160 1559 1201 im-

114 1218 223 1273 perii
238 1232 334 1272 pars
353 1224 431 1258 657.
424 1216 445 1248 -9
467 1216 545 1258 Est
565 1217 722 1273 quidem
743 1218 855 1258 nobis
875 1215 945 1258 lzoc
961 1232 1036 1271 per
1057 1232 1096 1258 56
1111 1217 1221 1257 haud
1236 1217 1352 1258 nimis
1366 1216 1560 1271 amplum,

121 1289 268 1330 qutppe
287 1273 597 1324 concedentibus,
621 1273 794 1315 Romam
824 1281 944 1329 caput
966 1274 1086 1315 Latio
1103 1288 1196 1315 esse.
1218 1274 1296 1325 sed,
1319 1281 1364 1314 777
1382 1273 1560 1328 amplum

124 1331 255 1372 videri
270 1338 416 1386 posset,
446 1330 639 1371 diuturna
676 1331 880 1386 patientia
904 1330 1097 1387 fecimus.
1155 1330 1300 1386 Atqui,
1331 1331 1364 1371 si
1397 1330 1560 1386 quando

121 1402 310 1442 umquam
359 1387 614 1428 consociandi
663 1402 834 1442 imperii,
875 1387 1117 1442 usmpandae
1164 1387 1366 1428 libertatis
1411 1394 1560 1442 tempus

124 1445 306 1498 optastis,
327 1458 373 1484 677
393 1443 464 1484 hoc
486 1450 636 1499 tempus
656 1444 779 1495 adest,
801 1451 837 1484 et
858 1444 1008 1485 virtute
1028 1451 1176 1507 cestra,
1197 1451 1233 1484 et
1256 1442 1391 1484 Deum
1421 1444 1560 1500 henin·-

124 1500 256 1542 nitate
295 1500 407 1542 vobis
443 1500 598 1541 datum.
659 1500 698 1542 Γ
695 1501 859 1542 6777775775
896 1501 1139 1555 patientiam
1167 1500 1348 1556 negando
1378 1481 1560 1542 militem.

121 1558 211 1613 quis
250 1557 409 1598 dubitat
438 1558 626 1597 exarsisse
655 1573 729 1608 eos,
758 1572 879 1613 quum
912 1563 938 1583 ¹³
946 1558 1046 1612 plus
1076 1558 1335 1598 ducentorum
1363 1571 1560 1598 annorum

123 1628 271 1655 morem
289 1612 556 1655 solveremus?
579 1614 830 1668 pertulerunt
853 1621 985 1655 tamen
1014 1614 1115 1655 1777776
1145 1613 1332 1655 doun-‚em
1394 1612 1562 1654 Bellum

123 1678 261 1712 nostro
299 1673 456 1711 nomine
476 1685 565 1710 cum
586 1670 771 1727 Pelignis
787 1671 996 1727 gessimus.
1027 1672 1098 1726 qui
1130 1685 1178 1712 ne
1211 1677 1435 1712 nostrorum
1470 1670 1561 1734 qui—

124 1725 212 1768 dem
217 1727 372 1782 fimum
392 1727 506 1767 nobis
522 1742 597 1781 per
617 1742 685 1768 7705
679 1706 942 1775 Otuendorum
952 1742 1025 1784 qus
1047 1733 1167 1768 antea
1187 1726 1352 1779 dabant,
1372 1727 1514 1768 nillil
1498 1741 1562 1767 777-

124 1790 308 1826 ter-cesset
311 1791 394 1825 unt
454 1783 690 1825 Sidicinos
674 1799 719 1825 777
732 1784 862 1840 fidem
893 1791 1076 1838 7666777305,
1100 1783 1328 1839 Campanos
1359 1784 1410 1824 ab
1440 1798 1479 1824 56
1507 1783 1564 1824 ad

126 1855 196 1881 nos
224 1841 400 1891 descisse,
420 1840 610 1882 exercitus
638 1855 706 1882 7705
728 1855 877 1896 parare
900 1840 1091 1881 adversus
1123 1841 1321 1882 Samnites
1335 1839 1563 1896 faederatos

126 1911 216 1938 suos
238 1897 380 1939 (77771767
383 1905 468 1948 77777,
488 1912 555 1938 7766
577 1905 784 1939 moverunt
802 1912 843 1938 se
863 1897 914 1938 ab
937 1897 1047 1938 111¹.be
1111 1897 1223 1939 Unde
1241 1897 1320 1938 liaec
1342 1896 1425 1938 illis
1445 1903 1563 1938 tanta

130 1954 336 2006 modestia,
365 1955 446 1996 77757
475 1968 500 1994 α
531 1954 773 1996 conscientia
800 1955 950 1995 virium
978 1961 1014 1994 et
1042 1961 1273 1995 nostrarum
1301 1961 1339 1994 et
1366 1952 1566 1994 suarum?

131 2010 303 2052 Idoneos
333 2017 513 2052 auctores
542 2010 681 2062 liabeo,
711 2011 965 2066 querentibus
993 2010 1041 2050 de
1070 2010 1182 2051 nobis
1222 2010 1473 2051 Samnitibus
1507 2010 1568 2050 ita

127 2082 360 2122 responsum
382 2068 434 2108 ab
454 2074 594 2108 senatu
607 2067 804 2109 ‘Romano
824 2082 914 2117 esse,
934 2066 1125 2123 utjucile
1145 2082 1318 2122 appa1e1
1321 2074 1373 2117 et
1396 2082 1444 2108 776
1462 2067 1566 2129 ipsos

129 2124 289 2180 quidem
315 2125 412 2180 jam
443 2124 668 2180 postulare,
699 2133 743 2165 ut
784 2123 955 2165 Latium
984 2124 1054 2164 sub
1086 2122 1273 2166 Romano
1303 2124 1468 2180 imperio
1499 2123 1567 2164 sit.

174 2291 214 2319 10
223 2287 419 2328 *Referunfi
440 2288 702 2328 Expendendum
715 2298 831 2328 propo-

130 2336 230 2369 nunt,
254 2331 433 2363 deliberare
450 2332 585 2371 jubent,
601 2331 675 2362 Vid.
692 2336 761 2362 not.
778 2334 830 2365 72.

134 2376 176 2406 ad
192 2375 249 2405 111.
267 2378 319 2409 39.

177 2422 188 2449 1
200 2422 211 2448 l
233 2417 270 2448 Si
284 2419 413 2448 soeietas
429 2420 562 2457 (equatio
568 2416 658 2459 juris
672 2416 731 2456 657]
758 2417 832 2447 Fal-

132 2470 169 2491 sa
197 2461 348 2492 definitio
385 2462 563 2491 societatis.
608 2460 710 2490 Multi
743 2462 832 2491 enim

133 2505 275 2535 obnoxia
296 2515 376 2545 paee
399 2511 434 2534 et
457 2505 576 2545 impari
598 2504 719 2534 foedere
735 2505 768 2534 in
783 2514 835 2533 so-

133 2548 291 2578 cietatem
318 2548 506 2578 veniebant.
552 2545 700 2577 Fortasse
724 2547 834 2578 Livius

132 2591 322 2631 scripserat,
337 2593 365 2621 si
385 2593 526 2628 societas,
549 2601 589 2620 ea
612 2600 745 2630 nempe,
762 2599 835 2628 quae

135 2637 186 2664 est
200 2634 364 2664 Romanos
385 2634 473 2664 inter
494 2640 529 2664 et
553 2634 700 2671 Latinos,
716 2634 834 2672 oequatz'

126 2674 218 2717 juris
239 2681 294 2707 est.
322 2677 394 2707 Lib.
417 2677 577 2707 XXXIX.
601 2686 628 2707 c.
644 2680 697 2710 37.
719 2674 834 2713 Sifie·

132 2720 194 2749 dus
208 2724 319 2750 ratum
335 2725 392 2758 est,
407 2722 435 2750 si
448 2722 577 2751 societas
591 2725 621 2750 ee
635 2721 779 2751 amicum
794 2729 834 2749 ea:

133 2772 220 2802 (equo
234 2763 427 2794 observatur.
474 2763 681 2794 Gnonovws.
705 2762 723 2781 *²
735 2763 834 2793 Atta-

137 2815 212 2835 men
236 2815 337 2845 quum
362 2806 474 2837 Livius
505 2815 590 2847 saepe
619 2807 651 2837 in
678 2806 833 2837 orationi·

876 2288 948 2326 bus,
964 2296 1030 2316 non
1053 2289 1135 2323 tam,
1153 2286 1232 2324 quid
1253 2295 1367 2315 verum
1391 2286 1447 2322 sit,
1471 2292 1570 2323 quam

875 2330 954 2370 quid
971 2330 1011 2360 ad
1027 2334 1223 2369 praesentem
1239 2338 1372 2358 causam
1389 2337 1575 2358 :ac-commo*

875 2374 1004 2410 datum,
1035 2374 1218 2409 intueatur,
1242 2372 1334 2401 nobis
1363 2371 1573 2400 Gronoviana

876 2417 1064 2446 emendatio
1091 2425 1157 2445 non
1182 2415 1319 2446 omnino
1348 2414 1478 2444 videtur
1502 2422 1573 2443 esse

877 2460 1072 2489 necessaria.

926 2505 962 2533 1⁶2
986 2503 1090 2533 Bellis
1100 2502 1239 2541 propriis
1250 2500 1414 2540 ponendis]
1434 2500 1576 2538 Compo-

879 2546 1008 2583 nendis,
1027 2556 1105 2585 pace
1121 2544 1374 2574 commutandis.
1403 2544 1468 2582 Qui
1485 2544 1575 2572 enim

880 2597 994 2628 pacem
1020 2588 1106 2618 haud
1130 2588 1303 2617 obnoxiam
1328 2587 1433 2626 cupit,
1450 2587 1476 2615 is
1500 2586 1575 2615 viri-

876 2632 936 2662 bus
963 2633 1000 2662 iis
1024 2632 1205 2661 instructus
1231 2640 1300 2660 esse
1324 2630 1434 2667 debet,
1458 2629 1577 2668 quibus

876 2675 998 2704 bellum
1017 2676 1151 2714 possit„
1133 2683 1256 2704 crevere.

923 2721 958 2748 13
985 2717 1069 2748 Plus
1101 2718 1306 2747 ducentorum
1331 2714 1504 2754 annorum]
1544 2715 1577 2743 Si

877 2771 898 2792 a
924 2761 1106 2800 'larqninio
1136 2760 1283 2800 Superbo
1314 2768 1480 2794 numeres,
1512 2766 1578 2787 non

877 2804 1022 2835 multum
1041 2813 1060 2833 a
1075 2803 1227 2836 ducentis
1245 2803 1339 2834 annis
1356 2811 1405 2833 res
1421 2802 1550 2832 abierit,

939 2851 1066 2902 Gg‘ss·
