1991 3250
195 213 239 242 U.
256 211 293 241 C.
309 211 381 240 31-2.

197 256 237 286 A.
255 255 292 285 C.
308 256 383 284 440.

205 609 246 640 U.
266 608 302 639 C.
319 611 392 638 313.

206 654 246 682 A.
265 653 300 681 C.
319 655 391 684 4:39.

209 697 254 725 M.
269 695 376 730 Fabio,

207 741 290 769 Post.
306 739 404 767 AEbu-

208 783 252 812 tio
268 784 353 811 Coss.

400 102 478 137 242
940 98 1085 136 TlTI
1124 98 1302 136 LIVII

410 212 569 250 curam,
592 198 694 254 jura
725 198 883 239 infimis
918 199 1179 254 summisque
1210 197 1486 249 moderando,
1515 199 1576 240 ita
1605 202 1755 253 tenuit,
1789 210 1836 243 ut

410 270 508 297 eum
543 265 586 296 et
620 255 768 297 Patres
802 270 991 296 severum
1030 256 1262 310 consulem,
1294 263 1337 295 et
1373 255 1490 310 plebs
1529 257 1629 297 satis
1667 273 1834 300 comem

411 312 683 354 credideriut.
724 311 780 352 Et
801 313 1000 352 adversus
1024 313 1216 352 tribunos
1237 317 1268 339 ⁶⁴
1281 312 1535 352 auctoritate
1556 313 1688 367 plura,
1705 330 1832 369 quarn

412 369 658 432 certamine,
682 369 832 409 tenuit.
870 369 1058 422 quinque
1087 369 1346 418 consulatus,
1367 369 1516 408 eodem
1541 380 1685 410 tenore
1711 372 1837 425 gesti,

414 426 587 480 vitaque
615 425 755 465 omnis
784 439 885 466 eous
870 425 1060 464 ulariter
1082 435 1190 475 acta,
1211 425 1437 465 verendum
1463 439 1568 480 pene
1590 427 1727 480 ipsum
1749 441 1838 467 ina-

419 483 498 538 gis,
528 496 652 539 quam
688 482 906 531 honoiem,
938 480 1167 521 faciebant.
1207 496 1257 522 eo
1290 481 1555 522 tribuumum
1586 482 1834 524 militarium

419 539 533 579 nulla
556 539 712 578 mentio
737 538 800 577 liis
823 537 1067 577 consulibus
1089 538 1184 578 fuit.

479 594 566 636 XI
606 594 812 634 Consules
854 602 997 633 oleant
1039 592 1105 634 M.
1142 594 1319 634 Fabium
1358 593 1633 643 l'ibulanum,
1684 594 1840 636 Postu-

421 666 536 692 mum
557 651 779 691 AEbutium
806 650 1095 690 Cornicincm.
1154 650 1310 691 Fabius
1333 661 1376 692 et
1398 652 1597 692 AEbutius
1629 653 1840 703 consules,

422 723 506 762 quo
530 707 727 762 majori
705 706 850 750 ‹rloiiae
873 720 1025 755 ιοι·,ιιιιι
1038 707 1150 746 domi
1173 707 1600 763 lorisquegestar,un1
1615 709 1840 749 succedere

422 779 465 804 se
500 764 745 812 ceinebmt,
775 763 980 814 (maxime
1014 773 1155 803 autem
1190 764 1502 804 memmabilem
1535 779 1691 805 annum
1726 766 1839 819 apud

423 820 626 860 finitimos
647 820 785 860 socios
809 818 1033 873 hostesque
1055 833 1158 868 0550,
1176 820 1290 874 quod
1312 821 1598 861 Ar'deatibus
1590 836 1631 862 in
1657 835 1701 861 re
1730 836 1849 876 praem

421 877 543 932 cipiti
567 887 685 917 tanta
707 876 817 916 f·01et
836 890 938 916 cura
958 877 1232 925 subventum)
1252 891 1303 917 eo
1326 878 1560 932 inpensiuS‚
1580 890 1625 917 ut
1654 877 1842 918 delerent

207 944 394 977 Ardeatibus
422 948 592 988 prorsus
614 947 668 973 ex
692 933 842 973 animis
873 932 1096 973 hominum
1128 932 1346 973 insemiam
1375 933 1548 988 judicii,
1567 944 1842 976 senatuscon-

209 999 284 1027 ager
300 988 400 1017 reddi-

209 1037 261 1060 tus
264 1031 389 1069 ,quiju

424 990 579 1031 sultum
612 989 831 1040 fecer3uut
863 999 923 1041 ut,
945 990 1143 1043 quoniam
1178 989 1328 1030 civitas
1359 990 1606 1031 Ardeatium
1638 991 1843 1032 intestino

209 1074 411 1103 (hcmmfam,
392 1047 609 1088 tumultu
632 1047 802 1087 redacta
822 1046 874 1086 ad
900 1060 1056 1100 prucos
1088 1057 1211 1095 esset,
1233 1047 1372 1086 coloni
1396 1060 1446 1087 eo
1478 1047 1663 1102 praesidii
1694 1062 1844 1088 caussa

210 1119 436 1156 interceptus
423 1105 622 1144 adversus
647 1103 678 1142 V
687 1103 823 1144 olscos
846 1103 1144 1143 scribe1··.entu¹
1204 1102 1302 1143 Hoc
1325 1103 1478 1175 palam¹
1496 1102 1671 1144 relatum
1703 1104 1745 1144 in
1779 1114 1842 1144 ta-

209 1166 288 1191 erat.

215 2006 256 2036 15.
278 2005 313 2035 C.
332 2008 405 2036 314.

213 2050 253 2080 Α.
272 2050 309 2079 C.
325 2052 400 2080 4:38.

214 2096 250 2123 C.
266 2094 371 2128 Furio,

215 2137 262 2166 M.
279 2137 401 2176 Papirio

215 2181 300 2210 Coss.

425 1160 557 1210 bulas,
591 1169 637 1200 ut
680 1159 845 1223 plebem
882 1160 1159 1213 tribunosque
1191 1159 1354 1200 falleret
1385 1159 1540 1214 Judicii
1577 1160 1841 1201 rescindendi

422 1218 646 1257 consilium
679 1217 846 1257 initum.
909 1215 1222 1256 Consenserunt
1251 1227 1408 1266 au‚tem
1432 1226 1492 1266 ut,
1515 1217 1650 1256 multo
1683 1216 1845 1271 maj0=e

424 1278 592 1330 parte⁶³
611 1273 865 1313 ΙίυιιιΙυιυιιι
893 1272 1157 1322 colonorum,
1180 1287 1305 1326 quam
1342 1273 1464 1313 Rom
1457 1287 1649 1323 {notum
1671 1275 1846 1328 scripta,

422 1345 502 1371 nec
533 1344 633 1383 ager
666 1329 770 1370 ullus
802 1329 1074 1392 divideletur,
1097 1329 1176 1368 nisi
1211 1344 1258 1379 1S,
1281 1330 1353 1384 qui
1385 1329 1644 1384 interceptus
1675 1329 1847 1385 judicio

426 1387 575 1428 infami
616 1396 736 1436 erat3
779 1400 856 1426 nec
895 1385 965 1425 ulli
1005 1387 1120 1440 prius
1153 1385 1350 1426 Romano
1382 1386 1456 1436 ibi,
1487 1401 1614 1440 quam
1645 1387 1844 1428 omnibus

428 1444 601 1484 Rutulis
642 1443 802 1483 divisus
840 1452 964 1491 esset,
995 1442 1121 1497 gleba
1160 1442 1242 1482 ulla
1272 1442 1361 1497 agri
1404 1418 1714 1498 adsignaretur.
1773 1443 1845 1484 Sic

425 1515 528 1557 ager
557 1500 608 1540 ad
640 1499 845 1540 Ardeates
876 1499 1014 1539 rediit.
1073 1498 1301 1539 Triumviri
1334 1499 1384 1539 ad
1419 1499 1631 1540 coloniam
1662 1499 1849 1540 Ardeam

426 1556 659 1598 deducend·
652 1571 718 1596 im
745 1557 872 1596 creati
897 1556 1092 1610 Aglippa
1117 1554 1361 1618 Menenius,
1381 1554 1432 1596 T.
1457 1555 1638 1596 Cloelius
1664 1556 1846 1605 Siculus,

428 1613 496 1654 M.
521 1613 723 1654 AEbutius
760 1612 880 1653 Elva.
903 1613 991 1675 qui,
1016 1627 1088 1666 per
1126 1612 1298 1652 minime
1328 1611 1531 1666 populate
1564 1612 1846 1653 ministerium

427 1685 530 1726 agro
551 1670 701 1725 adsign
707 1669 818 1710 ando
842 1684 983 1719 socus,
1004 1683 1127 1723 quem
1163 1668 1342 1723 populus
1377 1668 1596 1708 Romanus
1627 1683 1747 1710 suum
1775 1669 1847 1723 ju·

427 1729 496 1768 dic
501 1736 625 1777 asset,
649 1741 778 1780 quum
805 1726 967 1788 plebem
992 1725 1281 1773 offendissent,
1306 1739 1356 1764 ne
1390 1725 1647 1779 primoribus
1675 1725 1847 1780 quidem

429 1784 604 1824 Patrum
639 1783 739 1822 satis
770 1783 950 1837 accepti,
972 1783 1086 1836 quod
1120 1781 1224 1822 nihil
1258 1781 1406 1836 glatiae
1437 1782 1690 1836 cujusquam
1723 1782 1849 1823 dedc-

428 1850 545 1891 rant;
584 1840 845 1890 vexationes,
877 1839 928 1879 ad
964 1838 1165 1894 populum
1196 1838 1288 1892 jam
1321 1838 1389 1878 die
1421 1839 1537 1879 dicta
1567 1838 1622 1878 ab
1655 1839 1849 1890 tribunis,

428 1897 648 1938 ⁶⁰coloni
667 1896 870 1960 adscripti
890 1895 1170 1936 remanendo
1162 1909 1204 1935 m
1223 1894 1406 1945 colonia,
1427 1909 1554 1950 quam
1569 1902 1720 1936 testem
1741 1895 1851 1936 inte·

429 1955 595 2010 gritatis
611 1953 880 2009 justitiaeque
900 1952 1130 2002 habebant,
1155 1953 1352 1992 xitavelme

487 2009 600 2052 XII.
634 2010 725 2051 Pax
748 2010 863 2050 domi
887 2009 1074 2064 forisque
1095 2008 1177 2049 tuit
1198 2018 1240 2049 et
1270 2008 1351 2049 hoc
1371 2016 1414 2049 et
1435 2008 1706 2062 insequente·
1724 2023 1853 2060 anno,

432 2068 483 2110 C.
508 2068 635 2108 Iunio
668 2066 812 2108 Pacilo
845 2076 888 2106 et
921 2065 989 2106 M.
1013 2066 1186 2121 Papirio
1221 2065 1375 2106 Crasso
1405 2065 1666 2106 consulibus.
1727 2065 1851 2116 Ludi,

430 2126 485 2165 ab
505 2124 756 2165 dece1nvi1is
778 2137 851 2178 per
871 2123 1150 2163 secessionem
1175 2121 1307 2176 plebis
1328 2136 1353 2162 a
1377 2121 1574 2162 Patribus
1587 2136 1640 2162 ex
1663 2131 1854 2163 senatus-

429 2181 627 2223 consulto
651 2181 755 2230 voti,
777 2194 828 2220 eo
859 2194 970 2220 anno
997 2178 1099 2220 facti
1130 2188 1246 2219 sunt.
1301 2177 1463 2219 Caussa
1493 2178 1750 2220 seditionum
1781 2193 1852 2220 ne-

430 2238 664 2301 quidquam
696 2252 719 2276 a
754 2236 960 2277 Poetelio‘
979 2235 1172 2291 quaesita.
1195 2235 1283 2290 qui,
1309 2235 1504 2275 tribunus
1534 2234 1668 2290 plebis
1699 2235 1849 2276 iterum

430 2297 461 2321 ⁶⁷
475 2310 525 2336 ea
545 2309 638 2350 ipsa
659 2293 956 2334 denunciando
981 2293 1133 2343 faetus,
1155 2306 1307 2347 neque,
1330 2302 1377 2333 ut
1397 2292 1450 2333 de
1480 2291 1593 2347 agris
1613 2291 1851 2333 dividendis

466 2392 476 2406 ¹
498 2387 611 2416 colonis
625 2387 721 2415 Gron.
766 2413 768 2415 ,
807 2390 817 2404 ⁸
841 2385 1006 2425 insequenti
1020 2385 1114 2413 Grou.
1130 2384 1219 2413 Crev.
1308 2385 1318 2403 ί
1338 2383 1466 2414 Petillia
1481 2384 1578 2413 Gron.
1594 2382 1709 2413 Petilio
1725 2382 1817 2414 Cret.

431 2485 504 2514 que,
523 2484 607 2505 unus
623 2485 700 2514 qua,
717 2473 799 2503 :ilius
815 2474 882 2512 qui,
899 2478 936 2502 ut
952 2472 1121 2510 Sigoniani
1165 2471 1262 2511 plane
1279 2476 1329 2501 est
1344 2471 1400 2510 qui
1417 2472 1555 2510 ignoret.

433 2519 518 2548 libri.
563 2518 671 2556 Atque
686 2517 747 2547 hoc
765 2517 920 2547 ultimum
942 2516 1034 2545 nobis
1057 2516 1123 2545 ele·
1208 2515 1250 2545 66
1278 2514 1382 2545 Coloni
1397 2511 1564 2553 adscripti]
1581 2512 1634 2542 Sic
1649 2511 1774 2544 babent
1798 2514 1856 2545 ali-

435 2562 569 2598 gantius
595 2562 700 2591 visum
728 2566 791 2595 est,
820 2568 918 2599 quam
949 2558 1121 2597 vulgatum
1166 2561 1246 2597 quot
1275 2558 1387 2597 scripti
1411 2566 1430 2587 a
1452 2556 1615 2586 Gronovio
1644 2556 1798 2596 inspecti,
1821 2562 1855 2589 et

434 2606 521 2644 qnia.
1165 2611 1280 2631 omues
1297 2600 1410 2631 nostri.
1455 2599 1589 2638 Vulgati
1605 2600 1728 2629 colonis.

479 2649 519 2677 ¹2¹⁴
543 2645 785 2685 *Auctoritatq
812 2645 874 2675 l’cr
890 2645 1121 2681 reverentiam,
1209 2645 1249 2678 67
1280 2643 1337 2674 Ea
1357 2642 1442 2683 ipsu]
1469 2641 1516 2672 Ea
1539 2651 1658 2682 nempe
1681 2651 1754 2681 quoe
1779 2652 1853 2674 mox

435 2699 534 2729 quam
551 2690 580 2719 ei
597 2700 655 2719 sua
669 2690 772 2719 virtus
789 2689 998 2727 gravitasque
1014 2689 1122 2717 conci-
1167 2692 1371 2717 memoratur
1400 2686 1522 2715 frustra
1544 2687 1710 2724 jactasse:
1749 2693 1784 2716 sc
1814 2687 1854 2719 de

434 2733 548 2762 liabat.
565 2733 638 2763 vid.
654 2738 725 2762 not.
740 2735 792 2765 49.
808 2731 848 2760 ad
863 2732 887 2760 1.
905 2735 934 2764 ῖ.
1167 2739 1318 2769 agrorum
1336 2729 1492 2759 divisione
1516 2735 1550 2758 et
1576 2728 1616 2758 de
1642 2729 1853 2763 tribunorum

476 2776 518 2807 635
544 2774 756 2813 lentulorum]
779 2774 982 2804 Ardeatium.
1015 2773 1125 2803 Ardea
1169 2773 1364 2804 militarium
1381 2771 1523 2803 conutiis
1539 2778 1704 2804 acturum.

433 2820 524 2852 enim
555 2819 753 2850 Rutulorum
786 2822 877 2848 eratz
909 2817 996 2857 qnod
1027 2827 1124 2848 uerno
