1925 3239
544 132 547 137 ”
580 126 700 163 LIB.
728 125 816 163 VII.
854 124 990 162 CAP.
1018 123 1170 161 XXIX.
1530 130 1607 166 429

170 232 279 264 trum
316 223 507 278 equitum
544 224 625 265 Cn.
649 223 863 264 Manlium
898 222 1192 278 Capitolinum
1226 222 1351 262 dixit.
1386 231 1430 263 et
1462 231 1811 278 quum,U.c.410.

170 280 303 334 (quod
328 294 403 334 per
433 295 612 336 magnos
643 279 850 320 tumultus
882 279 972 319 fieri
1005 278 1176 319 solitum
1208 281 1317 328 erat)
1341 279 1515 333 justitio
1548 274 1661 319 in-A·
1681 276 1809 306 (2342.

170 336 304 385 dicto,
330 336 517 377 delectus
547 342 579 362 ³³
594 337 684 376 sine
707 335 1002 375 vacationibus
1033 334 1205 374 habitus
1236 344 1371 385 esset3
1403 335 1611 389 legiones„

171 399 377 445 quantum
411 393 610 432 maturari
643 393 798 446 potuit,
831 392 874 431 in
907 390 1132 431 Auruncos
1163 390 1321 430 ductae.
1354 391 1412 430 ibi
1447 391 1768 445 praedo-Aurunci

173 461 274 488 num
309 449 462 502 magis,
497 461 623 502 quam
659 447 863 494 hostium,
886 447 1015 486 animi
1051 446 1230 486 inventi.
1295 445 1440 486 Prima
1472 443 1711 500 itziqtie‘'¹“²³·

173 504 264 543 acie
285 504 541 544 debellatum
564 502 668 543 esth.
738 502 937 543 Dictator
961 512 1117 551 tamen,
1139 503 1240 556 quia
1261 511 1304 540 et
1326 502 1436 542 ultro
1460 502 1615 542 bellum

176 559 421 609 intulerant,
459 570 502 599 et
538 560 627 603 sine
661 558 971 598 detrectatione
1010 572 1053 597 se
1091 557 1312 597 certamini
1348 557 1615 607 obferebant,

177 614 367 656 Deorum
390 628 560 669 quoque
582 628 683 668 opes
707 614 971 654 adhibendas
995 623 1125 662 ratus,
1148 614 1257 652 inter
1280 614 1415 668 ipsam
1439 614 1616 654 dimica-

175 673 337 711 tionem
367 671 501 711 aedem
535 670 742 711 89.]υῐιοηὶ.
778 670 974 710 Monetae
1012 670 1156 710 vovit:
1189 669 1313 723 cujus
1345 670 1794 717 40da1nnatusJuno1v10-

175 727 264 767 voti
287 741 418 781 quum
443 727 580 766 victor
604 726 787 766 Romam
811 726 1069 774 revertisset,
1091 726 1304 766 dictatura
1320 739 1363 764 se
1385 725 1712 766 abdicavimwta·

178 783 358 823 Senatus
379 783 627 823 duumviros
659 782 711 822 ad
745 796 836 822 eam
873 782 1009 823 aedem
1042 797 1117 837 pro
1152 781 1434 836 amplitudine
1469 782 1618 836 populi

177 838 362 879 Romani
397 837 635 879 faciendam
669 838 800 878 creari
829 838 973 892 jussit.
1008 837 1125 878 locus
1162 838 1204 877 in
1238 851 1332 878 arce
1365 838 1619 888 destinatus,

176 909 272 948 quae
306 908 402 934 area
433 895 590 934 aedium
628 894 694 934 M.
720 893 874 934 Manlii
911 893 1145 947 Capitolini
1181 893 1333 933 fuerat.
1395 893 1618 944 Consules,

177 951 398 991 dictatoris
420 951 610 991 exercitu
634 951 684 990 ad
711 950 867 990 bellum
893 950 1094 990 Volscum
1122 950 1199 998 usi,
1223 949 1371 989 Soram
1395 964 1447 989 ex
1486 949 1619 989 hosti—

181 1007 273 1056 bus,
295 1007 490 1046 incautos
515 1006 668 1056 adorti,
689 1015 909 1060 ceperunt.
956 1006 1084 1046 Anno
1107 1016 1218 1060 post,
1240 1019 1368 1058 quam
1393 1015 1492 1046 vota
1513 1014 1618 1055 erat,

178 1063 290 1103 aedes
313 1061 508 1103 Monetae
529 1063 764 1112 dedicatur,
779 1062 831 1102 C.
853 1062 1024 1102 Marcio
1045 1061 1195 1102 Rutilo
1214 1061 1402 1109 tertium,
1418 1060 1467 1101 T.
1489 1060 1617 1101 Mau-
1632 1065 1672 1095 U-
1690 1066 1724 1111 [J-
1742 1070 1816 1097 41¹-

174 1118 233 1158 lio
265 1117 486 1173 Torquato
525 1118 757 1159 secundum
791 1118 1052 1159 consulibus.
1115 1117 1366 1172 Prodigium
1400 1109 1814 1181 extemplofffflssffh

176 1174 489 1215 dedicationem
522 1183 730 1224 secutum,
750 1177 780 1197 ⁴¹
798 1174 934 1214 simile
968 1174 1146 1229 vetusto}
1164 1173 1321 1213 montis
1340 1171 1495 1212 Albani
1522 1162 1803 1227 pro-11'1313fcm

176 1230 310 1285 digio.
334 1245 517 1285 namque
537 1239 579 1270 et
601 1231 814 1286 lapidibus
838 1230 959 1285 pluit,
981 1239 1024 1269 et
1049 1245 1134 1270 nox
1157 1229 1341 1269 interdiu
1366 1229 1454 1268 visa
1479 1229 1616 1269 intcn-
1630 1236 1748 1266 Manlio
1764 1237 1808 1267 11.

174 1286 243 1327 di:
276 1286 478 1340 librisque
508 1287 726 1341 inspectis,
758 1300 887 1340 quum
924 1285 1046 1340 plena
1070 1286 1274 1340 religione
1305 1285 1456 1324 civitas
1493 1281 1716 1335 esset,<'0⁵⁵·

177 1343 340 1382 senatui
366 1342 538 1397 placuit,
561 1344 812 1383 dictatorem
838 1341 1037 1382 feriarum
1057 1340 1450 1382 constituendarum
1468 1355 1620 1381 caussa

176 1398 275 1438 dici.
320 1397 476 1439 Dictus
500 1398 549 1439 P.
571 1399 763 1439 Valerius
789 1397 1026 1438 Publicola.
1059 1397 1262 1452 magister
1283 1397 1473 1450 equitum
1499 1397 1535 1436 ei
1561 1397 1617 1443 Q.

178 1453 337 1494 Fabius
359 1454 596 1495 Ambustus
618 1455 740 1495 datus
767 1463 846 1493 est.
910 1454 1008 1493 Non
1041 1454 1176 1493 tribus
1209 1463 1375 1493 tantuin
1407 1452 1619 1506 supplica-

177 1519 267 1549 tum
303 1511 363 1550 ire
396 1510 572 1565 placuit,
595 1510 666 1550 sed
697 1510 903 1550 finitimos
938 1510 1067 1549 etiam
1092 1508 1301 1564 populos3
1332 1507 1523 1562 ordoque
1554 1510 1619 1558 iis,

176 1580 263 1620 quo
285 1566 466 1620 quisque
488 1567 556 1606 die
578 1565 881 1621 supplicarent,
905 1574 1101 1606 statutus.
1142 1565 1317 1606 Judicia
1338 1578 1389 1604 eo
1409 1578 1521 1604 anno
1543 1579 1618 1618 po-

176 1621 266 1676 puli
289 1623 427 1662 tristia
448 1622 489 1662 in
525 1622 805 1663 foeneratores
839 1621 968 1671 facta,
998 1622 1153 1675 quibus
1188 1622 1242 1661 ab
1275 1620 1472 1660 aedilibus
1505 1620 1622 1660 dicta

177 1678 266 1717 dies
288 1687 412 1728 esset,
438 1678 675 1718 traduntur.
740 1677 794 1717 Et
813 1692 892 1726 res,
916 1677 1029 1717 haud
1065 1677 1149 1717 ulla
1182 1676 1340 1731 insigni
1374 1676 1425 1715 ad
1460 1690 1622 1716 memo-

177 1734 282 1773 riam
305 1748 468 1782 caussa,
491 1734 542 1774 ad
567 1735 857 1788 interregnum
882 1733 1022 1773 rediit.
1088 1733 1149 1772 Ex
1176 1734 1435 1786 interregnO,
1456 1735 1489 1755 ‘²2
1505 1743 1548 1772 ut
1580 1731 1621 1771 id

178 1799 321 1829 actum
347 1790 477 1830 videri
500 1800 657 1844 posset,
681 1804 745 1829 am
757 1791 808 1828 bo
830 1789 1000 1843 patricii
1035 1790 1230 1829 consules
1252 1788 1384 1828 creati
1418 1797 1530 1838 suut,
1555 1788 1621 1828 M.
1637 1803 1678 1834 υ,
1695 1803 1730 1833 C.
1748 1805 1824 1833 412.

182 1845 374 1885 Valerius
400 1846 567 1885 Corvus
592 1846 779 1895 tertium,
802 1845 856 1886 A.
881 1844 1105 1885 Cornelius
1128 1844 1301 1885 Cossus.
1635 1847 1673 1876 A.
1693 1846 1728 1874 C·
1747 1848 1822 1875 340-

238 1901 428 1943 XXIX.
463 1901 636 1956 Majora
660 1901 752 1955 jam
788 1901 887 1942 hinc
920 1901 1043 1950 bella,
1075 1911 1118 1940 et
1150 1901 1309 1941 viribus
1345 1899 1550 1949 hostium,
1581 1888 1841 1962 etffiffflegss

182 1956 497 2011 longinquitate
522 1957 586 1998 vel
618 1958 859 2013 regionum,
882 1956 949 1997 vel
976 1967 1220 2011 temporum
1250 1958 1281 1979 ‘¹³
1297 1955 1451 2010 spatio,
1471 1955 1624 2009 quibus
1639 1975 1721 2004 nelio
1736 1975 1822 2003 coss.

710 2049 726 2070 ἲ*
751 2057 794 2081 est
810 2051 869 2080 del.
885 2052 983 2081 Gron.
999 2052 1088 2080 Crev.

223 2133 263 2161 3‘3-
275 2131 292 2147 ἐξ
304 2130 381 2161 Sine
396 2129 642 2168 vaeatwnibusL
652 2130 753 2160 Nulla
770 2130 885 2160 habita

181 2174 308 2203 ratione
332 2175 562 2203 vacationum:
586 2174 710 2203 coactis
734 2173 775 2202 ad
798 2173 885 2202 mili-

183 2218 267 2246 tiam
290 2217 392 2245 etiam
418 2217 456 2245 iis
480 2218 535 2254 qui
560 2217 593 2245 iu
619 2216 756 2245 assuetis
774 2223 807 2245 et
824 2216 884 2244 mi-

184 2259 271 2288 noris
296 2258 434 2297 periculi
458 2258 551 2288 bellis
574 2259 783 2287 vacationem
799 2258 886 2287 mili-

183 2302 240 2330 tiae
257 2301 433 2331 habebant.

225 2347 266 2377 39
288 2343 414 2373 Junonz‘
459 2342 606 2382 fllonetoe]
657 2342 822 2380 Scriptum
866 2353 887 2372 a

184 2387 297 2415 multis
318 2390 377 2422 est,
394 2386 503 2424 inqult
526 2385 594 2414 Cic.
617 2384 637 2413 l.
657 2386 681 2414 1.
698 2385 736 2414 de
761 2385 835 2414 Div.
854 2396 885 2415 n.

189 2432 258 2458 101.
271 2438 371 2467 quum
389 2433 485 2457 terroe
502 2427 727 2465 motus-fitecus-
743 2432 831 2463 esset,
849 2434 885 2456 ut

183 2480 239 2501 sue
255 2473 356 2509 plena
375 2469 687 2509 proearatiofieret,
713 2480 815 2499 nocem
845 2472 884 2499 ab

184 2514 249 2542 oede
264 2514 405 2544 Junonz‘s
420 2524 460 2543 eze
474 2523 549 2542 arce
565 2514 718 2541 exstilisse
729 2525 738 2539 :
761 2514 884 2551 quaein·-

184 2566 223 2585 σα
245 2556 409 2586 Junonem
432 2558 525 2585 illam
549 2557 746 2594 appellalam
778 2555 890 2583 Morm-

185 2604 276 2628 tam:
301 2609 420 2638 nempe
445 2609 462 2627 a
488 2597 662 2627 monendo.
711 2596 807 2625 Unde
823 2597 889 2626 ‹vol-

186 2641 245 2679 ligi
267 2646 377 2680 potest
401 2641 505 2670 aedem
530 2645 607 2668 ante
623 2640 820 2669 aeilismatam
838 2640 889 2668 fu-

187 2685 262 2719 isse,
278 2693 377 2721 quani
401 2684 492 2712 Juno
516 2682 661 2711 Monetae
687 2691 822 2710 nomine
839 2683 888 2710 in-

187 2727 390 2764 signiretur;
427 2726 563 2763 'naecque
588 2726 685 2753 verba
708 2725 804 2753 cedem
829 2724 892 2754 du-

187 2769 262 2797 num'
285 2768 420 2797 Alonem'
441 2770 537 2805 voi-it,
554 2767 668 2796 eodem
696 2766 791 2795 modo
808 2768 892 2795 acci-

188 2810 311 2850 pienda
333 2820 416 2848 esse,
435 2820 471 2840 ac
497 2820 522 2840 si
548 2810 730 2850 scripsisset
755 2809 889 2839 Livius:

927 2130 1047 2160 AEdem
1075 2129 1216 2165 annoni,
1247 2139 1319 2168 quae
1350 2130 1488 2160 Moneta
1517 2136 1631 2169 postea

928 2172 1094 2212 appellata
1109 2176 1171 2208 est,
1189 2174 1287 2202 vovit.

972 2218 1016 2245 40
1042 2214 1235 2245 Damnatus
1250 2212 1325 2252 voti]
1345 2213 1419 2243 Vid.
1437 2219 1506 2244 not.
1523 2218 1575 2247 95.
1591 2215 1633 2244 ad

928 2257 1028 2287 v.⁶25.

973 2303 1013 2329 41
1042 2300 1157 2330 Simile
1169 2321 1178 2330 .
1190 2321 1198 2329 .
1213 2322 1221 2330 .
1232 2320 1241 2329 .
1254 2304 1373 2329 vetusto
1381 2299 1541 2338 prodigio]
1557 2300 1631 2329 Vid.

932 2342 957 2372 Ῐ.
975 2346 1028 2372 31.

974 2387 1014 2414 42³
1028 2385 1045 2401 *²
1061 2385 1104 2415 Ut
1127 2385 1162 2414 id
1182 2389 1292 2414 aetum
1316 2384 1418 2413 videri
1437 2384 1554 2423 posses]
1583 2385 1635 2415 lta

931 2433 968 2456 ut
994 2428 1025 2456 id
1049 2428 1204 2463 voluisse,
1222 2427 1252 2456 id
1277 2432 1440 2464 spectasse
1459 2427 1574 2455 Patres*
1589 2429 1633 2456 vi-

931 2469 998 2498 deri
1024 2476 1177 2508 possent:
1210 2479 1328 2507 nempe
1353 2469 1439 2507 quod
1471 2471 1633 2507 sequitur,

931 2519 967 2541 ut
984 2513 1080 2542 umbo
1098 2512 1227 2551 patricii
1244 2511 1394 2541 consules
1411 2512 1540 2541 fierent.

978 2558 1017 2584 43
1044 2555 1168 2594 Spatia]
1196 2555 1298 2584 Recte
1328 2555 1478 2583 observat
1509 2554 1634 2584 Grono-

934 2598 1004 2626 »ius
1036 2607 1148 2626 vocem
1182 2596 1271 2626 illam
1305 2597 1499 2631 redundare,
1530 2607 1633 2634 quum

934 2641 1151 2678 longinquitas
1187 2645 1222 2668 et
1259 2641 1328 2677 long
1336 2642 1452 2678 dnquus
1489 2647 1557 2668 tani
1598 2640 1635 2668 de.

933 2686 1099 2720 tempore,
1112 2691 1211 2719 quam
1230 2681 1268 2710 de
1286 2682 1357 2711 loco
1374 2682 1539 2711 dicantur.
1585 2684 1637 2710 Sic

939 2724 958 2752 l.
976 2725 1000 2753 1.
1020 2734 1047 2752 c.
1066 2727 1117 2753 31.
1133 2726 1303 2762 longinquo
1326 2725 1429 2754 morbo
1454 2725 1638 2762 implicitus.

938 2766 981 2796 Et
998 2767 1035 2796 V.
1057 2770 1104 2798 11.
1122 2772 1154 2796 et
1176 2770 1222 2797 15.
1239 2768 1454 2806 longinquitas
1471 2768 1551 2796 belli,
