1969 3239
641 84 763 123 LIB.
790 83 841 122 H.
879 84 1007 122 CAP.
1033 82 1080 121 L.
1220 109 1224 113 Δ
1516 88 1591 129 137

155 187 311 244 gentis,
342 202 522 244 quorum
558 189 779 229 ‘neminem
809 187 963 229 ducem
1005 188 1222 242 sperneret
1254 187 1450 243 egregius
1494 189 1588 245 qui·
1602 199 1642 230 U.
1656 198 1692 228 c.
1707 199 1781 232 275.

158 245 340 286 buslibet
364 247 623 301 temporibus
653 246 686 271 ⁷⁶
700 254 886 292 senatus,
907 245 1042 294 ibant,
1064 245 1187 285 unius
1223 244 1397 286 familiae
1428 247 1589 289 viribus
1603 244 1644 274 A.
1660 243 1697 275 C·
1713 244 1788 276 477.

154 302 320 344 Veienti
347 303 506 359 populo
528 311 687 359 pestem
711 302 973 342 minitantes.
1033 302 1301 355 Sequebatur
1332 304 1470 353 turba,
1493 318 1590 358 pro-

155 361 249 415 pria
299 359 382 400 alia
431 370 713 416 cognatorum
758 359 1068 414 sodaliumque,
1111 358 1219 399 nihil
1266 359 1480 416 medium,
1514 375 1591 402 nec

154 431 289 472 spem,
313 432 391 458 nec
427 431 586 466 curam,
607 417 679 457 sed
713 417 907 458 inmensa
935 417 1080 457 omnia
1112 415 1377 457 volventium
1416 417 1591 469 anim03

154 475 238 515 alia
264 480 296 503 77
312 474 497 531 publica,
519 472 807 515 sollicitudine
837 473 1042 523 excitata,
1063 472 1208 514 favore
1237 482 1280 514 et
1308 473 1592 516 admiratione

155 541 358 587 stupens;
399 530 457 572 ire
470 529 625 588 fortes,
645 531 705 571 ire
720 529 870 587 felices
894 531 1067 586 jubent,
1091 531 1258 586 inceptis
1280 538 1442 572 eventus
1467 546 1590 586 pares

153 588 336 630 reddere.-
377 587 611 629 consulatus
641 587 734 629 inde
763 603 809 629 ac
835 587 1074 644 z‘riumpleOS,
1094 588 1229 629 omnia
1254 590 1423 644 proemia
1452 588 1503 629 ab
1534 604 1589 641 se,

152 660 285 686 omnes
307 645 474 686 honores
501 659 674 700 sperare.
736 644 1102 686 Praeter-euntibus
1135 645 1398 701 Capitolium
1430 661 1591 687 arcem-

153 717 237 757 que
257 711 299 743 et
319 702 401 742 alia
418 702 591 758 templa,
609 703 820 758 quidquid
844 702 1034 743 Deorum
1056 703 1427 758 oeulis,qnidquid
1447 706 1591 745 animo

154 759 359 810 obcurrit,
376 770 619 814 precantur,
642 769 688 801 ut
708 760 811 801 illud
832 773 984 815 agmen
1006 760 1192 800 faustum
1218 770 1346 815 atque
1368 761 1470 802 felix
1491 763 1591 802 mit-

155 825 261 868 tant,-
283 818 465 872 sospites
492 817 607 858 brevi
632 817 674 858 in
698 817 875 874 patriam
901 818 953 857 ad
987 828 1182 872 parentes
1215 818 1455 859 restituant.
1517 818 1591 860 In-

152 884 318 914 cassum
350 874 492 915 missae
528 889 692 930 preces.
754 874 925 916 Infelici
963 876 1032 914 via
1064 875 1264 915 ”dextro
1302 875 1415 916 §ano
1455 886 1591 931 portae

153 930 438 972 Carmentalis
473 931 669 986 profecti,
701 932 754 973 ad
787 931 1032 972 Cremeram
1065 932 1224 972 flumen
1258 933 1525 988 perveniunt.
1558 934 1591 973 is

152 997 423 1044 opportunus
447 989 561 1030 visus
585 989 704 1030 locus
730 988 1064 1030 communiendo
1098 989 1310 1044 praesidio.
1374 989 1422 1030 L.
1454 990 1591 1030 AEmi-
1604 992 1644 1021 U·
1663 992 1700 1021 C
1716 992 1790 1047 {76-

148 1044 230 1086 lius
251 1046 351 1086 inde
372 1055 415 1086 et
439 1046 491 1087 C.
517 1047 720 1087 Servilius
743 1046 940 1087 consules
963 1047 1083 1086 facti.
1106 1057 1164 1096 et,
1187 1048 1324 1087 donec
1347 1047 1455 1088 nihil
1477 1048 1589 1089 aliud
1603 1035 1783 1108 ἒξῖηζζιῗο

148 1116 276 1157 quam
300 1103 343 1143 in
375 1103 728 1158 populationibus
759 1117 825 1144 res
855 1103 953 1154 fuit,
976 1117 1062 1144 non
1099 1105 1150 1144 ad
1177 1104 1424 1158 praesidium
1464 1103 1648 1151 medon]
1666 1123 1788 1152 C.Se1--

152 1159 379 1201 tutandum
407 1160 527 1201 Fabii
549 1161 648 1201 satis
671 1170 806 1211 erant,
829 1162 901 1202 sed
926 1171 1018 1202 tota
1042 1162 1216 1217 regione
1247 1176 1330 1216 qua
1352 1161 1518 1203 Tuscus
1548 1178 1592 1203 a-
1604 1166 1678 1195 vnio
1691 1167 1775 1198 00³⁶·

152 1231 228 1273 ger
252 1217 451 1258 Romano
482 1218 666 1273 adjacet,
689 1233 765 1260 sua
796 1227 889 1260 tuta
919 1218 1077 1270 omnia,
1101 1219 1258 1259 infesta
1290 1219 1495 1270 hostium,
1520 1235 1592 1261 va—

150 1284 301 1329 gantes
335 1287 412 1330 per
450 1286 680 1331 utrumque
722 1276 868 1326 finem,
906 1275 1059 1316 fecere.
1122 1276 1398 1317 Intervallum
1443 1278 1595 1319 deinde

152 1331 266 1372 haud
289 1346 495 1388 magnum
517 1333 866 1388 populationibus
891 1333 996 1374 fuit:
1029 1333 1128 1374 dnm
1150 1345 1193 1374 et
1214 1335 1428 1385 Veientes,
1449 1335 1594 1376 adcito

151 1402 206 1428 ex
246 1388 415 1430 Etruria
448 1393 657 1440 exercitu,
691 1391 939 1445 praesidium
976 1390 1190 1431 Cremerae
1223 1393 1504 1447 obpugnant,
1548 1403 1597 1434 et

156 1445 366 1487 Romanas
399 1447 602 1502 legiones,
626 1448 680 1488 ab
714 1448 762 1488 L.
786 1448 961 1488 AEmilio
994 1447 1184 1488 Consule
1215 1449 1427 1499 adduetae,
1457 1451 1594 1491 comi-

151 1517 229 1543 nus
252 1518 351 1544 cuin
377 1503 568 1545 Etruscis
603 1505 812 1546 dimicant
845 1505 952 1545 acie.
987 1519 1242 1560 quamquam
1277 1507 1350 1546 vix
1382 1507 1595 1563 dirigendi

152 1561 288 1601 aciem
317 1562 503 1616 spatium
525 1562 775 1603 Veientibus
797 1561 893 1602 fuit.
916 1562 1023 1602 adeo
1054 1562 1165 1603 inter
1195 1563 1372 1617 primam
1407 1565 1594 1619 trepida-

152 1618 330 1668 tionem,
367 1619 512 1660 ⁷9dum
552 1629 651 1674 post
687 1619 811 1675 signa
846 1619 1015 1660 ordines
1054 1620 1288 1672 introeunt,
1322 1621 1596 1677 subsidiaque

149 1673 312 1724 locant,
336 1675 507 1716 invecta
535 1677 676 1717 subito
707 1678 762 1717 ab
793 1676 923 1717 latere
956 1676 1154 1718 Romana
1183 1679 1372 1733 equitum
1407 1679 1487 1731 ala,
1509 1694 1595 1721 non

147 1745 308 1788 pugnae
350 1733 480 1774 modo
517 1734 789 1789 incipiendae,
823 1735 895 1775 sed
933 1735 1213 1786 consistendi,
1243 1736 1404 1777 ademit
1437 1736 1594 1778 locum.

151 1787 234 1839 Ita,
257 1788 340 1831 fusi
364 1798 477 1830 retro
500 1792 551 1832 ad
584 1806 688 1832 saxa
711 1791 875 1842 Rubra,
898 1791 979 1844 (ibi
1009 1802 1151 1832 castra
1183 1793 1422 1844 habebant)
1444 1808 1596 1849 pacem

152 1846 363 1901 supplices
386 1857 554 1902 petunt.
577 1849 699 1904 cujus
724 1849 965 1903 inpetratae,
988 1850 1042 1890 ab
1074 1849 1201 1890 insita
1223 1851 1375 1891 animis
1406 1851 1596 1904 levitate,

152 1914 251 1943 ante
273 1904 506 1946 deductum
527 1905 733 1947 ‘Cremera
750 1906 1004 1947 'Romanuin
1028 1907 1291 1961 praesidium,
1313 1908 1537 1963 poenituit.

210 1960 258 2001 L.
290 1960 455 2002 Rursus
478 1978 574 2004 cum
601 1963 743 2004 Fabiis
766 1973 857 2004 erat
876 1964 1045 2004 Veienti
1076 1964 1252 2019 populo,
1275 1979 1366 2006 sme
1396 1965 1480 2006 ullo
1503 1980 1594 2007 ma·
1607 1982 1695 2014 Fabii
1718 1986 1793 2015 Vei-

143 2017 254 2072 joris
276 2018 374 2059 belli
396 2019 618 2074 adparatu,
640 2029 883 2062 certamen:
918 2035 996 2061 nec
1017 2032 1139 2062 erant
1167 2023 1434 2063 incursiones
1463 2024 1594 2065 modo
1607 2029 1726 2060 entium
1743 2030 1806 2058 vie-

152 2078 194 2114 in
219 2088 358 2130 agros,
379 2085 452 2118 aut
473 2078 601 2118 subiti
626 2078 796 2133 inpetus
824 2078 1152 2130 incursantium,
1174 2080 1247 2120 sed
1278 2080 1505 2135 aliquoties
1537 2077 1698 2122 ae-tores.

151 2145 237 2186 qno
260 2146 414 2187 campo
436 2135 704 2190 conlatisque
725 2135 857 2190 signis
880 2144 1105 2176 certatum.
1127 2151 1316 2192 gensque
1338 2153 1423 2179 una
1444 2138 1595 2194 populi

151 2188 341 2230 Romani
364 2205 478 2246 saepe
497 2205 553 2234 ex
583 2192 921 2247 opulentissima,
944 2202 992 2233 ut
1022 2205 1114 2234 tuin
1145 2207 1210 2234 res
1245 2205 1382 2246 erant,
1415 2195 1596 2238 Etrusca

193 2307 237 2341 76
262 2306 419 2347 Senatus]
442 2309 552 2340 Multo
575 2313 680 2351 magis
704 2312 852 2351 placeret
896 2314 948 2344 ria
969 2319 1096 2354 pateat.
1142 2314 1258 2344 Cicero
1276 2314 1296 2344 l.
1315 2315 1360 2345 ΙΙ.
1379 2314 1420 2344 de
1441 2314 1524 2345 Nat.
1539 2313 1597 2345 de—

149 2353 328 2382 exercitus.-
353 2352 441 2391 quod
459 2353 544 2384 Tan.
569 2354 673 2384 Fabro
696 2359 730 2385 et
745 2357 851 2394 Duja-
895 2368 942 2387 or.
972 2367 1004 2387 n.
1032 2360 1085 2392 67.
1124 2357 1343 2388 Τνιιηείίῑόησε
1362 2360 1487 2398 pervioe
1510 2359 1596 2389 «Iani

147 2395 197 2424 tio
221 2396 339 2425 visum.
385 2396 481 2426 Ovid.
501 2397 546 2439 ΙΙ..
565 2396 655 2428 Past.
672 2408 702 2428 v.
719 2401 793 2430 200.
810 2401 850 2429 (le
896 2401 1065 2432 (licuntur.
1112 2401 1334 2432 Carmentalis
1366 2403 1470 2441 igitur
1499 2406 1597 2442 porta

149 2437 199 2468 his
224 2437 330 2469 Fabiis
347 2438 485 2478 loquens
501 2453 507 2471 z
532 2441 567 2471 E
583 2444 669 2481 queis
687 2442 850 2482 daoefieri
896 2444 977 2474 duos
991 2448 1099 2475 tresve
1115 2445 1199 2475 tales
1217 2445 1320 2476 Janos
1342 2446 1409 2475 sive
1432 2446 1595 2489 transitus

151 2482 283 2522 quilibet
298 2487 394 2522 aptus
408 2489 492 2514 erat.
896 2487 1036 2519 habuit:
1071 2487 1131 2529 pex-
1161 2489 1313 2518 dextrum
1348 2489 1487 2528 profecti
1515 2494 1596 2519 sunt

193 2526 414 2559 77²*Publica
450 2528 663 2558 sollicitudine
691 2530 850 2569 excitata]
895 2529 997 2561 Fabii.
1044 2533 1098 2562 Sic
1122 2535 1236 2562 censet
1257 2532 1330 2562 Jac.
1347 2532 1451 2563 Gron.
1468 2533 1501 2562 in
1517 2533 1596 2563 Dis-

151 2567 308 2599 Exeitata
323 2569 364 2599 ad
380 2572 624 2610 prosequendos
640 2572 768 2611 Fabios,
783 2583 849 2603 non

151 2612 287 2650 privatis
312 2615 627 2652 necessitudinibus,
645 2616 703 2645 sed
727 2616 851 2646 sollici-

150 2655 265 2685 tudine
280 2656 323 2686 ad
339 2658 579 2697 rempublicam
596 2663 781 2698 spectante.

196 2701 236 2732 78
260 2699 388 2730 Dextro
403 2701 508 2740 Jano]
537 2703 598 2731 Per
623 2702 777 2733 dextrum
793 2703 851 2733 Ja-

154 2747 249 2780 nu'm‚
266 2743 334 2772 sive
355 2745 537 2775 transitum
561 2753 665 2785 portae
691 2747 850 2777 Carmen-

151 2784 238 2815 talis.
282 2785 388 2818 Janns
403 2788 493 2818 enim
509 2789 679 2819 interdum
703 2791 851 2820 sumitur

151 2837 210 2868 pro
233 2829 374 2868 quodam
399 2833 493 2871 quasi
515 2833 641 2864 fornice
666 2843 727 2874 per
747 2843 847 2873 quem

894 2579 1012 2605 sertae.
1035 2577 1132 2616 epist.
1150 2577 1201 2606 ⁶2².
1225 2575 1265 2605 ad
1288 2576 1413 2617 calcem
1440 2577 1524 2606 tomi
1549 2576 1594 2607 11.

895 2616 1036 2648 Liviani.
1081 2618 1163 2649 Vide
1179 2622 1214 2648 et
1236 2618 1434 2650 Martinium
1458 2620 1492 2650 in
1517 2629 1595 2650 voce

896 2660 1019 2691 Jccmes.
1060 2658 1062 2661 ’

939 2707 980 2738 79
1004 2704 1099 2735 Dum
1118 2708 1190 2745 post
1214 2706 1311 2744 signa
1340 2706 1467 2736 ordines
1494 2707 1596 2737 intro·

894 2749 989 2786 eunt]
1013 2748 1104 2778 Dum
1121 2748 1267 2787 ordines,
1291 2755 1468 2788 sequentes
1485 2751 1593 2788 signa,

894 2791 1061 2830 prodeunt
1087 2792 1123 2822 in
1152 2792 1262 2824 locum
1294 2802 1418 2834 pugnae
1448 2793 1593 2824 destina-

892 2839 979 2867 turn.
