1925 3239
309 126 384 162 516
859 122 998 160 ΤῘΤΙ
1034 123 1207 162 LIVII

101 235 144 267 U.
161 235 197 266 c.
214 237 289 266 435.
374 220 529 264 XVII.
561 220 683 264 Nihil
715 221 855 263 minus
887 223 1114 277 quaesitum
1149 238 1174 263 a
1205 222 1416 279 principio
1448 223 1576 279 hujus
1608 224 1748 279 operis

103 280 143 310 A.
162 279 198 309 C·
215 281 287 311 317
319 278 452 320 videri
484 287 640 335 potest,
661 294 789 334 quam
822 288 868 320 ut
890 281 1119 335 plusjusto
1142 281 1196 320 ab
1219 294 1356 321 rerum
1386 281 1535 322 ordine
1564 280 1749 322 declina-

104 322 294 394 ῗέςὲῗζζζῒ
322 350 431 386 rem3
463 336 824 390 varietatibusque
846 336 1149 392 distinguendo
1173 351 1313 400 opere,
1335 345 1378 401 et
1398 337 1638 392 legentibus
1661 337 1747 378 vel-

107 409 162 436 dro
178 408 222 436 M.
238 413 270 436 et
323 402 370 433 ut
402 392 662 433 deverticula
683 407 870 457 amoena,
892 403 936 433 et
968 394 1154 456 requiem
1187 394 1347 434 animo
1360 408 1455 435 meo
1487 407 1747 458 quaererem·

109 451 266 480 Romanis.
323 457 466 489 tamen
487 455 516 477 ⁵⁸
531 450 636 490 tanti
660 449 771 505 regis
793 465 842 490 ac
863 449 983 490 ducis
1005 450 1181 500 mentio,
1202 445 1355 504 quibus
1377 464 1491 505 saepe
1513 451 1652 490 tacitis
1674 463 1748 491 co-

322 505 605 560 gitationibus
637 506 847 546 volutavit
876 507 1081 556 animum,
1102 521 1171 546 eas
1202 515 1352 547 evocat
1381 507 1422 547 in
1456 507 1667 548 medium:
1700 515 1750 546 ut

322 576 512 616 quaerere
552 563 696 611 libeat,
733 563 905 616 quinam
947 573 1122 603 eventus
1163 562 1370 604 Romanis
1403 563 1542 614 rebus,
1575 563 1609 604 si
1649 576 1748 603 cum

323 619 569 659 Alexandro
612 619 721 659 foret
764 618 978 668 bell-itum,
1004 619 1185 659 futurus
1225 621 1365 660 f·ue1it.
1427 619 1664 660 Plurimum
1705 619 1751 660 in

325 675 434 716 bello
467 675 623 730 pollere
651 675 848 715 videntur
870 675 1051 716 militum
1084 675 1210 731 copia
1239 686 1283 717 et
1303 677 1452 727 virtus,
1474 676 1647 732 ingenia
1669 675 1749 716 im-

323 743 582 786 penitorum,
605 731 774 772 fortuna
801 746 872 786 per
907 732 1050 772 omnia
1071 731 1270 783 humana,
1291 733 1478 774 maxime
1509 733 1550 773 in
1576 747 1638 773 res
1661 731 1750 773 bel-

323 789 440 839 licas,
462 798 627 843 potens.
688 787 763 837 Ea,
785 799 827 828 ct
850 788 1016 844 siwrula
1038 788 1218 830 intuenti
1250 800 1293 830 et
1324 790 1531 840 universa,
1554 789 1665 830 sicut
1694 789 1747 829 ab

324 845 416 885 aliis
452 845 622 900 regibus
652 845 952 900 gentibusque,
982 845 1042 885 ita
1073 846 1126 885 ab
1159 845 1240 887 hoc
1271 860 1454 901 quoque,
1485 845 1610 887 facile
1642 859 1750 901 prae-

324 911 437 941 stant
460 901 666 943 invictum
693 901 935 942 Romanum
967 902 1205 957 imperium.
1263 902 1362 944 ,lam
1394 903 1591 958 primum,
1613 911 1661 942 ut
1682 916 1751 942 or-

323 958 413 998 diar
443 959 497 998 ab
533 958 712 999 ducibus
746 958 1057 1013 comparandis,
1080 958 1191 999 haud
1223 959 1417 1013 equidem
1450 959 1608 1009 abnuo,
1629 972 1751 1014 egre-

113 1027 281 1056 Alexandri
324 1015 442 1068 gium
464 1015 617 1055 ducem
641 1015 768 1055 fuisse
801 1014 1114 1066 Alexandrum3
1153 1015 1224 1056 sed
1245 1016 1464 1056 clariorem
1487 1025 1627 1056 tamen
1651 1029 1748 1055 eum

111 1073 142 1098 εἴ
154 1071 265 1099 ducum
324 1071 441 1122 facit,
463 1072 620 1126 ”quod
659 1086 764 1112 unus
799 1072 894 1121 fuit,
916 1072 1030 1126 quod
1063 1071 1307 1112 adolescens
1336 1073 1377 1112 in
1402 1073 1664 1113 incremento
1687 1085 1749 1111 re·

109 1114 300 1185 gginaeolia-
322 1142 431 1179 rum,
455 1128 643 1169 nondum
667 1128 839 1168 alteram
864 1129 1076 1169 fortunam
1100 1138 1316 1183 expertus,
1334 1128 1529 1170 decessit.
1562 1128 1622 1170 Ut
1643 1128 1747 1168 alios

321 1199 441 1240 reges
480 1185 614 1225 claros
652 1185 864 1239 ducesque
901 1186 1113 1235 omittam,
1149 1199 1305 1249 magna
1341 1184 1538 1240 exempla
1573 1195 1755 1226 casuum·

321 1219 637 1292 hquanorum3
666 1241 698 1264 ⁶⁰
715 1241 892 1296 Cyrum,
913 1255 1039 1296 quem
1072 1242 1259 1282 maxime
1289 1242 1434 1284 Graeci
1464 1241 1660 1282 laudibus
1680 1255 1749 1281 ce·

321 1298 642 1353 leb1··mt‚quid‚
666 1298 743 1338 nisi
777 1298 903 1353 longa
935 1299 1037 1349 vita,
1059 1300 1170 1340 sicut
1207 1298 1421 1354 Magnum
1456 1299 1586 1339 modo
1622 1297 1750 1338 Pom-

321 1355 482 1411 peium,
504 1355 683 1395 vertenti
705 1356 889 1418 praebuit
911 1354 1121 1397 fortuuae?
1153 1332 1413 1396 Recenseam
1436 1355 1564 1396 duces
1588 1353 1749 1395 Roma-

321 1426 414 1463 nos,
437 1426 515 1452 nec
545 1426 692 1452 omnes
725 1426 916 1452 omnium
948 1412 1156 1461 aetatium,
1181 1412 1253 1452 sed
1284 1412 1398 1467 ipsos
1428 1426 1515 1462 eos„
1535 1420 1635 1453 cum¹
1655 1411 1751 1466 qui-

322 1469 400 1509 bus
433 1468 679 1509 consulibus
714 1477 787 1508 aut
807 1468 1089 1509 dictatoribus
1109 1468 1355 1510 Alexandro
1378 1468 1459 1510 fuit
1481 1467 1750 1519 bellandum3

322 1523 390 1566 M.
414 1524 629 1566 Valerium
655 1524 859 1575 Corvum,
883 1524 933 1567 C.
957 1525 1170 1566 Marcium
1195 1525 1406 1577 Rutilum,
1429 1524 1749 1580 C.Sulpicium‚

320 1581 371 1622 T.
397 1581 613 1622 Manlium
635 1581 915 1636 Torquatum,
939 1582 996 1628 Q.
1021 1582 1253 1623 Publilium
1286 1582 1525 1632 Philonem,
1549 1581 1598 1622 L.
1623 1580 1751 1636 Papi-

322 1639 429 1679 rium
455 1638 770 1687 Cursorem,Q.
787 1638 964 1679 Fabium
988 1639 1248 1690 Maximum,
1269 1639 1375 1680 duos
1400 1638 1573 1689 Decios,
1590 1638 1637 1679 L.
1660 1637 1749 1678 Vo-

322 1695 547 1759 lumnium,
571 1695 650 1735 Μ.
682 1695 873 1736 Curium.
936 1695 1151 1759 Deinceps
1180 1696 1375 1752 ingentes
1401 1704 1634 1750 sequuntur
1654 1694 1749 1745 viri,

321 1752 401 1792 ⁶¹si
439 1752 647 1792 Punicum
690 1751 886 1793 Romano
926 1753 1210 1807 praevertisset
1227 1729 1417 1803 0bellum,
1450 1753 1673 1806 seniorque
1706 1751 1749 1792 in

323 1807 490 1849 Italiam
517 1808 763 1862 trajecisset.
826 1808 1024 1849 Horum
1017 1824 1059 1849 rn
1082 1810 1274 1874 quolibet
1295 1818 1384 1850 tum
1408 1809 1569 1850 indoles
1586 1808 1749 1857 eadem,

323 1880 419 1920 quae
454 1866 493 1906 in
528 1864 774 1906 Alex-tudio
809 1875 912 1915 erat,
934 1866 1062 1906 animi
1103 1867 1368 1922 ingeniique;
1401 1875 1490 1906 tum
1524 1864 1750 1928 disciplina

323 1922 639 1986 militaris‚jam
665 1923 761 1962 inde
783 1922 867 1968 ’,11)
861 1923 992 1963 initiis
1029 1923 1141 1963 urbis
1165 1923 1317 1963 tradita
1340 1936 1412 1978 per
1433 1936 1597 1972 manus,
1620 1921 1662 1962 in
1685 1936 1749 1962 ar-

325 1979 374 2018 tis
397 1979 610 2034 perpetuis
634 1993 681 2032 pr
685 1979 858 2034 eceptis
877 1979 997 2019 ordin
1003 1990 1083 2020 rtae
1108 1980 1278 2021 modum
1295 1990 1479 2020 venerat.
1541 1978 1609 2019 Ita
1630 1992 1760 2033 reges·

321 2045 538 2090 gesserant
570 2034 702 2085 bella3
738 2035 795 2075 ita
816 2036 968 2076 deinde
1000 2046 1222 2077 exactores
1246 2050 1394 2092 regum
1427 2035 1547 2078 Junii
1571 2034 1748 2075 Valerii-

322 2105 430 2146 que3
465 2093 524 2132 ita
544 2092 744 2145 deinceps
770 2092 801 2131 Ι
804 2093 903 2140 ¹rbii,
928 2092 1138 2143 Quinctii,
1161 2092 1376 2133 Cornelii·
1367 2110 1378 2144 ;
1411 2094 1469 2134 ita
1492 2092 1643 2133 Furius
1666 2090 1750 2132 Ca-

321 2148 477 2199 mulus,
497 2149 666 2202 ⁶⁹qucm
685 2163 866 2203 juvenes
890 2149 940 2189 ii*
943 2180 954 2200 ‚
978 2150 1132 2204 quibus
1155 2164 1251 2190 cum
1274 2150 1520 2191 Alexandro
1541 2149 1748 2190 dimican-

952 2248 963 2261 ⁸
983 2242 1041 2272 duo
1056 2243 1152 2273 Gron,

366 2317 404 2347 58
431 2315 531 2347 Tanti
566 2318 653 2355 regis
688 2326 728 2346 ac
759 2316 849 2346 ducis
883 2317 1014 2354 mentio]
1058 2317 1249 2347 afferebant.
1294 2315 1376 2346 Vide
1390 2327 1429 2347 ea
1441 2317 1558 2356 quaein
1575 2316 1660 2346 hanc
1674 2326 1748 2347 seu-

323 2359 500 2398 Postquam
514 2360 617 2389 semel
632 2360 834 2389 mentionem
851 2359 913 2388 feci
926 2361 1014 2389 tanti
1056 2362 1198 2390 tentiam
1220 2360 1370 2400 disputat
1393 2367 1505 2390 noster·
1527 2361 1613 2390 infra
1626 2360 1686 2391 sub
1711 2361 1749 2390 fi·

321 2403 407 2442 regis
435 2412 472 2432 ac
498 2401 603 2439 ducis,
628 2401 818 2439 Alexandri,
835 2402 913 2432 hinc
939 2402 1015 2432 data
1059 2412 1134 2432 nem
1151 2414 1179 2433 c.
1201 2406 1249 2433 18.

319 2447 491 2475 occasione
506 2444 600 2475 facile
611 2445 755 2476 adducor
767 2447 849 2476 utin
866 2445 1012 2475 medinm
1101 2448 1141 2476 60
1153 2447 1172 2464 ¹*
1189 2446 1323 2486 Cyrum]
1363 2446 1520 2485 Sequitur
1551 2445 1605 2476 hic
1634 2445 1747 2476 Livius

320 2489 483 2528 proferam
508 2498 562 2519 eas
583 2490 800 2527 cogitationes
817 2498 896 2527 quas
912 2498 1012 2528 saepe,
1059 2489 1277 2527 Herodotum,
1295 2490 1381 2529 apud
1407 2499 1506 2528 quem
1531 2489 1634 2529 Cyrus
1650 2500 1669 2519 a
1682 2489 1749 2520 Το-

319 2531 526 2571 perprndens
551 2541 590 2561 ea
615 2542 688 2570 quae
714 2532 755 2562 ad
782 2531 876 2562 illum
901 2541 1012 2570 regem
1058 2533 1139 2573 myri
1157 2533 1418 2572 Massagetarum
1437 2533 1551 2572 regina
1566 2534 1670 2563 victus
1686 2542 1748 2564 οω-

319 2575 455 2613 ejusque
484 2584 533 2604 res
557 2580 666 2614 gestas
694 2576 876 2615 pertinent,
901 2576 1012 2605 animo
1055 2585 1175 2614 susque
1192 2583 1254 2606 est.

317 2617 475 2647 volutavi.
1097 2620 1133 2649 61
1164 2620 1199 2649 Si
1218 2619 1397 2659 Punicum]
1416 2619 1448 2648 Si
1462 2618 1647 2648 Alexander
1657 2619 1748 2659 prius

354 2661 422 2694 59*
435 2660 531 2701 Quod
541 2660 715 2700 unusbtieit]
734 2660 830 2699 Quod
841 2660 930 2690 solus
940 2661 1010 2691 sine
1055 2671 1130 2692 curn
1151 2663 1255 2693 Poenis
1271 2662 1407 2700 bellum,
1423 2672 1520 2701 quam
1533 2672 1609 2692 cum
1626 2663 1748 2693 Roma-

319 2703 447 2741 collega
476 2712 524 2732 res
556 2706 668 2742 gessit.
714 2703 871 2733 lntuetur
899 2704 1010 2734 Livius
1055 2705 1105 2735 nis
1122 2707 1284 2744 gessisset.

311 2746 486 2776 Romanos
500 2746 612 2782 duces,
626 2747 743 2785 quibus
756 2747 859 2776 additi
876 2747 1010 2786 collegae
1099 2749 1139 2778 62
1163 2750 1269 2790 Quen·
1277 2746 1425 2789 juvenes,
1443 2748 1479 2787 ii]
1505 2749 1612 2788 Quem
1635 2748 1656 2778 ii
1674 2748 1745 2787 qui-

318 2796 376 2818 aut
402 2797 528 2830 partem
557 2788 661 2818 laudis
692 2789 923 2826 detrahebant,
949 2796 1008 2820 aut
1053 2791 1191 2821 buscum
1222 2791 1407 2822 Alexandro
1439 2791 1629 2822 bellandum
1660 2796 1743 2828 erat,

319 2832 419 2862 etiam
437 2832 713 2872 impedimentum
738 2833 834 2863 rebus
854 2834 1008 2872 gerendis
1045 2834 1186 2873 juvenes
1201 2844 1316 2867 senem
1332 2835 1492 2866 viderant.
1516 2836 1673 2866 Ceterum
1688 2834 1742 2865 hie
