1925 3239
349 149 427 193 472
794 133 796 135 ’
918 146 1056 188 Τττι
1092 147 1263 187 Lrvn

143 272 186 303 U
203 272 238 301 C
254 272 329 301 405
353 249 482 290 etiam
507 243 677 299 Romae,
699 248 850 290 clarus.
882 248 994 290 aedes
1018 247 1165 289 fuer‘e
1156 263 1199 288 in
1223 247 1388 288 Palatio
1410 246 1516 303 ejus,
1538 263 1634 304 quae
1654 246 1783 291 Vacci

115 310 120 314 ’
145 317 183 347 Α.
201 314 238 346 C
254 316 328 352 327.
358 316 493 369 prata,
514 304 657 346 diruto
679 306 864 346 aediflcio
889 306 1189 360 publicatoque
1214 303 1317 353 solo,
1339 305 1563 358 adpellata.
1621 305 1786 350 Adven-

359 376 429 402 sus
450 361 580 410 hunc,
601 371 836 403 vastantem
860 361 991 402 effuse
1013 362 1205 403 Setinum
1231 360 1567 416 Norbanumque
1587 371 1630 401 et
1652 362 1785 403 Cora-

358 433 462 459 num
484 432 647 474 agrum,
673 418 720 459 L.
745 418 941 473 Papirius
964 417 1194 473 profectus,
1218 417 1329 458 haud
1349 418 1504 472 procul
1525 417 1672 458 castris
1694 418 1786 474 ejus

359 451 568 515 consedit.
628 475 827 515 Vitruvio
848 488 940 524 nec,
956 483 1001 514 ut
1019 474 1128 514 vallo
1148 489 1191 514 se
1211 484 1367 514 teneret
1388 475 1437 513 ad
1448 488 1587 514 versus
1611 474 1787 515 validio-

360 545 448 572 rem
482 531 664 581 hostem,
687 546 789 571 sana
817 542 1011 571 constare
1044 544 1176 581 mens,
1197 544 1290 579 nec,
1313 540 1359 570 ut
1383 529 1554 586 longius
1584 545 1609 572 a
1636 533 1785 571 castris

360 586 598 638 dimicaret,
619 588 785 628 animus
809 588 1046 641 subpetere.
1079 587 1149 626 vix
1187 597 1278 627 tota
1298 596 1419 626 extra
1438 595 1605 642 portam
1627 597 1788 627 castro-

362 657 454 684 rum
485 644 699 699 explicata
719 645 825 694 acie,
848 643 993 699 fugam
1026 643 1161 698 magis
1189 651 1313 693 retro,
1335 657 1461 698 quam
1486 643 1684 698 proelium
1713 653 1788 684 aut

363 699 544 750 hostem,
565 708 784 756 spectante
804 676 952 749 milite,
977 699 1067 739 sibe
1095 699 1287 750 consilio,
1310 714 1399 739 Sine
1425 699 1602 740 audacia
1619 699 1787 755 depug-

147 776 310 808 vicffiffi-
361 765 465 808 nat:
496 765 540 797 et
569 765 617 797 ut
646 756 727 796 levi
752 765 969 797 momento
999 770 1077 796 nec
1098 756 1299 811 ambigue
1319 765 1382 796 est
1404 756 1566 807 victus3
1597 755 1670 806 ita,
1697 757 1789 796 bre-

145 822 299 851 vernates-
362 813 496 853 vitate
518 813 609 868 ipsa
629 812 712 853 loci
737 812 938 867 facilique
968 821 1139 867 receptu
1170 811 1212 852 in
1217 789 1332 852 &tam
1370 789 1610 867 piopiuqiia
1636 821 1789 864 castra,

361 869 473 910 haud
498 883 612 924 aegre
633 869 813 910 militem
834 884 859 909 a
880 867 1013 910 multa
1033 868 1150 909 caede
1169 877 1232 908 est
1250 872 1434 910 tutatus:
1468 883 1544 910 nec
1566 868 1653 910 fere
1673 869 1790 924 quis-

360 940 488 982 quam
526 940 568 966 ιη
605 926 699 981 ipso
736 926 981 976 certamine,
1015 925 1142 988 pauci
1179 924 1220 964 in
1257 926 1380 966 turba
1416 924 1531 981 fugae
1567 936 1788 976 extremae,

361 996 492 1038 quum
512 982 553 1022 in
573 991 710 1023 castra
725 992 909 1033 ruerent,
925 996 1050 1032 cae813
1084 981 1312 1045 primisque
1332 982 1514 1022 tenebris
1535 982 1787 1025 Privernum

361 1038 461 1079 inde
483 1039 667 1094 petitum
688 1038 858 1093 agmine
889 1038 1070 1093 trepido,
1093 1048 1140 1078 ut
1171 1038 1300 1078 muris
1335 1039 1489 1093 potius,
1512 1053 1638 1093 quam
1661 1038 1788 1088 vallo,

361 1109 452 1136 sese
491 1105 743 1136 tutarentur.
800 1095 842 1136 A
883 1095 1089 1135 Priverno
1130 1093 1320 1136 Plautius
1357 1095 1462 1135 alter
1494 1094 1656 1145 consul,
1696 1109 1789 1150 per-

360 1152 536 1192 vastatis
560 1153 713 1207 passim
735 1153 847 1207 agris
872 1151 985 1206 praed
991 1165 1096 1205 aque
1119 1152 1223 1191 aba(
1228 1161 1283 1202 ta,
1300 1151 1342 1191 in
1363 1165 1510 1206 agrum
1535 1126 1789 1196 Fundanum

361 1207 597 1249 exercitum
624 1209 802 1249 inducit.
864 1208 1126 1263 Ingredienti
1161 1207 1264 1248 fines
1296 1219 1464 1248 senatus
1488 1208 1788 1249 Fundanorum

359 1265 581 1316 obcurrit3
611 1272 774 1321 negant,
794 1279 832 1306 se
846 1280 921 1320 pro
919 1241 1135 1305 ὓῬιίξιιηιό
1164 1270 1384 1320 sectamque
1414 1264 1497 1319 ejus
1524 1264 1666 1305 secutis
1692 1279 1786 1319 pre-

360 1328 496 1362 catum
530 1322 691 1371 zenisse,
712 1321 779 1362 secl
806 1336 882 1385 pro
920 1320 1116 1361 Fundano
1145 1320 1318 1375 populo·
1348 1335 1463 1376 quem
1495 1328 1607 1362 exmz
1629 1321 1789 1375 culpam

362 1377 457 1418 belli
490 1392 579 1427 esse,
617 1378 746 1433 ipsum
780 1376 1059 1418 Q‘²17't'7··7777'u777
1084 1377 1303 1432 judicasse,
1339 1392 1461 1432 quum
1498 1377 1788 1432 r'eceptaculum

347 1433 468 1490 fugae
491 1434 738 1475 Prizernum
756 1433 954 1484 habuerit,
967 1448 1044 1474 77077
1057 1434 1236 1488 patriam
1260 1432 1299 1474 Γ
1298 1433 1431 1476 uudos
1492 1433 1643 1474 P77ve7
1646 1448 1685 1474 777
1708 1434 1787 1490 igi-

346 1496 428 1531 'tur
448 1490 573 1532 hostes
591 1491 733 1545 populi
768 1490 947 1532 Romam·
978 1490 1206 1546 q71oe7e7zclos
1224 1489 1586 1554 persequendosque
1606 1504 1693 1541 esse,
1715 1491 1788 1546 qui

360 1547 486 1588 simul
514 1562 538 1587 a
574 1547 781 1588 Fundanis
800 1563 846 1588 uc
870 1547 1082 1598 Romanis,
1102 1549 1131 1570 2³
1148 1547 1353 1603 uniusque
1367 1547 1517 1610 putm'ae
1542 1547 1788 1598 inmemores,

361 1603 588 1660 defecerint.
647 1609 678 1630 ⁰4
695 1604 903 1645 Fundanis
933 1618 1075 1659 pacem
1111 1617 1200 1654 esse,
1232 1611 1268 1645 et
1305 1604 1459 1644 animos
1499 1602 1718 1654 Romanos,
1749 1610 1789 1644 et

356 1668 528 1715 gratam
559 1661 788 1702 memoriam
820 1668 987 1716 accepta:
1019 1660 1211 1701 civetates.
1273 1658 1405 1700 Omre
1434 1675 1472 1701 se
1501 1659 1711 1710 consulem,
1741 1666 1789 1701 ut

362 1716 509 1757 bellum
543 1718 594 1757 ub
631 1717 794 1757 7'77770757'0
817 1716 967 1772 populo
1002 1716 1226 1757 obstineat.-
1273 1731 1407 1772 agros,
1438 1716 1589 1768 urbem,
1618 1731 1787 1771 corpora

359 1787 374 1814 2
403 1788 550 1822 smum,
572 1774 874 1830 coujuomnque,
891 1789 938 1814 uc
959 1773 1176 1815 liberorum
1196 1787 1372 1820 sumum
1389 1774 1429 1813 7'77
1447 1779 1639 1828 potestate
1656 1787 1787 1829 popu-

382 1829 604 1871 iRomam·
633 1844 725 1881 esse,
740 1831 988 1885 fatumque
1049 1829 1325 1871 Conlaudatis
1361 1821 1592 1879 Fundanis,
1623 1829 1786 1880 consul,

361 1886 578 1941 literisque
613 1886 795 1927 Romam
826 1887 978 1937 missis,
1001 1887 1041 1927 in
1073 1886 1217 1926 officio
1243 1886 1469 1926 Fundanos
1491 1900 1594 1937 esse,
1616 1887 1669 1927 ad
1693 1885 1787 1927 Pri·

360 1957 536 1983 vernum
562 1943 683 1983 flexit
705 1945 798 1985 iter.
859 1944 982 1984 Prius
1011 1943 1348 1984 animadv-censum
1381 1943 1422 1983 in
1445 1957 1531 1992 eos,
1552 1942 1623 1997 qui
1647 1943 1790 1998 capita

361 1999 670 2053 conjurationis
693 1999 875 2051 fuerant,
897 2015 921 2040 a
951 1999 1124 2040 consule
1155 2000 1301 2040 scribit
1321 2002 1352 2023 ⁹³
1367 1998 1570 2046 Claudius
1589 2016 1598 2042 :
1629 2000 1682 2043 ad
1705 2009 1788 2053 tre-

361 2066 508 2096 centos
541 2056 854 2112 quinquaginta
875 2070 928 2097 ex
962 2056 1196 2111 conjuratis
1219 2056 1383 2096 vinctos
1405 2055 1587 2096 Romam
1612 2056 1789 2108 missos3

361 2125 541 2167 eamque
571 2091 833 2155 deditionem
864 2114 918 2153 ab
951 2124 1098 2153 senatu
1131 2127 1215 2152 non
1248 2122 1491 2167 acceptam:
1524 2113 1636 2168 quod
1658 2126 1788 2168 egen-

361 2168 501 2265 {ium
490 2179 617 2223 atque
640 2169 863 2211 humilium
888 2184 1018 2225 poena
1042 2168 1183 2210 defun·
1174 2169 1218 2226 gi
1253 2169 1355 2210 velle
1382 2168 1627 2211 Fundanum
1652 2183 1791 2225 popu-

380 2239 445 2266 um
471 2226 726 2268 censuerint.

148 2299 326 2326 Privernum
419 2281 533 2323 XX.
564 2281 813 2337 Privernum
849 2281 1016 2323 duobus
1047 2281 1337 2323 consularibus
1369 2281 1624 2323 exercitibus
1657 2294 1787 2336 quum

146 2340 313 2370 Obsmetur·
404 2381 445 2410 22
470 2377 843 2421 W'trum'umjudicusse]
863 2379 915 2409 Sic
928 2379 1053 2408 Grono-
1098 2380 1201 2409 nostri
1219 2379 1312 2409 codd.
1328 2383 1365 2408 ut
1382 2380 1564 2419 Sigoniaffi,
1581 2380 1718 2411 Fundis.

361 2422 433 2452 vius
450 2421 514 2461 legi
526 2422 631 2457 jussit
646 2433 685 2452 ex
702 2423 808 2452 tribus
825 2423 917 2452 MSS.
934 2422 1052 2460 quibus
1141 2425 1179 2452 ‘25
1210 2422 1376 2462 Claudius]
1415 2423 1478 2453 Hic
1502 2423 1632 2453 videtur
1654 2432 1723 2452 esse
1746 2423 1788 2463 Ω,

361 2467 591 2495 assentiuntur
614 2467 758 2505 quinque
779 2475 796 2493 e
815 2466 945 2496 uostris.
994 2465 1054 2494 Ce-
1099 2465 1256 2495 Claudius
1270 2466 1519 2505 Quadrigarius,
1532 2465 1665 2504 aequalis
1677 2466 1787 2496 Sisen-

360 2509 425 2537 teri
440 2508 606 2538 indicasse.
1099 2518 1162 2544 nm,
1189 2514 1322 2538 auctore
1349 2508 1487 2546 Velleio,
1512 2509 1556 2539 11.
1575 2513 1605 2543 9.
1625 2509 1688 2548 2qui
1712 2519 1786 2549 pro-

404 2550 661 2590 93*U!7·7'775que
683 2551 817 2591 patrioe]
858 2551 899 2580 Et
925 2551 1053 2580 Fundo—
1098 2551 1173 2581 inde
1210 2552 1355 2581 floruerit
1390 2551 1530 2590 Syllanis
1566 2552 1783 2591 temporibus.

361 2603 449 2633 rum,
467 2597 500 2622 et
515 2594 640 2623 norme.
671 2595 844 2633 Quotquot
860 2595 948 2624 enim
966 2596 1052 2624 cives
1096 2594 1203 2633 Hujus
1227 2604 1312 2633 saepe
1337 2595 1490 2625 meminit
1516 2595 1554 2626 A.
1569 2594 1694 2626 Gellius
1709 2606 1719 2632 ς
1747 2605 1784 2625 ac

361 2637 500 2666 Romani
518 2643 625 2671 erant,
639 2637 659 2665 ii
678 2634 817 2667 Ruinam
835 2638 975 2676 patriam
994 2637 1050 2667 lia·
1094 2638 1264 2676 speciatim
1289 2637 1309 2667 l.
1335 2638 1394 2667 lx.
1419 2646 1447 2667 e.
1477 2640 1524 2667 13.
1557 2637 1670 2668 laudat
1692 2639 1726 2668 in
1742 2648 1782 2668 eo

361 2679 494 2708 bebant.
550 2679 612 2709 Sed
640 2680 659 2709 ii
689 2681 743 2718 qui
774 2681 993 2718 nascebantur
1016 2681 1049 2710 in
1092 2681 1264 2720 simph'cem
1280 2685 1309 2709 e!
1332 2683 1525 2720 incomptam
1547 2682 1699 2711 orationis
1720 2690 1782 2711 au-

361 2722 565 2766 municipiis„
590 2721 726 2752 alteram
755 2733 883 2761 quoque
909 2724 1048 2763 patriam
1093 2725 1190 2763 tiqua-
1203 2725 1407 2753 suavitatem.
1453 2723 1554 2760 Eum,
1570 2732 1636 2754 non
1652 2733 1784 2764 expres-

362 2764 540 2799 habebant,
559 2774 676 2805 nempe
693 2775 765 2799 enin
791 2767 904 2796 urbem
929 2767 962 2796 in
987 2776 1051 2805 qna
1094 2776 1129 2796 so
1154 2772 1267 2796 tamen
1296 2767 1440 2802 nomine,
1465 2766 1601 2796 indicari
1625 2767 1725 2797 simul
1747 2770 1782 2797 et

328 2816 330 2818 ’
362 2807 432 2838 nati
448 2814 554 2840 erant.
1095 2809 1231 2839 exscribi
1259 2819 1277 2838 a
1303 2808 1393 2839 Livio
1419 2818 1519 2848 supra
1541 2809 1562 2839 l.
1587 2809 1662 2840 Vn.
1684 2820 1713 2840 c.
1734 2813 1782 2840 10.

405 2851 445 2881 24
470 2850 636 2881 Fundanis
659 2861 775 2891 pacem
803 2852 879 2893 essa]
927 2853 1051 2884 Omnes
1095 2853 1283 2883 monuimus
1299 2852 1332 2882 in
1349 2855 1478 2883 not.53.
1496 2853 1536 2883 ad
1550 2852 1644 2883 illum
1661 2852 1786 2889 locunn
