1991 3250
391 122 466 156 134
930 114 1067 157 ΤΙΤΙ
1105 119 1277 158 lelt

178 233 219 263 υ.
236 233 271 262 C.
287 234 360 265 2³74.
389 217 584 259 dimicans
604 218 760 259 cadam.
822 218 999 262 Consuli
1024 230 1111 262 tum
1140 221 1194 263 K.
1220 221 1377 263 Fabius
1410 222 1561 277 prioris
1590 226 1690 266 anni
1722 241 1826 267 con-

178 277 219 306 A.
237 277 361 309 C.478·
390 275 468 325 sul,
495 273 684 316 Verbisne
702 275 803 327 istis,
819 275 977 332 frater,
1001 285 1044 318 uc
1061 286 1255 334 pugnent,
1278 286 1315 320 le
1345 279 1637 334 inpetraturum
1665 282 1827 324 credis?

390 331 472 373 Dii
492 332 763 387 inpetrabuut‚
777 348 854 388 pet·
873 349 968 389 qnos
985 335 1195 390 juravere.
1257 336 1316 377 Et
1335 349 1418 387 nos,
1441 342 1485 376 ut
1504 335 1616 378 decet·
1629 353 1822 393 proceres,

387 395 434 429 ut
456 387 585 429 Fabio
617 389 777 430 nomine
807 397 862 431 esc
891 390 1073 446 dignum,
1090 393 1312 448 pugnando
1342 393 1491 447 potius,
1522 408 1643 449 quam
1676 395 1826 437 adhor-

388 445 526 496 tando,
557 446 815 488 accendamus
853 444 1033 487 militant
1058 448 1225 489 animos.
1284 449 1357 490 Sic
1399 451 1441 490 in
1474 453 1659 505 primum
1691 451 1822 494 infes-

388 502 443 542 tis
467 501 598 544 hastis
621 503 848 560 provolant
877 505 963 545 duo
996 504 1134 557 Fabii,
1167 515 1388 562 totamque
1420 519 1648 549 moverunt
1679 523 1825 551 secum

387 573 539 601 aclem.
1392 582 1398 588 x

446 615 640 658 XLVII.
675 616 838 657 Proelio
860 631 914 657 ex
939 627 1056 673 parte.
1079 633 1162 659 una
1186 619 1398 670 restituto,
1421 620 1556 662 nihilo
1582 621 1754 676 segnius
1778 622 1822 663 in

386 672 520 714 altero
551 687 682 714 cornu
717 673 798 714 Cn.
824 673 1015 715 Manlius
1037 676 1184 716 consul
1216 691 1403 732 pugnam
1427 678 1595 720 ciebat:
1629 679 1700 718 ubi
1726 693 1826 734 pro-

387 745 440 784 pe
463 730 613 771 similis
637 730 810 771 fortuna
842 740 906 770 est
937 743 1114 772 versata.
1141 747 1237 773 nam
1275 745 1320 774 ut
1353 734 1485 775 altero
1520 736 1560 775 in
1596 749 1729 776 cornu
1767 736 1825 782 Q.

388 787 584 837 Fabium,
607 787 667 827 sic
699 788 741 828 in
766 788 847 828 hoc
888 788 1026 843 ipsum
1061 790 1279 830 consulem
1319 790 1550 842 Manlium,
1577 791 1669 847 jam
1711 792 1826 833 velut

386 844 502 884 fusos
525 854 724 900 agentem
746 844 905 894 hostes,
927 856 969 885 et
993 840 1161 901 infiigre
1191 847 1345 887 milites
1377 849 1511 889 secuti
1543 859 1666 899 sunt3
1697 859 1753 899 et,
1779 859 1825 890 ut

175 927 350 956 Vincuntur
386 901 454 941 ille
475 902 594 957 gravi
623 903 794 943 vulnere
818 903 928 943 ictus
950 917 1004 942 cx
1027 905 1117 943 acie
1139 904 1280 954 cessit,
1304 905 1574 946 interfectum
1609 907 1702 956 rati,
1726 921 1824 961 gra-

171 971 327 1000 Veteutes.
383 958 484 999 dum
506 959 699 999 retulere.
719 959 1028 1014 cessissentque
1049 960 1158 1010 loco,
1179 961 1220 1001 ni
1241 961 1390 1002 consul
1408 961 1525 1013 alter,
1539 977 1637 1003 cum
1657 963 1822 1017 aliquot

383 1017 535 1056 turmis
557 1017 747 1071 equitum
777 1017 817 1057 in
841 1030 932 1056 eam
958 1027 1120 1072 partem
1146 1018 1278 1058 citato
1302 1032 1412 1073 equo
1436 1019 1653 1069 advectus,
1679 1020 1822 1061 vivere

382 1073 607 1114 clamitans
627 1073 850 1127 collegam,
866 1088 909 1114 se
925 1074 1129 1115 victorem
1148 1075 1242 1115 fuso
1262 1075 1393 1116 altero
1408 1090 1539 1118 cornu
1556 1077 1716 1126 adesse,
1733 1091 1822 1118 rem

382 1130 629 1171 inclinatam
655 1131 939 1171 sustinuisset.
1001 1130 1192 1172 Manlius
1227 1147 1398 1186 quoque
1430 1133 1480 1173 ad
1515 1133 1822 1174 restituendam

382 1188 517 1228 aciem
553 1203 596 1228 se
632 1187 719 1242 ipse
753 1202 896 1228 coram
932 1188 1088 1229 obfert.
1154 1189 1347 1229 Duorum
1386 1190 1608 1230 consulum
1645 1190 1822 1246 cognita

381 1259 456 1285 ora
476 1245 718 1285 accendunt
748 1245 929 1285 militum
963 1246 1143 1286 animos.
1167 1247 1292 1286 simul
1324 1257 1366 1286 et
1386 1248 1418 1269 ‘³⁶
1436 1247 1582 1287 vanior
1605 1247 1698 1302 jam
1730 1257 1821 1288 erat

381 1302 571 1342 hostium
593 1304 720 1352 acies,
744 1302 860 1351 duni,
883 1303 1129 1343 abundante
1164 1304 1436 1344 multitudine
1464 1303 1577 1354 freti,
1601 1306 1820 1345 subtracta

380 1359 570 1400 subsidia
612 1361 791 1399 mittunt
832 1359 884 1400 ad
926 1370 1065 1400 castra
1105 1361 1410 1416 obpugnanda.
1473 1361 1521 1401 ln
1566 1376 1662 1415 quae
1705 1361 1819 1402 haud

378 1431 536 1471 magno
570 1416 804 1457 certamine
838 1416 987 1472 inpetu
1021 1416 1158 1469 fac-10,
1178 1418 1277 1457 (luni
1315 1418 1470 1473 praetlae
1505 1419 1656 1473 magis,
1689 1432 1818 1473 quam

374 1489 533 1530 pugnae
567 1488 775 1514 memores
810 1477 975 1514 teruntc
1008 1484 1203 1530 tempus3
1237 1475 1368 1515 triarii
1406 1475 1605 1526 Romani,
1628 1476 1699 1530 qui
1733 1475 1819 1531 pri-

373 1545 485 1572 mam
513 1531 804 1586 inruptionem
828 1531 1038 1571 sustinere
1070 1546 1152 1571 non
1190 1542 1431 1587 potuerant,
1456 1532 1593 1572 missis
1626 1532 1678 1572 ad
1714 1547 1818 1573 con-

374 1589 483 1629 sules
507 1589 689 1637 nunciis,
711 1603 796 1643 quo
819 1587 915 1628 loco
939 1603 1002 1628 res
1033 1598 1186 1638 essent,
1209 1588 1457 1644 conglobati
1492 1590 1522 1615 ⁶⁷
1538 1589 1588 1629 ad
1624 1590 1819 1644 praetori-

373 1660 444 1686 um
471 1645 662 1695 redeunt,
682 1655 724 1685 et
743 1660 818 1685 sua
841 1654 994 1699 sponte
1019 1645 1097 1701 ipsi
1117 1642 1347 1700 pi·oelium‘¹
1371 1657 1601 1686 renovant:
1622 1656 1666 1686 et
1689 1645 1818 1687 Man-

372 1703 453 1744 lius
476 1702 640 1752 consul,
665 1712 858 1742 revectus
891 1703 932 1743 in
966 1711 1119 1752 castra,
1141 1703 1192 1742 ad
1225 1717 1371 1743 omnes
1405 1713 1548 1758 portas
1582 1702 1716 1743 milite
1739 1704 1816 1744 ob·

369 1761 530 1816 posito,
555 1758 749 1800 hostibus
776 1760 886 1800 viam
911 1758 1134 1800 clauserat.
1188 1759 1252 1800 Ea
1272 1760 1513 1815 desperatio
1535 1758 1684 1812 Tuscis
1705 1760 1816 1800 rabi-

369 1831 439 1858 em
471 1818 623 1872 inagiS‚
646 1831 771 1871 quam
805 1817 1042 1867 audaciam,
1066 1816 1277 1857 accendit.
1301 1831 1398 1857 nam
1431 1831 1563 1872 quum
1595 1817 1815 1857 incursan-

369 1885 448 1925 tes,
472 1888 744 1930 quacumque
765 1872 930 1914 exitum
953 1873 1197 1914 ostenderet
1221 1889 1331 1929 speS,
1355 1888 1464 1914 vano
1486 1874 1714 1928 aliquoties
1748 1873 1813 1914 in-

367 1943 471 1988 petu
501 1932 658 1982 issent;
691 1930 846 1987 globus
871 1931 1083 1986 juvenum
1106 1946 1214 1972 unus
1247 1932 1290 1972 in
1324 1931 1460 1987 ipsum
1494 1931 1714 1972 consulem
1749 1931 1815 1972 in-

369 1991 535 2044 signem
570 1989 697 2030 armis
732 1988 912 2029 invadit.
974 1988 1120 2029 Prima
1156 1997 1340 2044 excepta
1372 2004 1396 2028 a
1431 1988 1811 2029 circumstantibus

370 2047 466 2086 tela.
492 2046 689 2087 sustineri
714 2045 868 2086 deinde
891 2045 954 2085 vis
976 2047 1165 2100 nequit‘.
1227 2045 1389 2086 Consul
1422 2044 1642 2085 mortifero
1667 2044 1813 2085 vulne-

370 2118 414 2143 re
438 2105 546 2144 ictus
569 2103 698 2152 cadit,
723 2103 892 2157 fusique
915 2103 1027 2144 circa
1051 2117 1213 2143 omncs.
1273 2101 1423 2143 Tuscis
1447 2102 1600 2142 crescit
1618 2102 1811 2142 audacia.

369 2160 591 2201 Romanos
616 2170 748 2200 terror
772 2174 845 2213 per
871 2169 959 2200 tota
980 2171 1118 2200 castra
1141 2159 1329 2215 trepidos
1352 2160 1457 2214 agit.
1480 2170 1522 2199 et
1545 2160 1593 2199 ad
1620 2168 1815 2199 extrema-

369 2227 543 2258 ventum
585 2217 710 2263 foret,
744 2218 782 2257 ni
816 2216 962 2271 legati,
995 2227 1117 2271 rapto
1148 2216 1334 2257 consulis
1366 2230 1560 2272 corpore,
1585 2215 1811 2271 patefecis-

368 2285 462 2315 sent
482 2289 566 2314 una
589 2283 713 2329 porta
731 2274 926 2313 hostibus
953 2274 1077 2313 viam.
1141 2273 1203 2313 Ea
1233 2285 1484 2328 erumpunt3
1517 2282 1811 2313 consternato-

366 2347 449 2385 que
471 2331 642 2383 agmine
666 2332 870 2380 abeuntes
903 2331 943 2369 in
980 2332 1184 2371 victorem
1218 2331 1394 2370 alterum
1431 2330 1624 2370 incidunt
1654 2343 1809 2370 consu-

366 2389 463 2429 lem.
491 2389 545 2428 ibi
573 2389 725 2428 iterum
749 2388 848 2428 causi
875 2386 1041 2442 fusique
1066 2388 1236 2443 passim.
1299 2388 1488 2428 Victoria
1517 2387 1688 2441 egregia
1714 2401 1810 2442 par-

367 2458 423 2494 ta,
448 2446 578 2486 tristis
603 2445 935 2485 tamen-duobus
962 2455 1046 2485 tam
1079 2444 1201 2484 claris
1234 2443 1470 2484 funeribus.
1535 2443 1684 2497 ltaque
1705 2457 1809 2484 cou-

366 2503 443 2552 sul,
466 2503 719 2543 ‹lt-cernente
742 2512 889 2541 senatu
916 2501 1196 2556 triumphum,
1222 2501 1269 2542 Si
1298 2501 1488 2542 eternitas
1522 2500 1604 2539 sine
1636 2499 1808 2554 impera-

364 2569 446 2601 tore
470 2559 716 2614 triumphare
730 2558 869 2612 possit,
886 2573 962 2622 pro
984 2558 1129 2598 ertintia
1161 2574 1203 2598 eo
1236 2557 1336 2598 bello
1367 2555 1639 2612 apc1·(tj}1cile
1662 2571 1808 2611 passu-

366 2632 469 2668 rum,
505 2616 748 2671 respondit:
780 2615 1025 2671 se,sautilia
1049 2615 1221 2671 funesta
1258 2613 1311 2657 Q.
1337 2613 1459 2655 Fabii
1477 2613 1634 2669 flabris
1667 2620 1806 2665 «morte,

468 2717 482 2731 ⁶
502 2717 628 2741 term-nt
642 2713 738 2741 Gron.
755 2713 844 2740 Crev.
974 2710 987 2730 ¹¹
1006 2711 1150 2750 proeliam
1167 2711 1227 2749 ipsi
1242 2710 1324 2739 Eaed.
1455 2714 1466 2725 ‘
1489 2710 1602 2748 nequiit
1618 2709 1707 2737 Crev.

405 2795 445 2824 Gt:
472 2793 605 2832 thuias]
652 2793 764 2823 Minus
804 2793 917 2829 densa,
950 2792 1061 2822 minus
1107 2790 1451 2828 ncrncnstr‹›r11m‚in
1476 2799 1540 2829 qua
1563 2790 1711 2821 tentoria
1726 2798 1803 2821 con-

362 2838 524 2872 emifvrta,
543 2838 651 2866 [ninus
671 2836 776 2865 sii-unzi.
1105 2835 1215 2864 sulum
1235 2840 1341 2863 eraut.

404 2884 441 2915 ¹57
455 2881 535 2911 *Art
552 2879 759 2920 prator-ium]
788 2878 836 2908 Au
862 2888 934 2908 cnm
955 2878 1058 2915 regio-
