1925 3239
553 132 674 170 LIB.
702 133 753 172 X.
797 132 926 170 CAP.
952 131 1092 169 XLIV.
1453 133 1529 168 603

110 247 310 289 numque,
343 231 374 273 si
409 232 517 274 forte
550 233 608 274 ita
638 247 701 274 res
734 241 941 288 posceret,
971 232 1207 274 conferret:
1239 231 1366 273 modo
1397 244 1450 271 ne
1487 229 1538 271 ad
1554 237 1594 268 U.
1612 236 1648 267 C.
1663 239 1739 272 459.

111 287 442 331 Cominiuin‘eae
465 290 603 344 copiae
626 290 842 330 admoveri
866 298 1051 344 possent.
1098 288 1195 344 lpse
1217 289 1348 329 scalas
1370 287 1467 328 ferri
1489 287 1540 327 ad

1555 281 1592 311 A.
1609 281 1645 310 (J.
1664 282 1739 314 ⁶295.

1555 325 1730 354 Cominium

111 361 251 387 muros
283 348 337 387 ab
368 347 484 387 omni
517 357 635 401 parte
667 346 781 386 urbis
817 346 962 400 Jussit,
993 360 1042 386 ac
1073 346 1284 387 testudine
1314 346 1364 386 ad
1398 353 1723 400 portasacfflvffi⁰

108 405 325 444 successit.
348 403 470 444 simul
500 415 543 444 et
577 403 916 458 refringebantur
950 413 1100 458 portae,
1122 413 1165 443 et
1187 403 1249 442 vis
1283 403 1468 455 undique
1498 401 1691 451 incaptum.

112 475 252 500 muros
278 461 417 501 fiebat.
479 460 706 510 Samnites,
726 459 851 510 sicut,
870 469 1096 515 antequam
1124 461 1165 500 in
1191 459 1318 500 muris
1350 459 1543 498 viderent

110 527 309 567 armatos,
332 518 432 557 satis
455 518 583 557 animi
610 517 849 557 habuerunt
870 517 920 557 ad
958 517 1244 572 prohibendos
1278 515 1392 556 urbis
1425 514 1542 554 aditu

111 574 278 624 liostes3
311 574 384 624 ita,
409 584 632 629 postquam
648 573 741 628 jam
765 588 849 614 non
871 587 925 614 ex
947 573 1168 614 intervallo
1192 587 1268 613 nec
1300 571 1544 621 missilibus,

111 631 181 671 sed
216 631 410 671 cominus
445 632 671 685 gerebatur
701 644 784 681 res3
827 638 883 681 et,
917 630 990 685 qui
1024 645 1137 686 aegre
1169 634 1457 671 successerant
1489 641 1543 667 ex

111 687 238 742 piano
270 687 313 727 in
348 702 504 737 muros,
529 687 637 733 loco,
661 701 784 742 quem
821 687 956 743 magis
990 688 1232 737 timuerant,
1257 687 1387 735 viem,
1423 684 1546 724 facile

113 746 154 783 in
191 744 353 784 hostem
392 745 580 799 inparem
615 759 669 784 ex
704 759 827 798 aequo
861 745 1137 799 pugnabant3
1169 743 1325 784 relictis
1360 742 1545 782 turribus

112 801 340 856 murisque,
363 801 404 841 in
426 802 563 842 forum
599 815 745 842 omnes
779 801 1003 856 compulsi,
1029 801 1252 856 paullisper
1285 799 1382 840 inde
1412 808 1547 838 tenta-

112 869 262 898 verunt
282 868 515 898 extremam
542 873 696 914 pugnae
721 858 951 898 foi-tunam.
1005 857 1183 907 Deinde,
1205 857 1383 911 abjectis
1407 855 1548 904 armis,

113 915 162 954 ad
189 916 414 955 undecimu
438 914 568 955 millia
592 915 812 955 hominum
837 926 877 954 et
899 915 1196 970 quadringenti
1221 915 1263 954 in
1287 913 1412 953 fidem
1446 925 1549 952 con-

114 970 215 1011 sulis
243 982 461 1012 venerunt.
492 987 602 1013 caesa
634 973 684 1012 ad
721 982 902 1026 quatuor
937 972 1067 1012 millia
1101 971 1276 1012 trecenti
1310 969 1547 1024 octoginta.

115 1029 186 1069 Sic
208 1029 257 1068 ad
284 1028 546 1079 Cominium,
569 1030 627 1069 sic
646 1029 697 1068 ad
721 1028 996 1083 Aquiloniam
1031 1039 1151 1084 gesta
1183 1042 1261 1068 res.
1327 1026 1430 1067 Inde
1462 1038 1549 1065 me-

114 1085 185 1125 dio
211 1086 319 1126 inter
341 1085 444 1125 duas
469 1086 592 1126 urbes
615 1086 768 1140 spatio,
792 1086 863 1125 ubi
888 1086 1011 1125 tertia
1043 1094 1290 1141 exspectata
1322 1092 1411 1122 erat
1441 1095 1549 1137 pug-

114 1156 182 1192 na,
204 1142 348 1183 hostes
373 1157 455 1182 non
479 1143 654 1182 inventi.
689 1152 850 1197 septem
882 1142 1012 1182 millia
1045 1157 1243 1199 passuum
1277 1154 1406 1195 quum
1430 1139 1550 1178 abes-

115 1209 207 1239 sent
226 1215 250 1239 a
273 1198 489 1248 Cominio,
513 1200 696 1240 revocati
719 1201 772 1239 ab
796 1199 879 1239 suis
908 1201 1042 1239 neutri
1065 1199 1219 1254 proelio
1252 1199 1549 1238 obcurrerunt.

116 1255 272 1296 Primis
296 1255 427 1296 ferme
449 1257 633 1296 tenebris
666 1270 794 1310 quum
833 1256 874 1295 in
908 1266 1139 1312 conspectu
1166 1255 1258 1310 jam
1288 1263 1440 1302 castra,
1456 1252 1550 1306 jam

113 1312 387 1367 Aquiloniam
423 1313 686 1362 habuissent,
708 1312 867 1353 clamor
897 1327 969 1352 eos
1003 1314 1216 1367 utrimque
1246 1325 1321 1367 par
1354 1309 1550 1350 accidens

114 1370 339 1411 sustinuit:
372 1370 524 1410 deinde
545 1385 568 1411 e
590 1370 764 1424 regione
785 1379 1034 1419 castrorum,
1057 1385 1151 1424 quae
1177 1370 1347 1410 incensa
1376 1368 1430 1407 ab
1463 1365 1552 1406 Ro-

116 1427 252 1467 manis
275 1437 407 1477 erant,
427 1427 600 1468 flamma
616 1427 696 1466 late
720 1426 815 1467 fusa
835 1427 1027 1467 certioris
1047 1428 1177 1467 cladis
1199 1425 1357 1466 indicio
1376 1435 1551 1478 progre-

117 1484 158 1524 di
182 1484 350 1539 longius
372 1484 607 1538 prohibuit.
670 1483 732 1524 Eo
756 1484 848 1538 ipso
872 1483 965 1524 loco
988 1486 1017 1509 ⁷³
1034 1497 1165 1538 prope
1190 1493 1344 1522 temere
1377 1480 1456 1520 sub
1487 1492 1552 1519 ar-

118 1541 197 1580 mis
221 1542 339 1581 strati
366 1542 518 1596 passim
540 1541 776 1596 inquietum
799 1554 925 1581 omne
942 1551 1107 1595 tempus
1131 1540 1282 1589 noctis,
1300 1545 1552 1592 exspectan-

119 1598 174 1638 ‹lo
199 1598 472 1652 timendoque
494 1599 644 1648 lucem,
667 1611 805 1652 egere.
832 1598 966 1652 prima
986 1596 1095 1647 luce,
1119 1597 1267 1637 incerti
1298 1601 1330 1622 ⁷4
1347 1607 1474 1649 quam
1508 1592 1551 1632 in

121 1665 283 1709 partem
319 1654 586 1695 intenderent
620 1656 713 1703 iter,
746 1663 918 1710 repente
952 1654 995 1694 in
1031 1653 1177 1709 fugam
1211 1659 1551 1698 consternantur,

120 1711 337 1767 conspecti
363 1712 415 1751 ab
437 1712 677 1766 equitibus:
703 1711 790 1765 qui,
813 1725 1004 1765 egressos
1027 1720 1151 1752 nocte
1173 1711 1226 1750 ab
1248 1708 1408 1763 oppido
1432 1707 1552 1746 Sam-

120 1768 230 1808 nites
262 1769 487 1823 persecuti,
511 1769 704 1809 viderant
736 1767 1066 1818 multitudinem,
1091 1782 1172 1808 non
1208 1766 1330 1814 vallo,
1353 1778 1437 1806 non
1469 1771 1552 1802 sta-

121 1825 310 1865 tionibus
343 1825 569 1866 firmatam.
631 1825 875 1879 Conspecta
906 1833 949 1864 et
979 1838 1033 1864 ex
1067 1825 1196 1864 muris
1231 1820 1474 1876 Aquiloniae
1504 1832 1552 1858 ea

120 1881 351 1923 multitudo
364 1892 474 1924 erat:
491 1883 672 1937 jamque
692 1882 818 1922 etiam
843 1881 1085 1937 legionariae
1104 1881 1300 1922 cobortes
1320 1877 1554 1932 sequeban-

122 1948 203 1979 tur.
265 1938 468 1980 Ceterum
500 1954 578 1980 nec
610 1939 737 1994 pedes
769 1938 981 1993 fugientes
1014 1937 1205 1993 persequi
1241 1936 1405 1992 potuit:
1436 1942 1478 1973 et
1498 1933 1552 1972 ab

121 1996 267 2051 equite
289 1997 509 2037 novissimi
531 1996 712 2051 agminis
733 1995 906 2035 ducenti
938 1994 1070 2035 ferme
1099 2006 1142 2035 et
1172 1992 1395 2047 octoginta
1425 1990 1554 2030 inter-

122 2052 240 2094 fecti.
300 2051 433 2093 Arma
454 2052 760 2108 multa,pavidi
793 2067 842 2092 ac
873 2052 996 2107 signa
1027 2051 1226 2092 militaria
1257 2045 1552 2101 duodeviginti

124 2110 343 2165 reliquere.
377 2111 460 2151 alio
493 2110 664 2166 agmine
697 2108 915 2159 incolumi,
939 2117 984 2149 ut
1016 2123 1068 2149 ex
1107 2118 1223 2149 tanta
1256 2103 1554 2159 trepidatione,

126 2166 365 2207 Bovianum
392 2178 640 2221 perventum
663 2175 741 2206 est.

136 2237 139 2239 ’
184 2222 352 2265 XLIV.
378 2223 590 2264 Laetitiam
614 2223 833 2276 utriusque
854 2222 1065 2263 exercitus
1089 2219 1274 2262 Romani
1297 2217 1419 2258 auxit
1438 2224 1481 2256 et
1502 2215 1556 2255 ab

127 2279 257 2322 altera
278 2291 396 2337 parte
419 2279 599 2320 feliciter
621 2290 739 2334 gesta
761 2293 837 2319 res·
862 2288 1038 2333 uterque
1059 2293 1113 2319 ex
1147 2276 1316 2318 alterius
1348 2273 1557 2315 sententia

127 2338 273 2378 consul
297 2341 469 2393 captum
493 2337 697 2392 oppidum
731 2335 1017 2390 diripiendum
1049 2335 1171 2375 militi
1202 2333 1342 2382 dedit;
1371 2330 1556 2373 eximus<

128 2394 182 2435 tis
203 2395 356 2436 deinde
378 2394 502 2434 tectis
523 2395 666 2449 ignem
690 2392 861 2446 injecit:
893 2392 1128 2447 eodemque
1158 2390 1225 2431 die
1258 2386 1487 2443 Aquilonia
1515 2394 1557 2424 et

130 2452 375 2494 Cominium
397 2451 699 2506 deflagravere.
720 2459 763 2489 et
792 2449 1001 2500 consules,
1023 2464 1120 2489 cum
1151 2446 1435 2504 gratulatione
1464 2455 1557 2482 mu-

625 2582 639 2596 ¹¹
661 2576 832 2616 quindecim
847 2576 943 2604 Grou.
959 2575 1048 2604 Crev.

174 2681 214 2712 73
232 2678 338 2718 Prope
350 2676 479 2715 [emere]
499 2676 682 2706 Gronovius
696 2674 823 2712 maliet,
866 2672 942 2713 iter]
959 2671 1040 2702 Tres
1065 2669 1155 2700 MSS.
1180 2666 1392 2701 Gronoxtiani,
1416 2667 1556 2713 quatu—or

118 2721 214 2762 sorte
243 2725 379 2751 temere:
419 2729 490 2760 quae
528 2719 682 2759 loquendi
719 2718 826 2748 forma
870 2716 985 2753 nostri,
1003 2714 1166 2745 tenderent
1190 2714 1269 2741 iter:
1293 2713 1331 2739 ut
1348 2718 1462 2747 nempe
1485 2708 1558 2737 Vir-

130 2765 220 2806 apud
234 2765 365 2795 Livium
380 2764 596 2794 usitatissima
610 2766 671 2793 est.
715 2762 823 2801 Prope
865 2759 976 2799 gilius,
993 2761 1056 2788 iter
1067 2757 1111 2786 ad
1122 2765 1217 2785 naves
1233 2753 1383 2802 tendebat
1401 2752 1537 2782 Achates
1547 2763 1556 2780 .-

132 2809 261 2840 omittit
276 2807 477 2847 Campanus.
865 2810 900 2835 et
915 2811 1039 2839 rursm,
1058 2799 1200 2833 Tendere
1213 2800 1275 2830 iter
1284 2806 1408 2837 pennu.

176 2854 218 2891 74
254 2851 366 2894 Quam
395 2852 430 2881 in
453 2855 586 2893 partem
620 2848 822 2881 intenderent
