1969 3239
532 258 883 319 ΕΡΙΤΟΜΕ
910 263 1127 318 LIBRI·
1161 263 1267 316 ΙΙΙ.

185 476 603 540 SEDITIONES
630 496 681 535 de
712 497 904 550 agrariis
938 497 1103 550 legibus
1127 494 1288 549 factae.
1354 495 1623 550 Capitolium,

180 557 234 602 ah
270 555 485 596 exsulibus
520 559 560 594 et
595 554 727 594 servis
761 559 1025 607 occupatum,
1059 555 1180 593 ‹·aesis
1215 555 1269 593 iis
1304 559 1516 607 receptum
1549 560 1624 594 est.

188 614 346 653 Census
366 611 428 652 bis
448 616 569 651 actus
600 616 676 651 831.
700 612 848 664 priore
872 611 1007 651 lustro
1033 624 1158 651 censa
1178 617 1278 650 377771
1308 612 1464 651 civium
1484 613 1628 665 capita

179 676 345 711 centum
375 673 561 723 quatuor
584 668 720 708 millia
753 668 933 708 ducenta
964 668 1297 722 quatuordecim,
1312 674 1478 722 praeter
1507 668 1629 708 orbos

181 741 228 768 07
231 727 399 781 hasque
438 726 643 780 sequenti,
669 730 836 766 8877177777
866 726 1158 779 septemdecim
1183 726 1321 766 millia
1347 727 1528 766 ducenta
1553 739 1627 765 770-

180 783 420 824 7877771887777.
487 783 630 830 Quum
662 783 745 823 adz
739 796 868 822 ersus
906 781 1068 837 AEquos
1095 796 1162 822 res
1198 778 1313 822 'male
1345 789 1471 836 gesta
1509 788 1630 833 esset,

180 840 237 882 L.
291 840 517 887 Quinctius
573 839 849 881 Cincinnatus
902 841 1087 880 dictator
1127 838 1300 892 factus,
1347 854 1477 894 97777777
1531 854 1632 895 77778

182 899 369 939 77718771773
402 899 560 938 rustico
590 897 707 951 077877·
739 903 861 947 83381,
888 898 946 937 acl
978 897 1023 937 id
1050 897 1205 936 bellum
1229 911 1308 950 887
1310 898 1462 937 endum
1494 911 1631 937 arces-

182 955 291 996 situs
336 960 411 995 est.
472 955 520 994 Is
557 955 689 995 victos
733 954 870 994 1703183
912 954 989 994 37717
1011 952 1179 1008 jugum
1220 955 1350 995 misit.
1421 954 1632 994 Tribuno-

182 1025 279 1053 7·77777
301 1012 440 1065 77181773
473 1025 677 1052 numerus
705 1006 942 1078 ampliatus
972 1016 1047 1061 est,
1078 1016 1127 1051 771
1156 1017 1293 1051 essent
1324 1013 1476 1061 decem,
1500 1013 1633 1065 trige-

182 1071 289 1110 simo
314 1075 432 1109 sexto
453 1083 566 1109 anno
587 1084 615 1110 a
637 1083 695 1122 777
698 1083 792 1109 777773
814 1069 996 1109 tribunis
1018 1068 1171 1122 plebis.
1232 1069 1391 1110 Petitis
1413 1083 1494 1122 per
1516 1069 1634 1122 lega-

184 1124 263 1176 tos,
287 1131 328 1166 81
359 1127 518 1167 adlatis
548 1127 709 1167 Atticis
740 1124 928 1181 legibus,
948 1127 1006 1166 ad
1034 1127 1350 1166 constituendas
1381 1140 1452 1166 eas
1477 1140 1633 1180 propo-

183 1182 428 1238 77877717739778
458 1184 683 1224 decemviri
706 1197 788 1237 7770
819 1181 1061 1224 consulibus
1091 1184 1182 1223 sine
1210 1184 1312 1224 ullis
1343 1184 1442 1224 aliis
1472 1184 1634 1237 magis-

185 1241 370 1282 tratibus
410 1243 555 1292 creati,
589 1242 725 1282 altero
764 1246 805 1281 et
841 1242 1130 1282 trecentesimo
1166 1255 1292 1291 7777770,
1330 1255 1457 1295 quam
1494 1240 1637 1280 Roma

187 1297 357 1338 condita
387 1304 505 1339 erat:
539 1305 593 1349 et,
614 1299 665 1339 ut
689 1298 717 1339 a
745 1298 920 1352 regibus
942 1299 999 1338 ad
1028 1298 1232 1348 8077377183,
1255 1300 1314 1338 ita
1347 1312 1373 1338 a
1395 1298 1638 1338 consulibus

186 1356 245 1396 acl
274 1357 529 1396 decemviros
560 1357 821 1397 translatum
858 1357 1096 1410 imperium.
1156 1355 1236 1406 Hi,
1271 1352 1440 1395 ¹decem
1479 1355 1638 1395 tabulis

188 1412 333 1466 legum
356 1414 526 1466 positis,
548 1427 680 1469 quum
710 1414 895 1453 modeste
924 1427 968 1453 se
997 1414 1042 1453 in
1071 1427 1117 1452 eo
1148 1412 1303 1452 honore
1329 1414 1576 1466 8·8·,337338771
1597 1417 1639 1451 81

188 1469 239 1509 ob
269 1470 350 1509 771·
334 1483 378 1510 777
400 1470 581 1510 alterum
614 1484 778 1525 97709778
802 1484 964 1511 annum
994 1471 1185 1510 877777718777
1215 1483 1303 1509 8338
1332 1471 1639 1523 magistratum

180 1524 432 1580 placuisset,
468 1528 668 1568 2duahus
699 1528 859 1568 tabulis
889 1529 948 1568 7771
975 1528 1114 1567 decem
1145 1525 1337 1580 7771788173,
1368 1541 1499 1581 97777777
1528 1540 1639 1566 80777-

179 1584 317 1637 plura
338 1585 576 1637 inpotenter
582 1584 811 1638 fecissent,
833 1585 1140 1639 magistratum
1167 1585 1397 1624 noluerunt
1420 1584 1638 1638 deponere,

189 1641 232 1680 81
251 1641 296 1680 in
324 1642 498 1682 tertium
519 1655 680 1682 annum
707 1643 898 1683 7817777787
901 1647 1006 1682 77771
1038 1643 1167 1681 donec
1197 1642 1211 1664 ³
1233 1640 1370 1681 inviso
1399 1654 1540 1680 eorum
1560 1642 1640 1681 im-

180 1696 306 1756 perio
330 1697 473 1751 finem
510 1699 668 1739 adtulit
709 1699 838 1740 libido
874 1699 962 1753 Ap.
1006 1699 1188 1739 Claudii.
1263 1698 1409 1748 Qui,⁴
1427 1712 1558 1752 quum
1596 1699 1640 1738 in

190 1768 378 1795 amorem
397 1756 581 1809 virginis
611 1757 840 1807 incidisset,
863 1757 1085 1821 submisso,
1107 1757 1181 1810 9777
1206 1769 1299 1796 877777
1320 1755 1365 1795 777
1394 1756 1641 1796 387·77“17718777

182 1820 308 1866 778187
310 1817 364 1863 81
385 1815 678 1854 necessitatem
700 1815 824 1868 patri
852 1828 946 1868 87773
983 1813 1182 1867 Virginio
1212 1813 1414 1866 inposuit,
1435 1818 1560 1866 rapto
1591 1825 1643 1852 ex

192 1868 372 1910 taberna
394 1872 598 1923 prooeima
619 1873 769 1921 cultro,
792 1877 842 1912 771
855 1871 1005 1926 filiam
1036 1871 1296 1911 interimeret
1308 1885 1327 1919 ;
1360 1883 1490 1924 quum
1516 1870 1644 1910 aliter

194 1930 288 1966 eam
324 1928 436 1989 tueri
466 1941 552 1968 77077
582 1935 742 1981 7703381,
775 1942 829 1969 778
864 1930 910 1969 777
938 1933 1195 1981 potestatem
1232 1932 1429 1980 stuprum
1461 1926 1643 1967 inlaturi

192 1981 368 2024 veni-ret.
427 1985 526 2024 Hoc
547 1990 635 2025 tam
665 2000 837 2039 magna:
871 1986 1086 2026 ⁵lu.··zu7iae
1108 1984 1296 2037 extemplo
1318 1983 1442 2037 plebs
1462 1985 1645 2024 incitata

194 2044 377 2097 montem
415 2041 680 2084 Aventinum
712 2045 947 2097 occupavit,
982 2043 1200 2096 coegitque
1237 2042 1491 2081 decemviros
1523 2040 1643 2081 abdi-

196 2094 293 2137 care
316 2111 361 2137 38
389 2101 667 2152 magistratu.
708 2100 942 2155 exquibus
962 2100 1133 2166 Appius
1163 2104 1204 2139 81
1226 2112 1339 2139 7777773
1369 2099 1504 2152 801188
1478 2111 1645 2147 0··α777777,

194 2155 270 2207 'qui
292 2167 350 2207 777
352 2168 513 2208 (88777778
539 2170 716 2220 poenam
746 2171 914 2198 7778ν7787
915 2163 1005 2207 ant
1029 2158 1070 2196 in
1102 2169 1310 2197 carcerem
1340 2154 1548 2209 conjecti5
1582 2169 1646 2194 88-

195 2211 278 2251 28νί
298 2211 343 2251 in
364 2213 560 2253 exsilium
580 2216 680 2255 acti.
720 2214 809 2254 Res
831 2228 890 2268 777
892 2221 1048 2255 88187777
1070 2219 1217 2253 contra
1240 2212 1436 2263 Sabinos,
1458 2218 1499 2253 et
1529 2211 1648 2252 Vols-

197 2281 279 2318 cos,
302 2273 342 2308 et
367 2268 530 2323 ,Equos
551 2284 798 2325 prospere&
780 2277 921 2312 0’831773
951 2272 1148 2319 8077177781,
1171 2275 1212 2310 81
1235 2283 1395 2323 parum
1426 2269 1647 2309 honestum

190 2325 343 2378 populi
382 2327 581 2367 Romani
615 2327 864 2381 judicium.-
916 2330 1002 2383 qui,
1030 2325 1176 2381 qudem·
1210 2328 1322 2367 inter
1359 2327 1572 2367 Ardeates
1607 2329 1648 2365 et

197 2382 398 2423 Aricinos
428 2389 609 2434 3777771773,
630 2399 656 2424 α
657 2399 801 2438 grum,
823 2387 873 2425 718
902 2399 985 2440 9770
1018 2385 1158 2461 ambio
1132 2384 1331 2438 gebatur,
1362 2384 1443 2425 sibi
1474 2382 1648 2438 (771777717-

201 2441 330 2484 cavit.
419 2450 422 2452 ’

249 2532 261 2559 l
287 2527 410 2560 Decem
426 2531 545 2561 tabulis
561 2532 669 2568 legum
682 2529 804 2569 positis]
831 2530 902 2560 Imo
946 2529 1116 2567 lectionis,
1133 2529 1256 2569 partim
1276 2539 1315 2559 ex
1332 2529 1426 2559 Livio
1442 2530 1525 2569 ipso.

198 2575 374 2612 propositis.
422 2574 474 2604 Sic
507 2575 597 2603 enim
628 2574 756 2612 Livius,
788 2584 817 2603 c.
848 2576 901 2603 34.
991 2577 1010 2604 3
1030 2573 1153 2605 Invicto
1168 2583 1279 2603 emam
1294 2572 1444 2612 impen'o]
1464 2572 1648 2602 Gronovsiu

193 2615 302 2656 *hujus
319 2617 406 2649 libri.
450 2618 496 2648 Et
518 2617 583 2647 hoc
606 2617 742 2647 solenne
765 2616 903 2647 verbum
949 2617 1031 2655 legit
1047 2615 1132 2656 injus
1120 2620 1176 2646 3·.10

203 2660 306 2690 estin
322 2661 484 2699 ejusmodi
501 2661 610 2692 rebus.
670 2687 672 2689 ,
993 2663 1013 2690 4
1043 2660 1159 2700 Ouum
1186 2660 1220 2689 in
1246 2669 1390 2690 amorem
1419 2657 1571 2697 viminis]
1610 2658 1648 2687 In

249 2704 268 2734 2
291 2703 433 2735 Duabus
449 2705 568 2735 tabulis
579 2704 624 2735 ad
634 2704 741 2734 dicem
752 2701 905 2745 adjectas]
950 2703 1070 2733 Pithoei
1101 2701 1178 2732 Var.
1207 2703 1287 2733 leet.
1318 2706 1458 2734 notatur
1490 2701 1524 2732 l
1521 2702 1650 2740 &ginisc—

207 2744 303 2785 Haec,
326 2757 398 2786 quae
425 2757 493 2778 non
516 2748 768 2788 reperiebantur
794 2749 828 2777 in
851 2757 906 2776 v-e
949 2747 1100 2785 tit-ginis,
1119 2745 1208 2785 quod
1222 2756 1339 2777 verum
1353 2746 1496 2776 videtur.
1547 2769 1552 2771 ,

206 2790 333 2822 teribus
363 2791 476 2841 editis,
505 2792 721 2822 concinnavit
750 2791 906 2830 Sigonius
996 2793 1014 2820 5
1039 2789 1222 2828 Luxuriae]
1239 2790 1316 2820 Duo
1332 2799 1373 2820 ex
1388 2790 1484 2820 MSS.
1498 2788 1649 2825 Hearnii,

205 2833 329 2874 partim
343 2843 384 2867 ex
395 2835 542 2878 vestigiis
557 2834 745 2876 depravatoe
759 2835 905 2873 a-xtiquae
949 2831 1104 2874 injurie.-
1126 2833 1216 2872 quod
1231 2843 1299 2865 non
1317 2832 1483 2873 displicet.

1767 77 1779 84 ,

1730 86 1815 123 u}
