1991 3250
400 102 478 136 253
856 97 859 100 ’
935 90 1295 131 T1T1L1v11

194 215 238 246 U.
254 215 292 245 C.
306 215 379 246 3⁶24.
407 199 629 253 sectusque
650 196 704 237 ab
726 194 994 246 urbe,diviso
1012 208 1108 234 cum
1134 192 1344 240 Quinctio
1366 191 1539 233 consule
1555 193 1761 244 exercitu,
1783 193 1836 233 ad

194 260 233 290 A.
251 258 288 289 C.
304 259 379 288 428.
408 257 553 297 hostes
576 253 781 310 pervenit.
843 251 965 292 Sicut
983 250 1083 291 bina
1104 260 1243 290 castra
1268 249 1471 299 hostium,
1494 263 1623 304 parvo
1654 251 1764 291 inter
1794 263 1837 289 se

412 312 550 368 spatio
573 309 791 358 distantia,
812 308 1020 356 videraut,
1045 307 1123 361 ipsi
1145 321 1315 361 quoque
1336 305 1450 346 mille
1466 306 1595 346 femie
1616 320 1764 361 passus
1784 307 1838 346 ab

413 369 549 418 hoste,
569 367 753 408 dictator
772 363 976 413 Tusculo,
992 363 1140 403 consul
1160 367 1192 389 ³⁹
1211 363 1416 413 Lanuvio,
1441 362 1678 417 propiorem
1699 363 1839 404 locum

413 425 560 467 castris
576 430 795 478 ceperunt.
842 420 909 460 Ita
925 429 1107 475 quatuor
1124 420 1352 469 exercitus,
1375 419 1553 460 totidem
1578 420 1842 459 munimenta

415 481 632 538 planitiem
659 479 700 518 in
726 476 879 527 medio,
901 491 984 518 non
1006 475 1141 530 parvis
1161 476 1288 517 modo
1311 475 1633 526 excursionibus
1651 476 1700 515 ad
1724 490 1841 529 proe·

413 539 485 588 lia,
509 537 580 578 sed
606 535 669 575 vel
699 534 751 575 ad
786 533 1061 588 explicandas
1093 535 1306 587 utrimque
1341 533 1451 573 acies
1483 532 1581 572 satis
1609 542 1842 586 patentem,

414 595 645 636 habebant.
677 605 770 640 uec,
791 604 844 630 ex
866 604 950 644 quo
973 588 1119 629 castris
1143 600 1281 630 castra
1298 590 1468 630 conlata
1499 599 1610 638 sunt,
1633 598 1843 629 cessatum

416 667 441 692 a
465 651 628 692 levibus
649 647 814 702 proeliis
835 657 924 696 est3
965 644 1090 685 facile
1115 645 1301 700 patiente
1331 647 1553 695 dictatore,
1584 644 1842 685 conferendo

419 709 525 749 vires
547 720 663 762 spem
688 703 895 743 universae
929 701 1134 752 victoriae,
1155 711 1315 743 tentato
1338 702 1551 758 paullatim
1577 712 1730 742 eventu
1755 715 1843 742 cer-

419 763 639 812 taminum,
662 775 759 800 suos
777 759 1022 814 praecipere.
1060 780 1066 788 =
1087 758 1234 813 ltaque
1263 759 1420 808 hostes,
1446 759 1559 799 nulla
1578 761 1610 782 ‘¹⁰
1629 759 1668 798 in
1690 757 1844 812 proelio

205 834 394 875 obpugnata
412 822 532 876 justo
556 819 701 860 relicta
720 831 808 871 spe,
832 826 962 856 noctu
984 814 1121 855 adorti
1143 824 1280 856 castra
1307 816 1505 865 consulis,
1530 829 1617 855 rem
1639 815 1681 855 in
1700 829 1846 855 casum

206 879 339 909 commi>
419 876 619 931 ancipitis
648 882 823 914 eventus
857 871 1149 912 committunt.
1221 872 1393 912 Clamor
1425 872 1565 913 subito
1597 882 1729 921 ortus,
1761 885 1846 912 non

207 927 319 951 ‘·'³⁵'‘'³¹'
420 933 606 975 consulis
629 929 756 971 modo
780 929 944 984 vigileS,
967 928 1200 969 exercitum
1231 928 1384 969 deinde
1409 943 1594 979 omnem,
1617 928 1688 969 sed
1711 928 1845 968 dicta-

423 1001 558 1032 torem
588 1001 759 1042 quoque
791 1001 846 1026 ex
879 1000 1030 1026 somno
1066 985 1242 1026 excivit.
1313 985 1400 1026 Ubi
1432 985 1632 1040 praesenti
1669 999 1751 1040 ope
1783 999 1846 1024 res

420 1047 621 1103 egebant,
642 1042 790 1085 consul
813 1057 890 1083 nec
915 1042 1058 1083 animo
1079 1041 1237 1083 defecit
1251 1050 1279 1092 ⁰,
1306 1056 1383 1082 uec
1414 1041 1592 1083 consili0
1611 1060 1620 1084 ;
1655 1055 1748 1096 pars
1770 1041 1848 1081 mi-

421 1105 544 1146 litum
575 1111 790 1158 portarum
823 1099 1026 1140 stationes
1050 1098 1244 1140 firmant:
1281 1113 1376 1153 pars
1397 1113 1556 1139 corona
1585 1098 1737 1139 vallum
1757 1099 1848 1138 cin-

423 1169 545 1216 gunt.
606 1158 658 1198 In
675 1157 816 1198 alteris
838 1156 950 1209 apud
973 1155 1222 1196 dictatorem
1246 1156 1409 1206 castris,
1428 1170 1512 1210 quo
1534 1155 1670 1196 minus
1695 1153 1849 1195 tumul-

425 1228 491 1258 tus
513 1225 592 1266 est,
613 1230 664 1256 eo
688 1213 780 1269 plus
801 1211 1165 1262 animadvertitur,
1187 1212 1289 1266 quid
1311 1227 1418 1266 opus
1442 1212 1557 1253 facto
1575 1212 1643 1252 sit.
1673 1216 1702 1237 ⁴¹
1723 1211 1852 1252 misso

422 1271 640 1328 extemplo
663 1271 713 1311 ad
737 1278 876 1311 castra
898 1269 1103 1319 subsidio,
1121 1269 1188 1309 cui
1214 1268 1288 1324 Sp.
1313 1269 1559 1309 Postumius
1581 1268 1715 1309 Albus
1738 1268 1852 1323 lega-

425 1340 492 1371 tus
520 1328 769 1385 praeficitur,
803 1327 892 1382 ipsc
929 1335 1045 1381 parte
1072 1326 1291 1380 copiarum
1331 1340 1459 1381 parvo
1495 1326 1677 1366 circuitu
1710 1324 1852 1365 locum

424 1387 612 1428 maxime
646 1392 853 1425 secretum
886 1383 938 1422 ab
974 1382 1154 1422 tumultu
1189 1383 1313 1436 petit,
1353 1382 1461 1422 unde
1501 1396 1555 1422 ex
1597 1382 1855 1436 necopinato

424 1457 618 1484 aversum
651 1441 816 1482 hostem
848 1439 1036 1480 invadat.
1098 1440 1154 1485 Q.
1186 1439 1423 1494 Sulpicium
1454 1438 1641 1493 legatum
1672 1437 1857 1493 praeficit

425 1499 599 1541 castris:
633 1497 699 1538 M.
724 1497 858 1538 Fabio
881 1496 1022 1550 legato
1054 1496 1247 1551 adsignat
1276 1496 1455 1550 equites.
1489 1509 1567 1536 nec
1596 1505 1696 1536 ante
1717 1494 1854 1535 lucem

427 1570 598 1601 movere
621 1555 749 1609 jubet
781 1567 968 1604 manum,
990 1553 1099 1592 inter
1132 1563 1362 1593 nocturnos
1396 1551 1601 1592 tumultus
1635 1552 1855 1593 moderatu

425 1612 661 1654 difficilem.
704 1611 877 1660 Omnia,
899 1624 995 1663 qua:
1016 1608 1081 1649 vel
1099 1609 1204 1650 alius
1228 1610 1456 1663 imperator
1477 1608 1660 1663 prudens
1681 1619 1725 1649 et
1746 1607 1857 1662 inpi-

426 1684 502 1726 ger
535 1669 578 1709 in
610 1667 681 1708 tali
719 1682 759 1708 re
789 1667 1038 1725 praeciperet
1069 1677 1311 1721 ageretque,
1336 1665 1532 1720 praecipit
1555 1665 1703 1706 ordine
1730 1674 1857 1718 atque

427 1726 533 1782 agit.
577 1724 676 1765 illud
706 1724 911 1764 eximium
941 1722 1107 1763 consilii
1141 1722 1357 1777 animique
1390 1722 1620 1777 specimen,
1645 1732 1688 1762 et
1718 1721 1858 1761 neuti-

427 1796 556 1838 quam
577 1781 761 1836 vulgatae
779 1780 928 1830 laudis,
951 1779 1064 1834 quod
1084 1778 1193 1820 ultro
1215 1779 1264 1819 ad
1288 1778 1576 1834 obpugnanda
1600 1787 1738 1819 castra
1760 1778 1859 1818 hos-

428 1840 552 1889 tium,
577 1838 687 1878 unde
709 1837 868 1892 majore
889 1837 1060 1892 agmine
1093 1835 1307 1891 profectos
1328 1835 1595 1891 exploratum
1618 1835 1768 1884 fuerat,
1791 1832 1858 1873 M.

430 1895 675 1952 Geganium
698 1909 796 1935 cum
820 1893 1069 1934 cohortibus
1091 1892 1264 1933 delectis
1288 1893 1417 1933 misit.
1442 1892 1529 1946 qui,
1547 1889 1771 1947 postq‘uam
1797 1890 1860 1931 in·

430 1964 570 1994 tentos
603 1951 796 1992 homines
826 1950 870 1991 in
899 1960 1099 1991 eventum
1135 1949 1310 2004 periculi
1341 1949 1482 1999 alieni,
1508 1963 1582 2004 pro
1605 1962 1648 1988 se
1667 1948 1860 1989 incautos

217 2037 328 2065 Casu-d
343 2034 396 2062 Ε,
430 2009 637 2065 neglectis
679 2007 838 2064 vigiliis
881 2006 1234 2060 stationibusque,
1275 2014 1339 2046 est
1371 2006 1557 2055 adortus,
1597 2005 1710 2061 prius
1754 2018 1860 2060 pene

217 2086 349 2116 quorum
369 2085 419 2105 ea·
431 2067 547 2121 cepit
587 2074 739 2115 castra,
772 2079 900 2119 quam
942 2064 1181 2119 obpugnari
1215 2063 1357 2104 hostes
1399 2062 1499 2102 satis
1533 2062 1704 2102 scirent.
1748 2060 1861 2110 inde,

217 2123 360 2160 piumur.
432 2123 565 2172 fumo,
589 2132 635 2162 ut
657 2131 928 2171 convenerat,
950 2121 1094 2161 datum
1116 2121 1286 2175 signum
1308 2119 1379 2160 ubi
1402 2127 1680 2173 conspectum
1699 2118 1752 2158 ab
1773 2117 1863 2158 die-

435 2190 568 2220 tatore
591 2187 668 2228 est,
690 2178 914 2228 exclamat,
937 2190 1063 2233 capta
1085 2176 1270 2217 hostium
1300 2186 1451 2226 castra,
1471 2175 1747 2230 nunciarique
1769 2189 1863 2230 pas-

436 2237 512 2277 sim
531 2235 673 2290 jubet.

220 2316 397 2343 vincuntur
494 2289 738 2333 XXVIII..
753 2289 808 2330 Et
823 2290 914 2345 jam
937 2289 1192 2340 lucescebat,
1211 2290 1438 2344 omniaque
1462 2290 1538 2329 sub
1560 2288 1694 2329 oculis
1715 2298 1834 2328 erant
1853 2304 1861 2328 :

224 2359 334 2387 hostes.
434 2360 478 2390 et
502 2349 658 2390 Fabius
681 2362 777 2388 cum
801 2348 993 2402 equitatu
1015 2347 1205 2401 inpetum
1236 2347 1421 2395 dederat,
1443 2356 1484 2386 et
1507 2345 1653 2386 consul
1675 2345 1864 2398 eruptio-

436 2420 533 2447 nem
557 2419 580 2446 e
601 2404 750 2445 castris
773 2403 812 2443 in
838 2404 1128 2459 trepidos-jam
1165 2405 1305 2444 hostes
1332 2403 1503 2444 fecerat.
1564 2401 1763 2443 Dictator
1790 2415 1861 2442 au-

976 2500 989 2514 ⁰
1013 2495 1111 2533 defici!
1127 2496 1222 2524 Gron.
1239 2496 1330 2526 Crev.

478 2564 518 2594 439
546 2560 710 2597 Lanuvio]
737 2558 863 2597 Optimi
881 2559 1010 2589 codievs-
1033 2560 1129 2589 Lari-
1174 2562 1225 2594 27.
1241 2561 1280 2590 ad
1300 2560 1323 2589 l.
1341 2561 1370 2590 4.

436 2605 496 2633 uia.
528 2605 611 2642 Lege
630 2603 756 2633 Larum.
774 2603 789 2631 Χ
803 2603 843 2631 id.
862 2602 965 2642 Rapis.
986 2603 1127 2633 taum-tii
1216 2607 1250 2634 41
1279 2604 1374 2634 stlisso
1390 2604 1545 2641 ewtemplt»
1560 2602 1604 2631 ad
1626 2601 1748 2641 rastra]
1779 2601 1864 2631 Con-

437 2647 576 2686 primam
613 2645 749 2684 Apolog.
781 2646 820 2675 ad
849 2647 1065 2683 (ἱι-υιιυνίιιιιι,
1097 2658 1127 2686 p.
1171 2647 1263 2676 sulis.
1307 2648 1415 2685 Quam
1447 2655 1560 2674 νυυυιη
1594 2646 1645 2675 liic
1677 2654 1863 2685 expressam

442 2691 510 2719 llb'.
535 2689 725 2719 limax-it&
1178 2699 1386 2729 cuperemus,
1404 2695 1439 2717 ut
1466 2690 1535 2717 sine
1553 2698 1628 2728 qua,
1645 2690 1703 2718 etsi
1731 2697 1795 2718 non
1811 2689 1867 2717 ol>-

480 2735 520 2762 ⁴0
534 2734 546 2749 ‘¹
565 2733 600 2762 Ιη
622 2734 732 2770 μναΙιη
749 2730 855 2771 jus-ro]
879 2733 914 2762 1η
934 2732 1045 2771 pra-lio
1070 2743 1133 2770 quo
1178 2739 1286 2768 scum,
1305 2733 1412 2761 minus
1429 2732 1557 2769 integi-:1
1576 2739 1686 2762 nuncu
1705 2738 1737 2761 ct
1755 2738 1866 2762 rotun·

437 2775 612 2814 explicata·
627 2776 794 2812 utrimque·
808 2778 893 2804 ,ιρίιμ
909 2785 1003 2814 aequo
1016 2787 1132 2815 ‹vnnpo
1178 2777 1218 2808 da
1237 2776 1379 2815 pros-edit
1395 2774 1512 2803 oratio.

437 2825 551 2858 :ipcrta
582 2820 608 2847 xi
643 2817 796 2856 cong-reda
812 2829 833 2847 r·
849 2827 936 2849 ntur.
974 2819 1045 2849 xm.
1063 2828 1129 2850 not,
