1991 3250
181 258 226 292 U.
242 263 280 292 c.
296 264 370 293 305.

180 304 222 345 Α.
239 305 275 336 c.

292 307 366 344 443.

185 1038 284 1078 Appii

184 1082 291 1113 libido.

389 159 463 196 198
920 154 1068 196 ΤΙΤῙ
1105 154 1284 196 mvn

393 253 666 311 praevalidus,
702 254 795 312 pari
839 255 1000 299 viribus
1040 258 1196 308 animo,
1236 257 1551 298 circumventus
1595 264 1815 305 tutaretur,

396 311 617 353 Nunciant
651 312 694 353 in
732 322 870 353 castra
905 314 1050 363 ceteri,
1088 314 1400 369 praecipitatum
1440 313 1482 353 in
1521 314 1692 355 insidias
1726 329 1817 356 esse

396 367 583 409 Siccium
619 369 791 467 efsregie
824 380 1101 424 pugnantem,
1129 371 1367 424 militesque
1403 370 1604 424 quosdam
1639 386 1734 411 cum
1767 385 1819 411 eo

393 425 585 466 amissos.
685 427 791 469 rimo
823 425 923 465 fides
953 427 1250 467 nunciantibus
1283 426 1375 468 fuit.
1439 426 1638 467 Profecta
1665 427 1818 468 deinde

395 481 549 522 cohors
583 481 635 522 ad
667 481 944 537 sepeliendos,
973 483 1043 536 qui
1076 483 1330 531 ceciderant,
1358 482 1691 523 decemvirorum
1727 497 1821 538 per-

394 538 542 586 missu,
567 547 791 592 postquam
826 537 984 577 nullum
1014 537 1242 593 spoliatum
1269 539 1328 580 ibi
1357 553 1522 594 corpus,
1546 539 1820 593 Sicciumque

396 593 440 634 in
464 593 603 634 medio
618 594 836 648 jacentem
859 604 1166 648 armatumque,
1181 596 1378 636 omnibus
1401 596 1441 635 in
1464 609 1560 636 eum
1581 596 1708 635 versis
1727 609 1821 636 cor-.

396 650 587 706 poribus,
611 649 773 700 videre3
811 650 994 690 hostium
1027 664 1163 704 neque
1191 666 1345 707 corpus
1372 651 1513 701 ullum,
1536 666 1613 691 nec
1642 651 1822 706 vestigia

398 706 673 755 abeuntium3
707 705 897 760 profecto
920 707 976 745 ab
998 707 1082 747 suis
1105 707 1374 748 interfectum
1397 716 1693 757 memorantes,
1715 718 1826 748 retu-.-

398 762 482 804 lere
519 775 688 817 corpus.
749 760 1013 817 Invidiaeque
1055 762 1176 816 plena
1208 773 1346 804 castra
1389 774 1520 813 erant,
1554 774 1597 804 et
1637 764 1824 808 Romam

398 817 496 860 ferri
521 818 714 873 protinus
737 818 922 859 Siccium
950 819 1154 873 placebat,
1178 820 1217 860 ni
1240 820 1468 871 decemviri
1492 821 1616 861 funus
1638 822 1822 862 militare

399 875 436 916 ei
474 873 648 929 publica
681 875 857 930 inpensa
894 874 1032 915 facere
1068 885 1360 917 maturassent.
1420 876 1620 932 Sepultus
1657 877 1824 932 ingenti

399 931 586 977 militum
616 931 839 983 moestitia,
863 932 1045 987 pessima
1073 932 1408 974 decemvirorum
1441 933 1484 974 in
1515 933 1665 988 vulgus
1696 934 1826 984 fama,

399 995 476 1029 est.

459 1043 627 1087 XLIV.
662 1045 862 1100 Sequitur
893 1045 1003 1087 aliud
1028 1045 1069 1086 in
1093 1047 1195 1087 urbe
1226 1044 1358 1096 nefas,
1381 1046 1434 1086 ab
1462 1044 1640 1087 libidine
1669 1051 1826 1094 ortum,

399 1100 514 1143 haud
536 1102 674 1147 minus
707 1102 825 1143 foedo
847 1110 1014 1152 eventu,
1038 1118 1163 1158 quam
1186 1102 1300 1157 quod
1332 1117 1405 1157 per
1427 1111 1617 1157 stuprum
1643 1100 1826 1141 caedem÷

359 1196 365 1200 .
397 1173 480 1212 que
514 1158 723 1199 Lucretiae
747 1159 850 1199 urbe
876 1173 1090 1215 regnoque
1119 1159 1372 1214 Tarquinios
1396 1161 1639 1214 expulerat:
1672 1166 1718 1197 ut
1739 1169 1827 1196 non

189 1964 329 2002 Virg'mia
344 1962 376 1992 in

191 2008 369 2036 servitutem

190 2050 352 2080 adseritur.

397 1215 494 1255 finis
525 1215 657 1256 solum
683 1216 794 1255 idem
824 1216 1088 1266 decemviris,
1111 1217 1182 1272 qui
1216 1216 1402 1271 regibuS‚
1425 1216 1496 1256 sed
1520 1229 1668 1256 caussa
1695 1212 1827 1253 etiam

396 1272 543 1312 eadem
567 1272 733 1326 imperii
756 1272 977 1315 amittendi
1000 1283 1122 1313 esset.
1181 1271 1265 1327 Ap.
1293 1272 1516 1312 Claudium
1538 1270 1715 1326 virginis
1737 1268 1827 1324 ples

396 1328 507 1369 beiae
538 1328 778 1383 stuprandae
807 1329 938 1370 libido
969 1330 1097 1384 cepit,
1158 1329 1283 1369 Pater
1322 1329 1498 1384 virginis
1528 1328 1574 1369 L.
1609 1326 1826 1382 Virginius

397 1386 431 1411 9²
441 1384 663 1426 honestum
678 1385 870 1426 ordinem
885 1386 927 1426 in
943 1385 1098 1440 Algido
1109 1385 1382 1433 ducebat,‘vir
1395 1385 1579 1439 exempli
1593 1384 1694 1424 recti
1710 1381 1828 1423 domi

396 1440 663 1496 militiaeque.
715 1441 896 1482 Perinde
919 1456 1025 1482 uxor
1048 1443 1242 1482 instituta
1263 1441 1414 1490 fuerat,
1435 1444 1465 1468 ⁹³
1481 1442 1684 1495 liberique
1706 1438 1829 1479 insti-.-

398 1499 640 1539 tuebantur.
674 1497 971 1553 Desponderat
990 1497 1118 1538 filiam
1143 1498 1191 1548 L.
1217 1497 1338 1540 Icilio
1358 1498 1602 1547 tribunicio,
1616 1498 1707 1539 viro
1726 1494 1827 1544 acri,

399 1564 444 1594 et
466 1569 539 1610 pro
566 1569 715 1595 caussa
739 1555 871 1610 plebis
893 1564 1081 1610 expertae
1117 1555 1296 1595 virtutis.
1329 1554 1455 1596 Hanc
1480 1554 1686 1609 virginem
1709 1550 1828 1593 adul-

400 1619 502 1662 tam,
526 1611 664 1654 forma
684 1611 978 1661 excellentem,
1006 1618 1038 1642 9⁴
1056 1611 1238 1666 AppiuS,
1259 1625 1401 1653 amore
1430 1611 1595 1661 ardens,
1620 1608 1755 1664 pretio
1777 1621 1828 1648 ac

398 1681 474 1722 spe
500 1667 699 1722 perlicere
727 1668 913 1717 adortus,
937 1676 1160 1723 postquam
1192 1668 1335 1708 omnia
1361 1668 1518 1723 pudor-e
1545 1677 1666 1722 septa
1694 1665 1830 1706 anim-

399 1724 652 1774 adverterat,
681 1725 733 1765 ad
772 1724 981 1766 crudelem
1022 1725 1332 1780 superbamque
1376 1724 1460 1766 vim
1499 1724 1687 1764 animum
1728 1735 1830 1761 con-

399 1781 543 1822 vertit.
588 1779 654 1822 M.
688 1780 868 1821 Claudio
899 1781 1043 1822 clienti
1079 1781 1298 1836 negotium
1329 1781 1462 1831 dedit,
1493 1782 1525 1808 9³
1547 1790 1592 1821 ut
1623 1777 1831 1834 virginem

400 1836 444 1878 in
468 1838 712 1879 servitutem
736 1838 959 1888 adsereret,
982 1852 1117 1892 neque
1140 1837 1308 1878 cederet
1338 1836 1568 1878 secundum
1590 1835 1830 1883 libertatem

401 1893 719 1949 postulantibus
751 1894 979 1935 vindicias:
1011 1894 1124 1948 quod
1156 1903 1274 1948 pater
1304 1893 1454 1948 puellae
1484 1894 1662 1940 abesset,
1687 1891 1829 1942 locum

403 1950 572 2005 injuriae
604 1964 692 1992 csse
724 1960 852 1991 ratuS.
912 1950 1095 2006 Virgini,
1123 1950 1308 1990 venienti
1341 1950 1383 1990 in
1415 1949 1569 1998 forum,
1598 1947 1677 2001 (ibi
1712 1960 1830 1990 nam-2

404 2022 487 2061 que
510 2008 552 2048 in
574 2007 758 2048 tabernis
777 2007 990 2049 literarum
1015 2007 1098 2048 ludi
1118 2008 1256 2056 erant)
1274 2007 1464 2047 minister
1484 2004 1712 2046 decemviri
1732 2002 1828 2043 libi-

405 2064 516 2105 dinis
540 2078 710 2105 manum
733 2064 905 2119 injecit;
935 2067 967 2093 9⁵
985 2078 1103 2104 serva
1125 2078 1200 2104 sua
1221 2074 1363 2104 natam
1394 2068 1660 2116 (servamque
1685 2058 1831 2114 adpel-

404 2121 515 2171 lans)
543 2135 647 2160 esse.
689 2122 892 2175 sequique
922 2134 965 2160 se
988 2119 1184 2175 jubebat,
1215 2128 1488 2160 cunctantem
1521 2119 1561 2159 vi
1593 2119 1832 2158 abstractu-

404 2191 514 2219 rum.
573 2177 733 2218 Pavida
766 2177 1136 2232 puella-stupente,
1158 2176 1210 2218 ad
1232 2175 1458 2218 clamorem
1489 2175 1681 2225 nutricis,
1703 2173 1831 2221 fidem

449 2269 490 2302 92
530 2267 708 2299 Honestum
730 2268 906 2298 ordinmm.
921 2289 928 2297 .
945 2267 1095 2306 ducebat]

1181 2269 1223 2301 95
1251 2265 1296 2297 Ut
1313 2266 1487 2307 virg-inem]
1511 2266 1558 2297 Ut
1573 2265 1755 2306 postularet
1770 2263 1835 2300 vir-5

406 2311 496 2342 Ordo
513 2310 567 2341 hio
581 2311 666 2341 sumi
689 2310 800 2346 debet,
817 2310 1094 2348 quemadmodum

1140 2310 1252 2348 ginem
1279 2310 1339 2339 sibi
1371 2310 1491 2347 addici,
1517 2316 1675 2348 tanquam
1702 2316 1831 2338 servam

407 2359 442 2384 et
457 2364 542 2394 saepe
552 2353 646 2392 alias,
661 2364 718 2393 pru
732 2354 894 2390 centuria,
907 2363 978 2391 qua:
993 2354 1097 2383 altera

406 2407 482 2438 pars
499 2403 549 2428 est
566 2396 724 2436 manipuli
740 2409 749 2434 ;
773 2397 868 2434 cujus
887 2396 1004 2426 ductor
1020 2405 1097 2425 cen-

405 2441 507 2470 turio.
554 2441 652 2470 Porro
666 2439 797 2475 ordines
819 2439 875 2469 alii
892 2439 962 2468 aliis
978 2439 1096 2469 hones-

407 2483 507 2513 tiores
523 2488 629 2513 erant.
675 2481 754 2511 Vult
773 2483 873 2517 igitur
897 2481 1009 2511 Livius
1026 2481 1096 2511 Vir-

408 2526 535 2565 ginium
563 2525 662 2556 alicui
695 2535 733 2558 ex
764 2524 827 2556 illis
856 2524 1097 2555 honestioribus

408 2568 576 2599 ordinibus
594 2568 774 2608 praefuisse.

451 2614 493 2645 93
520 2612 702 2652 Liberque]
734 2611 803 2644 Vox
828 2612 916 2641 liberi
937 2611 976 2641 de
1000 2612 1097 2641 unico

410 2653 480 2685 filio
503 2655 638 2684 unicam.
668 2655 734 2684 filia
757 2654 937 2684 dicebatur.
984 2654 1097 2692 ltaque

411 2695 497 2727 nihil
520 2701 610 2726 vetat
634 2697 687 2727 hie
710 2696 853 2737 intelligi
873 2697 976 2728 solam
992 2698 1099 2737 Virgi-

411 2748 513 2770 main.

455 2784 497 2817 9⁴
530 2782 651 2821 Appius
674 2792 783 2812 umore
808 2782 940 2821 ardens]
979 2783 1099 2814 Melius

413 2834 535 2860 amens,
545 2825 629 2863 quod
644 2825 765 2855 liabent
777 2822 961 2868 complures
971 2827 1099 2867 scripti,

412 2872 486 2899 tum
502 2867 715 2906 Gronoviurss,
733 2872 804 2899 tum
823 2870 936 2900 nostri.

1140 2362 1254 2382 suam:
1279 2362 1385 2391 nsque
1403 2352 1534 2383 cederet
1550 2352 1588 2382 iis
1605 2352 1659 2390 qui
1685 2350 1832 2391 postula-‚-

1141 2397 1207 2425 turi
1232 2402 1355 2433 essi-nt,
1373 2401 1423 2433 ut,
1448 2395 1506 2426 lite
1529 2394 1707 2435 pendente,
1723 2393 1832 2432 Virgi-

1141 2439 1195 2468 nia
1211 2439 1244 2468 in
1263 2439 1464 2477 possessione
1482 2438 1644 2469 libertatis
1668 2441 1831 2469 maneret.

1142 2481 1366 2512 Vinciat-mrum
1386 2482 1520 2511 nomine
1545 2480 1746 2520 intelligitur
1761 2489 1832 2509 mo-

1142 2530 1320 2555 mentanea
1346 2525 1504 2564 possessio
1528 2525 1572 2554 rei
1600 2528 1831 2559 controversae,

1142 2568 1245 2597 donec
1269 2567 1308 2598 de
1333 2569 1402 2607 ipsa
1427 2567 1472 2597 rei
1496 2567 1696 2606 proprietate
1719 2565 1832 2596 decre-

1141 2611 1225 2641 torio
1249 2610 1376 2648 judicio
1406 2614 1594 2642 statuatur:
1631 2607 1770 2646 Gallice,
1796 2609 1830 2638 la

1137 2663 1309 2695 prove-vum.

1185 2698 1226 2730 96
1243 2696 1344 2726 Serva
1354 2705 1415 2726 sua
1426 2693 1555 2733 natam]
1574 2693 1687 2724 Placet
1698 2692 1730 2724 id
1743 2692 1831 2731 quod

1143 2749 1159 2769 e
1188 2739 1422 2769 vetustioribus
1456 2737 1552 2768 editis
1580 2737 1675 2767 affert
1704 2736 1832 2767 Grono-

1143 2783 1233 2811 vius:
1254 2790 1347 2811 serea
1362 2791 1423 2811 sua
1438 2785 1554 2811 natam
1568 2788 1757 2819 servamque
1771 2788 1830 2818 ap-

1138 2826 1264 2865 pellans
1279 2825 1365 2864 sequi
1379 2822 1560 2864 „et-jubebat.
1605 2822 1752 2854 Andreas
1767 2822 1831 2853 eti·

1145 2877 1198 2899 am
1215 2874 1304 2898 caret
1319 2869 1360 2906 τῷ
1373 2877 1414 2898 se.
