1969 3239
603 135 723 175 LIB.
750 136 815 176 VI.
854 136 982 174 CAP.
1013 134 1118 176 VIII,
1494 142 1573 182 357

137 253 189 280 ne
213 238 512 294 pollicentibus
533 253 721 295 operam,
739 237 950 288 Valerius,
972 236 1113 278 socius
1136 235 1304 292 imperii
1326 237 1474 288 iectus,
1497 240 1571 280 ad·
1586 246 1625 277 U.
1643 247 1678 293 C.
1696 248 1770 281 369,

128 295 265 350 jecit3
297 295 363 336 M.
398 294 571 337 Furium
599 295 679 336 sibi
701 309 781 349 pro
811 294 1025 345 dictatore,
1053 307 1166 348 seque
1195 294 1231 333 ei
1263 308 1340 347 pro
1378 296 1570 349 magistro
1584 291 1621 321 A.
1640 293 1676 322 C·
1694 295 1766 323 33³·

132 352 314 407 equitum
320 351 539 408 ficturum.
600 351 797 400 Proinde,
829 365 950 406 quam
979 350 1204 405 opinionem
1234 350 1281 391 cle
1301 351 1419 392 ¹unico
1449 353 1571 406 impe-

133 416 284 459 ratore,
316 424 405 450 eam
436 424 543 464 spem
574 409 623 450 de
655 407 996 449 bello‘liaberent.
1057 406 1109 447 Se
1141 421 1233 448 vero
1269 406 1361 448 bene
1393 422 1570 463 sperare,

137 465 301 515 Patres,
329 473 369 508 et
400 466 449 508 de
480 465 596 517 bello,
618 472 654 506 et
681 464 729 505 de
753 478 856 519 pace
888 464 1159 519 universaque
1186 463 1408 518 republica,
1439 467 1570 507 erecti

134 522 309 577 gaudio,
331 524 540 565 fremunt:
572 537 640 563 nec
661 521 859 562 dictatore
880 535 1068 576 umquam
1089 535 1186 575 opus
1202 519 1304 577 fore
1324 521 1569 576 reipublicae,

130 579 168 618 si
199 579 302 620 tales
333 580 441 621 viros
468 579 513 620 in
543 579 788 635 magistratu
815 577 976 628 habeat,
1006 585 1089 619 tam
1123 577 1380 618 concordibus
1398 579 1570 633 junctos

132 636 294 687 animis,
309 650 456 691 parere
486 642 610 691 atque
640 636 836 690 imperare
850 636 981 691 juxta
1007 641 1188 690 paratos,
1210 633 1445 691 laudemque
1478 650 1569 675 con-

120 690 302 747 ferentes
331 693 471 747 potius
509 692 551 733 in
588 693 776 743 medium,
807 707 928 748 quam
956 706 1002 732 ex
1032 692 1232 733 com-muni
1261 692 1316 732 ad
1342 706 1380 732 se
1408 691 1569 733 tranen--

135 756 208 790 leS.
521 788 524 790 ,

191 804 295 846 VII.
325 804 504 847 Justitio
526 805 705 857 indicto,
727 804 979 860 delectuque
999 804 1166 855 habito,
1189 805 1339 846 Furius
1372 820 1421 846 ac
1442 805 1567 846 Vale-

133 863 221 903 rius
252 862 304 902 ad
336 862 549 903 Satricum
582 863 790 918 profecti:
822 877 908 918 quo
941 877 1026 903 non
1058 861 1311 902 Volscorum
1341 862 1471 903 modo
1495 862 1569 917 ju-

134 928 355 960 ventutem
388 918 584 960 Antiates
613 933 666 959 ex
701 933 814 960 nova
844 919 992 960 subole
1033 918 1202 969 lectam,
1236 919 1306 959 sed
1349 919 1569 974 ingentem

119 975 382 1017 ‘Latinorum
407 975 780 1031 Hernicorumque
802 976 1081 1017 conciverant
1101 989 1154 1015 ex
1173 975 1458 1030 integerrimis
1474 976 1569 1016 diu-

132 1033 224 1073 tina
247 1045 350 1087 pace
370 1033 554 1088 populis.
577 1033 721 1088 itaque
742 1047 878 1074 novus
897 1032 1032 1073 hostis
1056 1032 1186 1073 veteri
1204 1032 1432 1086 adjunctus
1451 1047 1569 1073 com-

132 1089 272 1130 movit
301 1089 466 1130 animos
500 1089 646 1131 militis
681 1089 882 1130 Romani.
944 1089 1073 1136 Quod
1109 1089 1180 1130 ubi
1215 1089 1351 1129 aciem
1378 1088 1468 1143 jam
1504 1090 1568 1130 in-

137 1145 317 1187 struenti
341 1146 525 1188 Camillo
548 1147 815 1187 centuriones
847 1146 1219 1197 renunciaverunt,
1242 1145 1429 1187 turbatas
1460 1145 1569 1186 mili-

134 1210 219 1243 tnm
237 1209 385 1244 mentes
405 1218 500 1254 esse,
523 1204 695 1260 segniter
714 1218 830 1245 arma
851 1210 984 1258 capta,
1006 1202 1382 1258 cunctabundosque
1400 1209 1437 1243 et
1461 1205 1492 1226 ³8
1509 1217 1570 1244 re-

130 1260 308 1300 sistentes
328 1274 502 1316 egressos
522 1261 665 1301 castris
694 1275 798 1310 esse,
829 1261 928 1315 quin
958 1275 1066 1302 voces
1095 1273 1252 1315 quoque
1280 1259 1458 1310 auditas,
1479 1274 1571 1300 cum

133 1316 304 1357 centenis
324 1316 505 1357 hostibus
525 1317 704 1372 singulos
720 1324 998 1373 pugnaturos,·
1028 1325 1066 1358 et
1083 1331 1187 1373 (egre
1206 1317 1396 1357 inermem
1413 1323 1571 1357 tantam

131 1373 446 1424 multitudinem,
465 1373 609 1414 nedum
629 1380 845 1425 armatam,
862 1374 1052 1415 sustineri
1065 1387 1181 1428 posse
1193 1389 1206 1423 ,·
1238 1373 1281 1413 in
1313 1388 1470 1428 equum
1504 1374 1569 1414 in-

134 1429 236 1480 silit,
258 1439 315 1480 et,
337 1439 434 1471 ante
457 1431 580 1486 signa
601 1432 805 1471 obversus
823 1432 867 1471 in
889 1431 1040 1482 aciem,
1057 1430 1226 1470 ordines
1246 1431 1569 1484 interequitans,

138 1483 239 1529 Quae
258 1486 446 1538 tristitia,
465 1487 626 1543 milite-3,
648 1487 742 1539 lzcec,
763 1502 850 1542 quae
868 1487 1031 1528 insolita
1047 1487 1247 1528 cunctatio
1268 1485 1358 1528 est?
1380 1486 1568 1539 Hostem,
1582 1498 1690 1528 Oratio
1706 1498 1763 1527 (τερ

133 1557 189 1583 an
209 1557 282 1592 me,
304 1558 358 1583 an
377 1558 445 1584 vos
468 1544 670 1600 ignoratis
683 1543 706 1584 (2
726 1544 872 1585 Hostis
892 1551 950 1585 est
971 1543 1073 1599 quid
1088 1542 1220 1594 aliud,
1235 1558 1358 1599 quam
1376 1550 1569 1599 perpetua
1581 1542 1708 1591 ruilliad
1731 1540 1788 1569 ¹¹¹³·

132 1600 303 1640 materia
336 1600 505 1641 virtutis
532 1600 750 1657 gloriaeque
779 1599 951 1641 vestrae?
986 1599 1067 1641 Vos
1098 1607 1251 1650 contra,
1272 1615 1333 1641 me
1365 1600 1476 1651 duce,
1507 1585 1662 1653 (uthtes.

137 1655 322 1697 Falerios
356 1656 546 1713 Veiosque
565 1664 717 1712 captos,
739 1664 775 1698 et
795 1658 838 1698 in
858 1664 979 1712 capta
992 1658 1136 1713 patria
1161 1656 1379 1698 Gallorum
1399 1656 1575 1713 legiones

132 1727 252 1754 caesas
282 1718 460 1764 taceam)
490 1714 605 1754 modo
639 1715 862 1770 trigemina}
894 1714 1079 1756 victoriae=
1100 1713 1301 1769 triplicem
1323 1714 1574 1769 triumphum

131 1784 180 1811 ex
198 1769 260 1811 liis
279 1770 379 1824 ipsis
404 1769 572 1821 Volscis,
593 1777 631 1811 et
653 1771 815 1826 AEquis,
834 1777 872 1811 et
893 1785 939 1811 ex
969 1770 1150 1812 Etruria
1180 1771 1334 1826 egistis.
1395 1771 1468 1811 An
1497 1786 1572 1822 me,

133 1826 243 1883 quod
261 1842 343 1868 non
362 1826 540 1868 dictator
559 1827 688 1878 vobis,
710 1827 780 1868 sed
798 1828 1001 1879 tribunus,
1023 1828 1181 1884 signum
1203 1827 1309 1878 dedi,
1327 1843 1407 1868 non
1427 1843 1574 1884 agnos-

135 1883 226 1924 citis
243 1883 415 1925 ducem?
443 1899 567 1940 neque
586 1899 656 1941 ego
672 1885 851 1926 maxima
872 1885 1042 1940 imperia
1064 1886 1109 1925 in
1130 1899 1201 1925 vos
1221 1884 1424 1926 desidero:
1446 1892 1483 1925 et
1503 1899 1571 1926 vos

132 1940 178 1980 in
196 1954 256 1981 me
276 1940 393 1992 nillil,
408 1948 559 1996 proeter
577 1956 637 1982 me
667 1942 810 1996 ipsum,
831 1942 984 1983 intueri
1014 1941 1132 1982 decet.
1155 1956 1280 1996 neque
1308 1942 1414 1982 enim
1443 1941 1573 1982 dicta-

135 2003 231 2037 tura
249 1997 349 2038 milii
370 2013 563 2054 umquam
583 1998 740 2039 animos
745 1997 871 2055 fecit,
893 2006 935 2039 ut
955 2014 1002 2040 ne
1020 1997 1206 2039 exsilium
1228 1997 1387 2053 quidem
1408 1998 1573 2044 ademit.

137 2052 269 2096 Iidem
289 2054 419 2117 igitur
438 2070 569 2097 omnes
589 2070 723 2096 sumus
739 2072 752 2096 .-
783 2062 836 2107 et,
858 2070 981 2111 qaum
1002 2055 1138 2096 eadem
1158 2056 1293 2095 omnia
1314 2055 1357 2096 in
1387 2055 1457 2096 hoc
1489 2055 1573 2098 bel-

136 2109 219 2150 lum
239 2110 485 2167 adferamus,
504 2127 592 2168 quae
613 2113 657 2152 in
671 2112 820 2166 priora
841 2112 1073 2163 adtulimus,
1090 2111 1267 2153 eumdem
1288 2119 1469 2153 eventum
1492 2112 1574 2153 bel-

138 2166 169 2208 li
200 2174 473 2222 exspectemus.
533 2167 669 2210 Simul
697 2169 993 2220 concurreritis,
1025 2168 1132 2224 quod
1164 2169 1330 2226 quisque
1357 2168 1505 2211 didicit
1525 2184 1573 2211 ac

135 2223 511 2279 consuevit,faciet.
574 2224 653 2266 Vos
673 2226 851 2277 vincetis,
872 2225 938 2266 illi
943 2225 1132 2282 fugient.

191 2279 320 2321 VIII.
355 2281 470 2322 Dato
501 2281 653 2323 deinde
685 2283 823 2339 signo,
847 2297 900 2323 ex
931 2298 1041 2339 equo
1072 2282 1228 2332 desilit,
1250 2290 1293 2323 et
1325 2282 1571 2337 proximum
1585 2299 1691 2330 vincit
1712 2297 1787 2327 voi.

138 2336 404 2393 signiferum,
425 2352 552 2388 mann
585 2339 822 2394 adreptum,
845 2354 988 2380 secum
1012 2340 1053 2380 in
1087 2340 1252 2380 hostem
1284 2340 1420 2394 rapit3
1450 2340 1492 2379 in
1516 2337 1659 2391 er,scos-

136 2393 266 2445 miles,
289 2394 524 2446 clamitans,
545 2396 716 2451 signum.
738 2396 852 2451 quod
875 2397 949 2437 ubi
979 2397 1122 2438 videre
1155 2396 1295 2451 ipsum
1328 2395 1581 2447 Camillum,

131 2451 224 2505 jam
258 2451 310 2492 ad
344 2466 519 2492 munera
552 2454 743 2507 corporis
782 2464 952 2494 senecta
987 2452 1238 2504 invalidum,
1271 2453 1495 2494 vadentem
1529 2453 1573 2493 in

138 2507 299 2559 hostes,
321 2519 576 2563 procurrunt
607 2510 763 2564 pariter
794 2524 956 2560 omnes,
978 2510 1164 2550 clamore
1196 2509 1379 2560 sublato,
1402 2510 1575 2564 »Sequere

137 2564 432 2619 imperatorem,
455 2580 531 2622 pro
554 2580 598 2606 se
615 2566 794 2621 quisque
815 2567 1061 2608 clamantes.
1104 2565 1315 2607 Emissum
1338 2567 1466 2607 etiam
1489 2567 1576 2622 sig-

138 2635 241 2662 num
283 2621 451 2663 Camilli
478 2622 600 2676 jussu
633 2623 675 2663 in
699 2622 886 2663 hostium
911 2624 1046 2664 aciem
1078 2622 1244 2675 ferunt3
1275 2622 1403 2678 idque
1435 2633 1481 2663 ut
1511 2637 1577 2663 re-

140 2686 369 2732 peteretur,
409 2679 650 2720 con'citatos
691 2681 1010 2734 antesignanos.
1072 2678 1141 2720 Ibi
1180 2680 1363 2735 primum
1408 2679 1576 2735 pulsum

141 2733 376 2787 Antiatem,
399 2744 686 2792 terroremque
718 2751 802 2776 non
838 2737 882 2776 in
916 2737 1095 2792 primam
1129 2743 1296 2777 tantum
1330 2737 1480 2787 aciem,
1503 2735 1574 2777 sed

151 2791 282 2835 etiam
300 2792 352 2834 ad
373 2793 649 2834 subsidiarios
672 2792 896 2850 perlatum.
920 2807 998 2834 nec
1015 2793 1078 2834 vis
1096 2802 1260 2834 tantum
1279 2793 1462 2836 militum
1485 2806 1577 2835 mos·

423 2872 704 2913 33⁴⁵Resistentes]
737 2871 924 2904 Identidem
953 2874 1109 2905 sistentes
1123 2873 1276 2914 gradum.

743 2928 771 2957 A
794 2930 818 2956 a
839 2921 863 2958 8
