<?xml version="1.0" encoding="UTF-8"?>
<!DOCTYPE html PUBLIC "-//W3C//DTD XHTML 1.0 Transitional//EN"
    "http://www.w3.org/TR/xhtml1/DTD/xhtml1-transitional.dtd">
<html xmlns="http://www.w3.org/1999/xhtml" xml:lang="en" lang="en">
 <head>
  <title>
</title>
<meta http-equiv="Content-Type" content="text/html;charset=utf-8" />
  <meta name='ocr-system' content='tesseract 3.04.00' />
  <meta name='ocr-capabilities' content='ocr_page ocr_carea ocr_par ocr_line ocrx_word'/>
</head>
<body>
  <div class='ocr_page' id='page_1' title='image "./historiarumaburb01livyuoft_0137.png"; bbox 0 0 1969 3239; ppageno 0'>
   <div class='ocr_carea' id='block_1_1' title="bbox 0 2338 58 3239">
    <p class='ocr_par' dir='ltr' id='par_1_1' title="bbox 0 2338 58 3239">
     <span class='ocr_line' id='line_1_1' title="bbox 0 2338 58 3239; baseline 0 0"><span class='ocrx_word' id='word_1_1' title='bbox 0 2338 58 3239; x_wconf 95' lang='lat' dir='ltr'> </span> 
     </span>
    </p>
   </div>
   <div class='ocr_carea' id='block_1_2' title="bbox 630 74 1600 117">
    <p class='ocr_par' dir='ltr' id='par_1_2' title="bbox 630 74 1600 117">
     <span class='ocr_line' id='line_1_2' title="bbox 630 74 1600 117; baseline -0.004 -1"><span class='ocrx_word' id='word_1_2' title='bbox 630 78 752 117; x_wconf 88' lang='lat' dir='ltr'>LIB.</span> <span class='ocrx_word' id='word_1_3' title='bbox 780 76 831 116; x_wconf 86' lang='grc' dir='ltr'>ΙΙ.</span> <span class='ocrx_word' id='word_1_4' title='bbox 868 75 996 113; x_wconf 82' lang='grc' dir='ltr'>ΟΑΡ.</span> <span class='ocrx_word' id='word_1_5' title='bbox 1024 74 1111 113; x_wconf 87' lang='lat' dir='ltr'>XL.</span> <span class='ocrx_word' id='word_1_6' title='bbox 1222 109 1226 113; x_wconf 86' lang='lat'>.</span> <span class='ocrx_word' id='word_1_7' title='bbox 1435 99 1439 104; x_wconf 89' lang='lat'><em>·</em></span> <span class='ocrx_word' id='word_1_8' title='bbox 1528 76 1600 112; x_wconf 70' lang='lat'>1⁶25</span> 
     </span>
    </p>
   </div>
   <div class='ocr_carea' id='block_1_3' title="bbox 152 177 1816 2412">
    <p class='ocr_par' dir='ltr' id='par_1_3' title="bbox 152 177 1816 1607">
     <span class='ocr_line' id='line_1_3' title="bbox 155 177 1797 236; baseline 0.001 -16"><span class='ocrx_word' id='word_1_9' title='bbox 155 178 232 220; x_wconf 87' lang='lat' dir='ltr'>tris</span> <span class='ocrx_word' id='word_1_10' title='bbox 262 179 429 236; x_wconf 82' lang='lat' dir='ltr'>positis,</span> <span class='ocrx_word' id='word_1_11' title='bbox 461 179 688 235; x_wconf 81' lang='lat' dir='ltr'>populatur</span> <span class='ocrx_word' id='word_1_12' title='bbox 717 178 816 220; x_wconf 88' lang='lat' dir='ltr'>inde</span> <span class='ocrx_word' id='word_1_13' title='bbox 847 191 997 233; x_wconf 80' lang='lat' dir='ltr'>agrum</span> <span class='ocrx_word' id='word_1_14' title='bbox 1033 177 1304 227; x_wconf 66' lang='lat' dir='ltr'>Romanumg</span> <span class='ocrx_word' id='word_1_15' title='bbox 1345 177 1599 218; x_wconf 85' lang='lat' dir='ltr'><strong>custodibus</strong></span> <span class='ocrx_word' id='word_1_16' title='bbox 1614 191 1797 222; x_wconf 62' lang='lat' dir='ltr'>munes.</span> 
     </span>
     <span class='ocr_line' id='line_1_4' title="bbox 154 234 1796 294; baseline -0.002 -17"><span class='ocrx_word' id='word_1_17' title='bbox 154 236 264 278; x_wconf 87' lang='lat' dir='ltr'>inter</span> <span class='ocrx_word' id='word_1_18' title='bbox 286 237 557 294; x_wconf 85' lang='lat' dir='ltr'>populatores</span> <span class='ocrx_word' id='word_1_19' title='bbox 584 236 735 287; x_wconf 87' lang='lat' dir='ltr'>missis,</span> <span class='ocrx_word' id='word_1_20' title='bbox 756 235 827 289; x_wconf 87' lang='lat' dir='ltr'>qui</span> <span class='ocrx_word' id='word_1_21' title='bbox 852 235 1130 289; x_wconf 83' lang='lat' dir='ltr'>patriciorum</span> <span class='ocrx_word' id='word_1_22' title='bbox 1149 249 1274 290; x_wconf 84' lang='lat' dir='ltr'>agros</span> <span class='ocrx_word' id='word_1_23' title='bbox 1298 234 1483 275; x_wconf 82' lang='lat' dir='ltr'>intactos</span> <span class='ocrx_word' id='word_1_24' title='bbox 1515 250 1600 275; x_wconf 84' lang='lat' dir='ltr'>ser-</span> <span class='ocrx_word' id='word_1_25' title='bbox 1614 236 1654 265; x_wconf 88' lang='lat' dir='ltr'>A.</span> <span class='ocrx_word' id='word_1_26' title='bbox 1669 237 1796 267; x_wconf 56' lang='grc'>0489-</span> 
     </span>
     <span class='ocr_line' id='line_1_5' title="bbox 155 290 1602 348; baseline -0.001 -15"><span class='ocrx_word' id='word_1_27' title='bbox 155 303 333 336; x_wconf 84' lang='lat' dir='ltr'>varent:</span> <span class='ocrx_word' id='word_1_28' title='bbox 373 295 461 335; x_wconf 85' lang='lat' dir='ltr'>sive</span> <span class='ocrx_word' id='word_1_29' title='bbox 494 293 682 335; x_wconf 85' lang='lat' dir='ltr'>infensus</span> <span class='ocrx_word' id='word_1_30' title='bbox 720 291 833 348; x_wconf 87' lang='lat' dir='ltr'>plebi</span> <span class='ocrx_word' id='word_1_31' title='bbox 867 292 1018 348; x_wconf 78' lang='lat' dir='ltr'>magiS‚</span> <span class='ocrx_word' id='word_1_32' title='bbox 1051 292 1140 332; x_wconf 83' lang='lat' dir='ltr'>sive</span> <span class='ocrx_word' id='word_1_33' title='bbox 1178 300 1226 332; x_wconf 90' lang='lat' dir='ltr'>ut</span> <span class='ocrx_word' id='word_1_34' title='bbox 1256 290 1467 331; x_wconf 85' lang='lat' dir='ltr'>discordia</span> <span class='ocrx_word' id='word_1_35' title='bbox 1503 291 1602 332; x_wconf 88' lang='lat' dir='ltr'>inde</span> 
     </span>
     <span class='ocr_line' id='line_1_6' title="bbox 154 347 1601 408; baseline -0.002 -18"><span class='ocrx_word' id='word_1_36' title='bbox 154 350 266 392; x_wconf 87' lang='lat' dir='ltr'>inter</span> <span class='ocrx_word' id='word_1_37' title='bbox 294 351 441 392; x_wconf 82' lang='lat' dir='ltr'>Patres</span> <span class='ocrx_word' id='word_1_38' title='bbox 464 352 716 408; x_wconf 85' lang='lat' dir='ltr'>plebemque</span> <span class='ocrx_word' id='word_1_39' title='bbox 747 350 940 390; x_wconf 88' lang='lat' dir='ltr'>oriretur.</span> <span class='ocrx_word' id='word_1_40' title='bbox 1001 348 1113 394; x_wconf 80' lang='lat' dir='ltr'>Quae</span> <span class='ocrx_word' id='word_1_41' title='bbox 1145 347 1339 404; x_wconf 84' lang='lat' dir='ltr'>profecto</span> <span class='ocrx_word' id='word_1_42' title='bbox 1363 357 1457 388; x_wconf 83' lang='lat' dir='ltr'>orta</span> <span class='ocrx_word' id='word_1_43' title='bbox 1478 359 1601 399; x_wconf 84' lang='lat' dir='ltr'>esset,</span> 
     </span>
     <span class='ocr_line' id='line_1_7' title="bbox 157 405 1602 464; baseline -0.001 -16"><span class='ocrx_word' id='word_1_44' title='bbox 157 409 264 449; x_wconf 83' lang='lat' dir='ltr'>adeo</span> <span class='ocrx_word' id='word_1_45' title='bbox 289 409 447 450; x_wconf 88' lang='lat' dir='ltr'>tribuni</span> <span class='ocrx_word' id='word_1_46' title='bbox 472 409 563 464; x_wconf 87' lang='lat' dir='ltr'>jam</span> <span class='ocrx_word' id='word_1_47' title='bbox 590 406 775 448; x_wconf 88' lang='lat' dir='ltr'>ferocem</span> <span class='ocrx_word' id='word_1_48' title='bbox 800 420 874 461; x_wconf 90' lang='lat' dir='ltr'>per</span> <span class='ocrx_word' id='word_1_49' title='bbox 899 420 942 446; x_wconf 88' lang='lat' dir='ltr'>se</span> <span class='ocrx_word' id='word_1_50' title='bbox 967 405 1133 460; x_wconf 79' lang='lat' dir='ltr'>plebem</span> <span class='ocrx_word' id='word_1_51' title='bbox 1162 405 1427 446; x_wconf 80' lang='lat' dir='ltr'>criminando</span> <span class='ocrx_word' id='word_1_52' title='bbox 1452 405 1491 444; x_wconf 88' lang='lat' dir='ltr'>in</span> <span class='ocrx_word' id='word_1_53' title='bbox 1519 406 1602 460; x_wconf 89' lang='lat' dir='ltr'>pri-</span> 
     </span>
     <span class='ocr_line' id='line_1_8' title="bbox 156 462 1602 520; baseline -0.002 -14"><span class='ocrx_word' id='word_1_54' title='bbox 156 480 296 506; x_wconf 87' lang='lat' dir='ltr'>mores</span> <span class='ocrx_word' id='word_1_55' title='bbox 327 466 514 506; x_wconf 85' lang='lat' dir='ltr'>civitatis</span> <span class='ocrx_word' id='word_1_56' title='bbox 542 464 819 520; x_wconf 77' lang='lat' dir='ltr'>instigabant.</span> <span class='ocrx_word' id='word_1_57' title='bbox 859 463 930 503; x_wconf 88' lang='lat' dir='ltr'>sed</span> <span class='ocrx_word' id='word_1_58' title='bbox 961 473 1164 504; x_wconf 80' lang='lat' dir='ltr'>externus</span> <span class='ocrx_word' id='word_1_59' title='bbox 1194 463 1334 513; x_wconf 88' lang='lat' dir='ltr'>timor,</span> <span class='ocrx_word' id='word_1_60' title='bbox 1366 462 1602 503; x_wconf 85' lang='lat' dir='ltr'>maximum</span> 
     </span>
     <span class='ocr_line' id='line_1_9' title="bbox 158 519 1604 575; baseline -0.001 -13"><span class='ocrx_word' id='word_1_61' title='bbox 158 523 404 564; x_wconf 82' lang='lat' dir='ltr'>concordiae</span> <span class='ocrx_word' id='word_1_62' title='bbox 439 521 671 572; x_wconf 87' lang='lat' dir='ltr'>vinculum,</span> <span class='ocrx_word' id='word_1_63' title='bbox 699 521 892 575; x_wconf 81' lang='lat' dir='ltr'>quamvis</span> <span class='ocrx_word' id='word_1_64' title='bbox 925 531 1145 575; x_wconf 81' lang='lat' dir='ltr'>suspectos</span> <span class='ocrx_word' id='word_1_65' title='bbox 1180 520 1455 574; x_wconf 82' lang='lat' dir='ltr'>infensosque</span> <span class='ocrx_word' id='word_1_66' title='bbox 1493 519 1604 560; x_wconf 82' lang='lat' dir='ltr'>inter</span> 
     </span>
     <span class='ocr_line' id='line_1_10' title="bbox 158 577 1604 636; baseline -0.003 -16"><span class='ocrx_word' id='word_1_67' title='bbox 158 594 203 620; x_wconf 79' lang='lat' dir='ltr'>se</span> <span class='ocrx_word' id='word_1_68' title='bbox 219 580 434 636; x_wconf 82' lang='lat' dir='ltr'>jungebat</span> <span class='ocrx_word' id='word_1_69' title='bbox 455 580 633 620; x_wconf 88' lang='lat' dir='ltr'>animos.</span> <span class='ocrx_word' id='word_1_70' title='bbox 674 577 724 619; x_wconf 86' lang='lat' dir='ltr'>Id</span> <span class='ocrx_word' id='word_1_71' title='bbox 747 578 876 618; x_wconf 90' lang='lat' dir='ltr'>modo</span> <span class='ocrx_word' id='word_1_72' title='bbox 898 592 984 619; x_wconf 89' lang='lat' dir='ltr'>non</span> <span class='ocrx_word' id='word_1_73' title='bbox 1008 577 1317 628; x_wconf 78' lang='lat' dir='ltr'>conveniebat3</span> <span class='ocrx_word' id='word_1_74' title='bbox 1344 577 1459 631; x_wconf 90' lang='lat' dir='ltr'>quod</span> <span class='ocrx_word' id='word_1_75' title='bbox 1483 590 1604 617; x_wconf 85' lang='lat' dir='ltr'>sena-</span> 
     </span>
     <span class='ocr_line' id='line_1_11' title="bbox 159 634 1604 691; baseline -0.003 -14"><span class='ocrx_word' id='word_1_76' title='bbox 159 646 226 677; x_wconf 86' lang='lat' dir='ltr'>tus</span> <span class='ocrx_word' id='word_1_77' title='bbox 257 635 534 691; x_wconf 79' lang='lat' dir='ltr'>consulesque</span> <span class='ocrx_word' id='word_1_78' title='bbox 557 650 769 691; x_wconf 83' lang='lat' dir='ltr'>nusquam</span> <span class='ocrx_word' id='word_1_79' title='bbox 798 635 898 676; x_wconf 84' lang='lat' dir='ltr'>alibi</span> <span class='ocrx_word' id='word_1_80' title='bbox 924 650 1057 691; x_wconf 87' lang='lat' dir='ltr'>spem,</span> <span class='ocrx_word' id='word_1_81' title='bbox 1080 649 1208 690; x_wconf 87' lang='lat' dir='ltr'>quam</span> <span class='ocrx_word' id='word_1_82' title='bbox 1239 635 1282 674; x_wconf 90' lang='lat' dir='ltr'>in</span> <span class='ocrx_word' id='word_1_83' title='bbox 1306 634 1446 684; x_wconf 85' lang='lat' dir='ltr'>armis,</span> <span class='ocrx_word' id='word_1_84' title='bbox 1473 648 1604 689; x_wconf 89' lang='lat' dir='ltr'>pone-</span> 
     </span>
     <span class='ocr_line' id='line_1_12' title="bbox 159 690 1803 749; baseline -0.002 -14"><span class='ocrx_word' id='word_1_85' title='bbox 159 694 287 735; x_wconf 84' lang='lat' dir='ltr'>bant:</span> <span class='ocrx_word' id='word_1_86' title='bbox 326 693 470 749; x_wconf 90' lang='lat' dir='ltr'>plebes</span> <span class='ocrx_word' id='word_1_87' title='bbox 492 694 651 744; x_wconf 84' lang='lat' dir='ltr'>omnia,</span> <span class='ocrx_word' id='word_1_88' title='bbox 673 707 802 748; x_wconf 82' lang='lat' dir='ltr'>quam</span> <span class='ocrx_word' id='word_1_89' title='bbox 834 692 1005 744; x_wconf 85' lang='lat' dir='ltr'>bellum,</span> <span class='ocrx_word' id='word_1_90' title='bbox 1028 693 1227 734; x_wconf 85' lang='lat' dir='ltr'>malebat.</span> <span class='ocrx_word' id='word_1_91' title='bbox 1265 694 1295 714; x_wconf 69' lang='lat'>2¹</span> <span class='ocrx_word' id='word_1_92' title='bbox 1318 692 1392 747; x_wconf 79' lang='lat' dir='ltr'>Sp.</span> <span class='ocrx_word' id='word_1_93' title='bbox 1418 690 1602 732; x_wconf 86' lang='lat' dir='ltr'>Nautius</span> <span class='ocrx_word' id='word_1_94' title='bbox 1618 703 1661 737; x_wconf 82' lang='lat' dir='ltr'>U,</span> <span class='ocrx_word' id='word_1_95' title='bbox 1675 705 1712 736; x_wconf 92' lang='lat' dir='ltr'>C.</span> <span class='ocrx_word' id='word_1_96' title='bbox 1728 709 1803 736; x_wconf 73' lang='lat'><strong>256.</strong></span> 
     </span>
     <span class='ocr_line' id='line_1_13' title="bbox 152 748 1798 806; baseline -0.002 -15"><span class='ocrx_word' id='word_1_97' title='bbox 152 750 247 806; x_wconf 77' lang='lat' dir='ltr'>jam</span> <span class='ocrx_word' id='word_1_98' title='bbox 278 758 321 791; x_wconf 87' lang='lat' dir='ltr'>et</span> <span class='ocrx_word' id='word_1_99' title='bbox 349 750 451 791; x_wconf 75' lang='lat' dir='ltr'>Sex,</span> <span class='ocrx_word' id='word_1_100' title='bbox 474 751 625 792; x_wconf 91' lang='lat' dir='ltr'>Furius</span> <span class='ocrx_word' id='word_1_101' title='bbox 647 749 842 791; x_wconf 87' lang='lat' dir='ltr'>consules</span> <span class='ocrx_word' id='word_1_102' title='bbox 871 761 1007 792; x_wconf 86' lang='lat' dir='ltr'>erant.</span> <span class='ocrx_word' id='word_1_103' title='bbox 1071 749 1155 790; x_wconf 87' lang='lat' dir='ltr'>Eos</span> <span class='ocrx_word' id='word_1_104' title='bbox 1179 758 1444 790; x_wconf 84' lang='lat' dir='ltr'>recensentes</span> <span class='ocrx_word' id='word_1_105' title='bbox 1468 748 1603 804; x_wconf 82' lang='lat' dir='ltr'>legio-</span> <span class='ocrx_word' id='word_1_106' title='bbox 1616 752 1655 780; x_wconf 85' lang='lat' dir='ltr'>A.</span> <span class='ocrx_word' id='word_1_107' title='bbox 1673 749 1798 800; x_wconf 68' lang='lat' dir='ltr'>C348‘?-</span> 
     </span>
     <span class='ocr_line' id='line_1_14' title="bbox 159 795 1816 867; baseline -0.002 -19"><span class='ocrx_word' id='word_1_108' title='bbox 159 822 248 858; x_wconf 88' lang='lat' dir='ltr'>nes,</span> <span class='ocrx_word' id='word_1_109' title='bbox 270 807 466 862; x_wconf 83' lang='lat' dir='ltr'>praesidia</span> <span class='ocrx_word' id='word_1_110' title='bbox 488 823 562 865; x_wconf 89' lang='lat' dir='ltr'>per</span> <span class='ocrx_word' id='word_1_111' title='bbox 584 823 726 849; x_wconf 90' lang='lat' dir='ltr'>muros</span> <span class='ocrx_word' id='word_1_112' title='bbox 749 807 929 863; x_wconf 84' lang='lat' dir='ltr'>aliaque,</span> <span class='ocrx_word' id='word_1_113' title='bbox 947 808 988 848; x_wconf 92' lang='lat' dir='ltr'>in</span> <span class='ocrx_word' id='word_1_114' title='bbox 1012 808 1168 862; x_wconf 91' lang='lat' dir='ltr'>quibus</span> <span class='ocrx_word' id='word_1_115' title='bbox 1189 807 1395 847; x_wconf 87' lang='lat' dir='ltr'>stationes</span> <span class='ocrx_word' id='word_1_116' title='bbox 1419 806 1603 861; x_wconf 81' lang='lat' dir='ltr'>vigilias·</span> <span class='ocrx_word' id='word_1_117' title='bbox 1617 795 1676 867; x_wconf 35' lang='lat' dir='ltr'>{E}</span> <span class='ocrx_word' id='word_1_118' title='bbox 1686 795 1816 866; x_wconf 40' lang='lat' dir='ltr'>{iffi}</span> 
     </span>
     <span class='ocr_line' id='line_1_15' title="bbox 158 860 1704 920; baseline -0.001 -16"><span class='ocrx_word' id='word_1_119' title='bbox 158 878 242 920; x_wconf 91' lang='lat' dir='ltr'>que</span> <span class='ocrx_word' id='word_1_120' title='bbox 283 879 373 905; x_wconf 87' lang='lat' dir='ltr'>esse</span> <span class='ocrx_word' id='word_1_121' title='bbox 414 865 647 920; x_wconf 80' lang='lat' dir='ltr'>placuerat,</span> <span class='ocrx_word' id='word_1_122' title='bbox 688 865 786 906; x_wconf 86' lang='lat' dir='ltr'>loca</span> <span class='ocrx_word' id='word_1_123' title='bbox 826 865 1142 915; x_wconf 87' lang='lat' dir='ltr'>distribuentes,</span> <span class='ocrx_word' id='word_1_124' title='bbox 1183 863 1412 904; x_wconf 84' lang='lat' dir='ltr'>multitudo</span> <span class='ocrx_word' id='word_1_125' title='bbox 1452 860 1704 919; x_wconf 61' lang='lat' dir='ltr'>ingensco‘sg,</span> 
     </span>
     <span class='ocr_line' id='line_1_16' title="bbox 156 921 1604 978; baseline 0 -18"><span class='ocrx_word' id='word_1_126' title='bbox 156 935 309 977; x_wconf 85' lang='lat' dir='ltr'>pacem</span> <span class='ocrx_word' id='word_1_127' title='bbox 348 924 618 977; x_wconf 83' lang='lat' dir='ltr'>poscentium</span> <span class='ocrx_word' id='word_1_128' title='bbox 659 923 845 978; x_wconf 89' lang='lat' dir='ltr'>primum</span> <span class='ocrx_word' id='word_1_129' title='bbox 890 922 1091 963; x_wconf 89' lang='lat' dir='ltr'>seditioso</span> <span class='ocrx_word' id='word_1_130' title='bbox 1131 921 1315 962; x_wconf 88' lang='lat' dir='ltr'>clamore</span> <span class='ocrx_word' id='word_1_131' title='bbox 1355 921 1604 962; x_wconf 88' lang='lat' dir='ltr'>conterruit.</span> 
     </span>
     <span class='ocr_line' id='line_1_17' title="bbox 158 977 1606 1035; baseline -0.001 -16"><span class='ocrx_word' id='word_1_132' title='bbox 158 979 312 1020; x_wconf 86' lang='lat' dir='ltr'>deinde</span> <span class='ocrx_word' id='word_1_133' title='bbox 345 995 498 1022; x_wconf 80' lang='lat' dir='ltr'>vocare</span> <span class='ocrx_word' id='word_1_134' title='bbox 530 990 739 1032; x_wconf 87' lang='lat' dir='ltr'>senatum,</span> <span class='ocrx_word' id='word_1_135' title='bbox 762 979 915 1020; x_wconf 89' lang='lat' dir='ltr'>referre</span> <span class='ocrx_word' id='word_1_136' title='bbox 948 979 1002 1020; x_wconf 92' lang='lat' dir='ltr'>de</span> <span class='ocrx_word' id='word_1_137' title='bbox 1033 979 1185 1035; x_wconf 82' lang='lat' dir='ltr'>legatis</span> <span class='ocrx_word' id='word_1_138' title='bbox 1219 978 1272 1019; x_wconf 90' lang='lat' dir='ltr'>ad</span> <span class='ocrx_word' id='word_1_139' title='bbox 1304 977 1356 1019; x_wconf 88' lang='lat' dir='ltr'>C.</span> <span class='ocrx_word' id='word_1_140' title='bbox 1388 977 1606 1018; x_wconf 87' lang='lat' dir='ltr'>Marcium</span> 
     </span>
     <span class='ocr_line' id='line_1_18' title="bbox 157 1035 1603 1094; baseline -0.001 -18"><span class='ocrx_word' id='word_1_141' title='bbox 157 1036 377 1077; x_wconf 85' lang='lat' dir='ltr'>mittendis</span> <span class='ocrx_word' id='word_1_142' title='bbox 399 1038 557 1094; x_wconf 83' lang='lat' dir='ltr'>coegit.</span> <span class='ocrx_word' id='word_1_143' title='bbox 610 1038 887 1093; x_wconf 86' lang='lat' dir='ltr'>Acceperunt</span> <span class='ocrx_word' id='word_1_144' title='bbox 908 1036 1155 1078; x_wconf 84' lang='lat' dir='ltr'>relationem</span> <span class='ocrx_word' id='word_1_145' title='bbox 1178 1035 1350 1087; x_wconf 79' lang='lat' dir='ltr'>Patres3</span> <span class='ocrx_word' id='word_1_146' title='bbox 1378 1044 1603 1091; x_wconf 86' lang='lat' dir='ltr'>postquam</span> 
     </span>
     <span class='ocr_line' id='line_1_19' title="bbox 159 1092 1802 1151; baseline -0.001 -18"><span class='ocrx_word' id='word_1_147' title='bbox 159 1093 371 1149; x_wconf 77' lang='lat' dir='ltr'>adparuit,</span> <span class='ocrx_word' id='word_1_148' title='bbox 391 1094 533 1136; x_wconf 87' lang='lat' dir='ltr'>labare</span> <span class='ocrx_word' id='word_1_149' title='bbox 567 1095 702 1151; x_wconf 86' lang='lat' dir='ltr'>plebis</span> <span class='ocrx_word' id='word_1_150' title='bbox 735 1095 924 1145; x_wconf 85' lang='lat' dir='ltr'>animos;</span> <span class='ocrx_word' id='word_1_151' title='bbox 961 1094 1162 1149; x_wconf 85' lang='lat' dir='ltr'>missique</span> <span class='ocrx_word' id='word_1_152' title='bbox 1195 1094 1248 1134; x_wconf 90' lang='lat' dir='ltr'>de</span> <span class='ocrx_word' id='word_1_153' title='bbox 1272 1107 1376 1148; x_wconf 88' lang='lat' dir='ltr'>pace</span> <span class='ocrx_word' id='word_1_154' title='bbox 1404 1092 1454 1133; x_wconf 86' lang='lat' dir='ltr'>ad</span> <span class='ocrx_word' id='word_1_155' title='bbox 1485 1092 1605 1132; x_wconf 84' lang='lat' dir='ltr'>Mar-</span> <span class='ocrx_word' id='word_1_156' title='bbox 1620 1108 1802 1147; x_wconf 74' lang='lat' dir='ltr'>Legationes</span> 
     </span>
     <span class='ocr_line' id='line_1_20' title="bbox 161 1148 1810 1208; baseline -0.001 -18"><span class='ocrx_word' id='word_1_157' title='bbox 161 1151 275 1191; x_wconf 85' lang='lat' dir='ltr'>cium</span> <span class='ocrx_word' id='word_1_158' title='bbox 304 1160 490 1193; x_wconf 85' lang='lat' dir='ltr'>oratores</span> <span class='ocrx_word' id='word_1_159' title='bbox 513 1162 635 1194; x_wconf 82' lang='lat' dir='ltr'>atrox</span> <span class='ocrx_word' id='word_1_160' title='bbox 661 1166 911 1208; x_wconf 88' lang='lat' dir='ltr'>responsum</span> <span class='ocrx_word' id='word_1_161' title='bbox 945 1152 1204 1193; x_wconf 88' lang='lat' dir='ltr'>retulerunt:</span> <span class='ocrx_word' id='word_1_162' title='bbox 1247 1150 1294 1191; x_wconf 77' lang='lat' dir='ltr'>Si</span> <span class='ocrx_word' id='word_1_163' title='bbox 1327 1148 1481 1190; x_wconf 75' lang='lat' dir='ltr'>Volscis</span> <span class='ocrx_word' id='word_1_164' title='bbox 1509 1164 1607 1205; x_wconf 83' lang='lat' dir='ltr'>ager</span> <span class='ocrx_word' id='word_1_165' title='bbox 1620 1153 1755 1207; x_wconf 25' lang='lat' dir='ltr'>viru-rum</span> <span class='ocrx_word' id='word_1_166' title='bbox 1773 1151 1810 1182; x_wconf 74' lang='lat' dir='ltr'>ad</span> 
     </span>
     <span class='ocr_line' id='line_1_21' title="bbox 160 1196 1758 1268; baseline 0 -20"><span class='ocrx_word' id='word_1_167' title='bbox 160 1207 406 1261; x_wconf 72' lang='lat' dir='ltr'>redderetur,</span> <span class='ocrx_word' id='word_1_168' title='bbox 428 1225 540 1266; x_wconf 77' lang='lat' dir='ltr'>posse</span> <span class='ocrx_word' id='word_1_169' title='bbox 571 1209 641 1266; x_wconf 79' lang='lat' dir='ltr'>agi</span> <span class='ocrx_word' id='word_1_170' title='bbox 669 1209 718 1251; x_wconf 85' lang='lat' dir='ltr'>de</span> <span class='ocrx_word' id='word_1_171' title='bbox 740 1224 867 1264; x_wconf 81' lang='lat' dir='ltr'>pace.-</span> <span class='ocrx_word' id='word_1_172' title='bbox 900 1208 938 1250; x_wconf 75' lang='lat' dir='ltr'>si</span> <span class='ocrx_word' id='word_1_173' title='bbox 964 1209 1105 1264; x_wconf 65' lang='lat' dir='ltr'>praeda</span> <span class='ocrx_word' id='word_1_174' title='bbox 1142 1207 1237 1249; x_wconf 75' lang='lat' dir='ltr'>belli</span> <span class='ocrx_word' id='word_1_175' title='bbox 1264 1222 1339 1263; x_wconf 83' lang='lat' dir='ltr'>per</span> <span class='ocrx_word' id='word_1_176' title='bbox 1366 1206 1491 1248; x_wconf 67' lang='lat' dir='ltr'>otiam</span> <span class='ocrx_word' id='word_1_177' title='bbox 1507 1206 1608 1262; x_wconf 79' lang='lat' dir='ltr'>frui</span> <span class='ocrx_word' id='word_1_178' title='bbox 1620 1196 1758 1268; x_wconf 46' lang='grc' dir='ltr'>ἓξὲξ)ιῶ</span> 
     </span>
     <span class='ocr_line' id='line_1_22' title="bbox 158 1261 1706 1322; baseline -0.001 -17"><span class='ocrx_word' id='word_1_179' title='bbox 158 1265 299 1316; x_wconf 64' lang='lat' dir='ltr'>velint,</span> <span class='ocrx_word' id='word_1_180' title='bbox 332 1281 538 1309; x_wconf 81' lang='lat' dir='ltr'>memorem</span> <span class='ocrx_word' id='word_1_181' title='bbox 577 1281 617 1308; x_wconf 83' lang='lat' dir='ltr'>se</span> <span class='ocrx_word' id='word_1_182' title='bbox 647 1274 683 1308; x_wconf 77' lang='lat' dir='ltr'>et</span> <span class='ocrx_word' id='word_1_183' title='bbox 715 1267 864 1308; x_wconf 74' lang='lat' dir='ltr'>civium</span> <span class='ocrx_word' id='word_1_184' title='bbox 898 1266 1073 1322; x_wconf 67' lang='lat' dir='ltr'>injecriae,</span> <span class='ocrx_word' id='word_1_185' title='bbox 1106 1273 1143 1306; x_wconf 76' lang='lat' dir='ltr'>et</span> <span class='ocrx_word' id='word_1_186' title='bbox 1178 1264 1378 1320; x_wconf 75' lang='lat' dir='ltr'>hospitum</span> <span class='ocrx_word' id='word_1_187' title='bbox 1417 1264 1607 1319; x_wconf 65' lang='lat' dir='ltr'>benqfi&#39;cii,</span> <span class='ocrx_word' id='word_1_188' title='bbox 1700 1261 1706 1269; x_wconf 84' lang='grc'><em>“</em></span> 
     </span>
     <span class='ocr_line' id='line_1_23' title="bbox 160 1320 1607 1380; baseline -0.001 -18"><span class='ocrx_word' id='word_1_189' title='bbox 160 1322 413 1376; x_wconf 77' lang='lat' dir='ltr'>adnisurum,</span> <span class='ocrx_word' id='word_1_190' title='bbox 434 1333 479 1366; x_wconf 78' lang='lat' dir='ltr'>ut</span> <span class='ocrx_word' id='word_1_191' title='bbox 511 1324 706 1380; x_wconf 76' lang='lat' dir='ltr'>adpareat</span> <span class='ocrx_word' id='word_1_192' title='bbox 734 1323 871 1365; x_wconf 65' lang='lat' dir='ltr'>exsilio</span> <span class='ocrx_word' id='word_1_193' title='bbox 894 1324 972 1364; x_wconf 75' lang='lat' dir='ltr'>sibi</span> <span class='ocrx_word' id='word_1_194' title='bbox 1003 1324 1201 1377; x_wconf 50' lang='lat' dir='ltr'>irritato&amp;</span> <span class='ocrx_word' id='word_1_195' title='bbox 1220 1337 1298 1363; x_wconf 73' lang='lat' dir='ltr'>vnon</span> <span class='ocrx_word' id='word_1_196' title='bbox 1315 1320 1494 1378; x_wconf 78' lang='lat' dir='ltr'>fractos,</span> <span class='ocrx_word' id='word_1_197' title='bbox 1516 1321 1607 1362; x_wconf 72' lang='lat' dir='ltr'>cmi-</span> 
     </span>
     <span class='ocr_line' id='line_1_24' title="bbox 161 1379 1608 1434; baseline -0.001 -14"><span class='ocrx_word' id='word_1_198' title='bbox 161 1394 243 1420; x_wconf 83' lang='lat' dir='ltr'>mos</span> <span class='ocrx_word' id='word_1_199' title='bbox 282 1395 372 1421; x_wconf 80' lang='lat' dir='ltr'>esse.</span> <span class='ocrx_word' id='word_1_200' title='bbox 444 1382 607 1423; x_wconf 84' lang='lat' dir='ltr'>Iterum</span> <span class='ocrx_word' id='word_1_201' title='bbox 648 1381 801 1423; x_wconf 82' lang='lat' dir='ltr'>deinde</span> <span class='ocrx_word' id='word_1_202' title='bbox 841 1381 968 1422; x_wconf 85' lang='lat' dir='ltr'>iidem</span> <span class='ocrx_word' id='word_1_203' title='bbox 1000 1381 1116 1421; x_wconf 86' lang='lat' dir='ltr'>missi</span> <span class='ocrx_word' id='word_1_204' title='bbox 1150 1394 1238 1421; x_wconf 87' lang='lat' dir='ltr'>non</span> <span class='ocrx_word' id='word_1_205' title='bbox 1266 1379 1531 1434; x_wconf 85' lang='lat' dir='ltr'>recipiuntur</span> <span class='ocrx_word' id='word_1_206' title='bbox 1563 1379 1608 1419; x_wconf 87' lang='lat' dir='ltr'>in</span> 
     </span>
     <span class='ocr_line' id='line_1_25' title="bbox 164 1435 1611 1494; baseline 0.001 -18"><span class='ocrx_word' id='word_1_207' title='bbox 164 1449 315 1478; x_wconf 85' lang='lat' dir='ltr'>castra.</span> <span class='ocrx_word' id='word_1_208' title='bbox 386 1438 637 1480; x_wconf 82' lang='lat' dir='ltr'>Sacerdotes</span> <span class='ocrx_word' id='word_1_209' title='bbox 681 1452 866 1494; x_wconf 84' lang='lat' dir='ltr'>quoque,</span> <span class='ocrx_word' id='word_1_210' title='bbox 911 1438 994 1478; x_wconf 87' lang='lat' dir='ltr'>suis</span> <span class='ocrx_word' id='word_1_211' title='bbox 1037 1438 1274 1493; x_wconf 81' lang='lat' dir='ltr'>insignibus</span> <span class='ocrx_word' id='word_1_212' title='bbox 1315 1435 1492 1487; x_wconf 74' lang='lat' dir='ltr'>velatos,</span> <span class='ocrx_word' id='word_1_213' title='bbox 1529 1435 1611 1477; x_wconf 86' lang='lat' dir='ltr'>isse</span> 
     </span>
     <span class='ocr_line' id='line_1_26' title="bbox 163 1492 1610 1550; baseline -0.001 -16"><span class='ocrx_word' id='word_1_214' title='bbox 163 1494 375 1550; x_wconf 86' lang='lat' dir='ltr'>supplices</span> <span class='ocrx_word' id='word_1_215' title='bbox 406 1497 458 1537; x_wconf 88' lang='lat' dir='ltr'>ad</span> <span class='ocrx_word' id='word_1_216' title='bbox 496 1506 633 1537; x_wconf 80' lang='lat' dir='ltr'>castra</span> <span class='ocrx_word' id='word_1_217' title='bbox 666 1496 873 1547; x_wconf 87' lang='lat' dir='ltr'>hostium,</span> <span class='ocrx_word' id='word_1_218' title='bbox 906 1498 938 1518; x_wconf 67' lang='lat'>‘³⁵³</span> <span class='ocrx_word' id='word_1_219' title='bbox 956 1495 1159 1537; x_wconf 81' lang='lat' dir='ltr'>traditum</span> <span class='ocrx_word' id='word_1_220' title='bbox 1195 1504 1273 1545; x_wconf 88' lang='lat' dir='ltr'>est,</span> <span class='ocrx_word' id='word_1_221' title='bbox 1303 1492 1439 1534; x_wconf 87' lang='lat' dir='ltr'>nihilo</span> <span class='ocrx_word' id='word_1_222' title='bbox 1474 1494 1610 1549; x_wconf 83' lang='lat' dir='ltr'>magis</span> 
     </span>
     <span class='ocr_line' id='line_1_27' title="bbox 163 1551 900 1607; baseline 0.001 -16"><span class='ocrx_word' id='word_1_223' title='bbox 163 1566 292 1605; x_wconf 85' lang='lat' dir='ltr'>quam</span> <span class='ocrx_word' id='word_1_224' title='bbox 316 1551 479 1607; x_wconf 75' lang='lat' dir='ltr'>legatos</span> <span class='ocrx_word' id='word_1_225' title='bbox 502 1554 674 1594; x_wconf 80' lang='lat' dir='ltr'>flexisse</span> <span class='ocrx_word' id='word_1_226' title='bbox 695 1553 900 1593; x_wconf 84' lang='lat' dir='ltr'>animum.</span> 
     </span>
    </p>

    <p class='ocr_par' dir='ltr' id='par_1_4' title="bbox 160 1607 1791 2412">
     <span class='ocr_line' id='line_1_28' title="bbox 221 1607 1610 1660; baseline -0.001 -11"><span class='ocrx_word' id='word_1_227' title='bbox 221 1608 322 1649; x_wconf 91' lang='lat' dir='ltr'>XL.</span> <span class='ocrx_word' id='word_1_228' title='bbox 371 1609 481 1651; x_wconf 89' lang='lat' dir='ltr'>Tum</span> <span class='ocrx_word' id='word_1_229' title='bbox 525 1619 732 1651; x_wconf 84' lang='lat' dir='ltr'>matronae</span> <span class='ocrx_word' id='word_1_230' title='bbox 776 1610 829 1651; x_wconf 88' lang='lat' dir='ltr'>ad</span> <span class='ocrx_word' id='word_1_231' title='bbox 872 1609 1106 1660; x_wconf 87' lang='lat' dir='ltr'>Veturiam,</span> <span class='ocrx_word' id='word_1_232' title='bbox 1147 1618 1326 1649; x_wconf 86' lang='lat' dir='ltr'>matrem</span> <span class='ocrx_word' id='word_1_233' title='bbox 1373 1607 1610 1658; x_wconf 85' lang='lat' dir='ltr'>Coriolani,</span> 
     </span>
     <span class='ocr_line' id='line_1_29' title="bbox 160 1664 1610 1722; baseline 0 -18"><span class='ocrx_word' id='word_1_234' title='bbox 160 1664 522 1722; x_wconf 80' lang='lat' dir='ltr'>Volumniamque</span> <span class='ocrx_word' id='word_1_235' title='bbox 547 1682 722 1708; x_wconf 84' lang='lat' dir='ltr'>uxorem</span> <span class='ocrx_word' id='word_1_236' title='bbox 743 1666 986 1722; x_wconf 81' lang='lat' dir='ltr'>frequentes</span> <span class='ocrx_word' id='word_1_237' title='bbox 1006 1674 1175 1707; x_wconf 86' lang='lat' dir='ltr'>coeunt.</span> <span class='ocrx_word' id='word_1_238' title='bbox 1206 1666 1247 1707; x_wconf 92' lang='lat' dir='ltr'>id</span> <span class='ocrx_word' id='word_1_239' title='bbox 1268 1664 1486 1720; x_wconf 83' lang='lat' dir='ltr'>publicum</span> <span class='ocrx_word' id='word_1_240' title='bbox 1505 1679 1610 1705; x_wconf 85' lang='lat' dir='ltr'>con-</span> 
     </span>
     <span class='ocr_line' id='line_1_30' title="bbox 160 1722 1791 1780; baseline 0 -18"><span class='ocrx_word' id='word_1_241' title='bbox 160 1722 317 1774; x_wconf 86' lang='lat' dir='ltr'>silium,</span> <span class='ocrx_word' id='word_1_242' title='bbox 339 1739 394 1765; x_wconf 84' lang='lat' dir='ltr'>an</span> <span class='ocrx_word' id='word_1_243' title='bbox 416 1724 633 1766; x_wconf 83' lang='lat' dir='ltr'>muliebris</span> <span class='ocrx_word' id='word_1_244' title='bbox 657 1725 786 1765; x_wconf 87' lang='lat' dir='ltr'>timor</span> <span class='ocrx_word' id='word_1_245' title='bbox 807 1725 951 1775; x_wconf 85' lang='lat' dir='ltr'>fuerit,</span> <span class='ocrx_word' id='word_1_246' title='bbox 976 1739 1126 1780; x_wconf 82' lang='lat' dir='ltr'>parum</span> <span class='ocrx_word' id='word_1_247' title='bbox 1144 1723 1330 1764; x_wconf 86' lang='lat' dir='ltr'>invenio.</span> <span class='ocrx_word' id='word_1_248' title='bbox 1385 1722 1609 1764; x_wconf 86' lang='lat' dir='ltr'>Pervicere</span> <span class='ocrx_word' id='word_1_249' title='bbox 1623 1737 1791 1767; x_wconf 82' lang='lat' dir='ltr'>Mulierum</span> 
     </span>
     <span class='ocr_line' id='line_1_31' title="bbox 160 1779 1746 1838; baseline 0.001 -19"><span class='ocrx_word' id='word_1_250' title='bbox 160 1789 291 1831; x_wconf 84' lang='lat' dir='ltr'>certe,</span> <span class='ocrx_word' id='word_1_251' title='bbox 316 1792 361 1822; x_wconf 90' lang='lat' dir='ltr'>ut</span> <span class='ocrx_word' id='word_1_252' title='bbox 382 1792 425 1823; x_wconf 87' lang='lat' dir='ltr'>et</span> <span class='ocrx_word' id='word_1_253' title='bbox 456 1783 645 1833; x_wconf 87' lang='lat' dir='ltr'>Veturia,</span> <span class='ocrx_word' id='word_1_254' title='bbox 666 1797 827 1838; x_wconf 82' lang='lat' dir='ltr'>magno</span> <span class='ocrx_word' id='word_1_255' title='bbox 858 1792 958 1822; x_wconf 86' lang='lat' dir='ltr'>natu</span> <span class='ocrx_word' id='word_1_256' title='bbox 983 1781 1147 1833; x_wconf 87' lang='lat' dir='ltr'>mulier,</span> <span class='ocrx_word' id='word_1_257' title='bbox 1170 1790 1213 1821; x_wconf 90' lang='lat' dir='ltr'>et</span> <span class='ocrx_word' id='word_1_258' title='bbox 1235 1779 1479 1829; x_wconf 82' lang='lat' dir='ltr'>Volumnia,</span> <span class='ocrx_word' id='word_1_259' title='bbox 1502 1780 1608 1820; x_wconf 90' lang='lat' dir='ltr'>duos</span> <span class='ocrx_word' id='word_1_260' title='bbox 1621 1781 1746 1821; x_wconf 80' lang='lat' dir='ltr'>legatio.</span> 
     </span>
     <span class='ocr_line' id='line_1_32' title="bbox 160 1836 1610 1891; baseline 0.001 -14"><span class='ocrx_word' id='word_1_261' title='bbox 160 1851 315 1891; x_wconf 82' lang='lat' dir='ltr'>parvos</span> <span class='ocrx_word' id='word_1_262' title='bbox 349 1853 404 1880; x_wconf 81' lang='lat' dir='ltr'>ex</span> <span class='ocrx_word' id='word_1_263' title='bbox 443 1838 613 1881; x_wconf 74' lang='lat' dir='ltr'>Marcio</span> <span class='ocrx_word' id='word_1_264' title='bbox 648 1839 785 1881; x_wconf 88' lang='lat' dir='ltr'>ferens</span> <span class='ocrx_word' id='word_1_265' title='bbox 823 1839 932 1880; x_wconf 89' lang='lat' dir='ltr'>filios</span> <span class='ocrx_word' id='word_1_266' title='bbox 965 1854 1126 1889; x_wconf 85' lang='lat' dir='ltr'>secum,</span> <span class='ocrx_word' id='word_1_267' title='bbox 1162 1839 1207 1879; x_wconf 89' lang='lat' dir='ltr'>in</span> <span class='ocrx_word' id='word_1_268' title='bbox 1245 1847 1381 1878; x_wconf 81' lang='lat' dir='ltr'>castra</span> <span class='ocrx_word' id='word_1_269' title='bbox 1420 1836 1610 1878; x_wconf 85' lang='lat' dir='ltr'>hostium</span> 
     </span>
     <span class='ocr_line' id='line_1_33' title="bbox 160 1894 1610 1952; baseline 0.001 -19"><span class='ocrx_word' id='word_1_270' title='bbox 160 1894 293 1936; x_wconf 82' lang='lat' dir='ltr'>irent:</span> <span class='ocrx_word' id='word_1_271' title='bbox 331 1907 389 1947; x_wconf 85' lang='lat' dir='ltr'>et,</span> <span class='ocrx_word' id='word_1_272' title='bbox 422 1912 550 1952; x_wconf 82' lang='lat' dir='ltr'>quam</span> <span class='ocrx_word' id='word_1_273' title='bbox 583 1897 710 1938; x_wconf 85' lang='lat' dir='ltr'>armis</span> <span class='ocrx_word' id='word_1_274' title='bbox 743 1897 820 1938; x_wconf 62' lang='lat' dir='ltr'>viri</span> <span class='ocrx_word' id='word_1_275' title='bbox 853 1896 1082 1938; x_wconf 85' lang='lat' dir='ltr'>defendere</span> <span class='ocrx_word' id='word_1_276' title='bbox 1116 1896 1265 1936; x_wconf 87' lang='lat' dir='ltr'>urbem</span> <span class='ocrx_word' id='word_1_277' title='bbox 1301 1909 1386 1934; x_wconf 83' lang='lat' dir='ltr'>non</span> <span class='ocrx_word' id='word_1_278' title='bbox 1423 1903 1610 1948; x_wconf 86' lang='lat' dir='ltr'>possent,</span> 
     </span>
     <span class='ocr_line' id='line_1_34' title="bbox 161 1951 1612 2010; baseline 0.001 -21"><span class='ocrx_word' id='word_1_279' title='bbox 161 1951 357 1994; x_wconf 85' lang='lat' dir='ltr'>mulieres</span> <span class='ocrx_word' id='word_1_280' title='bbox 391 1955 583 2009; x_wconf 84' lang='lat' dir='ltr'>precibus</span> <span class='ocrx_word' id='word_1_281' title='bbox 617 1954 887 2010; x_wconf 85' lang='lat' dir='ltr'>lacrimisque</span> <span class='ocrx_word' id='word_1_282' title='bbox 916 1953 1208 1994; x_wconf 79' lang='lat' dir='ltr'>defenderent.</span> <span class='ocrx_word' id='word_1_283' title='bbox 1269 1951 1357 1992; x_wconf 89' lang='lat' dir='ltr'>Ubi</span> <span class='ocrx_word' id='word_1_284' title='bbox 1388 1951 1439 1991; x_wconf 88' lang='lat' dir='ltr'>ad</span> <span class='ocrx_word' id='word_1_285' title='bbox 1473 1961 1612 1992; x_wconf 84' lang='lat' dir='ltr'>castra</span> 
     </span>
     <span class='ocr_line' id='line_1_35' title="bbox 162 2008 1611 2067; baseline 0.001 -20"><span class='ocrx_word' id='word_1_286' title='bbox 162 2017 337 2050; x_wconf 87' lang='lat' dir='ltr'>ventum</span> <span class='ocrx_word' id='word_1_287' title='bbox 367 2022 444 2062; x_wconf 84' lang='lat' dir='ltr'>est,</span> <span class='ocrx_word' id='word_1_288' title='bbox 467 2012 807 2067; x_wconf 87' lang='lat' dir='ltr'>nunciatumque</span> <span class='ocrx_word' id='word_1_289' title='bbox 838 2011 1085 2061; x_wconf 85' lang='lat' dir='ltr'>Coriolano,</span> <span class='ocrx_word' id='word_1_290' title='bbox 1110 2011 1256 2051; x_wconf 84' lang='lat' dir='ltr'>adesse</span> <span class='ocrx_word' id='word_1_291' title='bbox 1286 2009 1437 2064; x_wconf 83' lang='lat' dir='ltr'>ingens</span> <span class='ocrx_word' id='word_1_292' title='bbox 1460 2008 1611 2049; x_wconf 87' lang='lat' dir='ltr'>mulie-</span> 
     </span>
     <span class='ocr_line' id='line_1_36' title="bbox 162 2065 1610 2124; baseline 0 -19"><span class='ocrx_word' id='word_1_293' title='bbox 162 2079 255 2106; x_wconf 85' lang='lat' dir='ltr'>rum</span> <span class='ocrx_word' id='word_1_294' title='bbox 278 2081 448 2122; x_wconf 83' lang='lat' dir='ltr'>agmen,</span> <span class='ocrx_word' id='word_1_295' title='bbox 470 2070 511 2110; x_wconf 88' lang='lat' dir='ltr'>in</span> <span class='ocrx_word' id='word_1_296' title='bbox 538 2070 676 2124; x_wconf 86' lang='lat' dir='ltr'>primo</span> <span class='ocrx_word' id='word_1_297' title='bbox 697 2075 764 2123; x_wconf 82' lang='lat' dir='ltr'>(ut</span> <span class='ocrx_word' id='word_1_298' title='bbox 785 2070 858 2124; x_wconf 90' lang='lat' dir='ltr'>qui</span> <span class='ocrx_word' id='word_1_299' title='bbox 883 2084 959 2110; x_wconf 91' lang='lat' dir='ltr'>nec</span> <span class='ocrx_word' id='word_1_300' title='bbox 985 2068 1154 2124; x_wconf 82' lang='lat' dir='ltr'>publica</span> <span class='ocrx_word' id='word_1_301' title='bbox 1177 2067 1400 2122; x_wconf 83' lang='lat' dir='ltr'>majestate</span> <span class='ocrx_word' id='word_1_302' title='bbox 1425 2065 1468 2105; x_wconf 88' lang='lat' dir='ltr'>in</span> <span class='ocrx_word' id='word_1_303' title='bbox 1491 2065 1610 2121; x_wconf 81' lang='lat' dir='ltr'>lega-</span> 
     </span>
     <span class='ocr_line' id='line_1_37' title="bbox 163 2122 1609 2177; baseline 0.001 -15"><span class='ocrx_word' id='word_1_304' title='bbox 163 2122 231 2172; x_wconf 79' lang='lat' dir='ltr'>tis,</span> <span class='ocrx_word' id='word_1_305' title='bbox 256 2126 399 2165; x_wconf 89' lang='lat' dir='ltr'>necin</span> <span class='ocrx_word' id='word_1_306' title='bbox 430 2127 722 2168; x_wconf 83' lang='lat' dir='ltr'>sacerdotibus</span> <span class='ocrx_word' id='word_1_307' title='bbox 752 2135 872 2167; x_wconf 81' lang='lat' dir='ltr'>tanta</span> <span class='ocrx_word' id='word_1_308' title='bbox 901 2125 1054 2166; x_wconf 85' lang='lat' dir='ltr'>obfusa</span> <span class='ocrx_word' id='word_1_309' title='bbox 1085 2125 1217 2166; x_wconf 86' lang='lat' dir='ltr'>oculis</span> <span class='ocrx_word' id='word_1_310' title='bbox 1252 2123 1483 2177; x_wconf 86' lang='lat' dir='ltr'>animoque</span> <span class='ocrx_word' id='word_1_311' title='bbox 1513 2123 1609 2164; x_wconf 87' lang='lat' dir='ltr'>reli-</span> 
     </span>
     <span class='ocr_line' id='line_1_38' title="bbox 163 2179 1610 2234; baseline 0 -15"><span class='ocrx_word' id='word_1_312' title='bbox 163 2179 293 2233; x_wconf 82' lang='lat' dir='ltr'>gione</span> <span class='ocrx_word' id='word_1_313' title='bbox 316 2192 456 2223; x_wconf 86' lang='lat' dir='ltr'>motus</span> <span class='ocrx_word' id='word_1_314' title='bbox 478 2186 606 2234; x_wconf 85' lang='lat' dir='ltr'>esset)</span> <span class='ocrx_word' id='word_1_315' title='bbox 634 2183 769 2225; x_wconf 86' lang='lat' dir='ltr'>multo</span> <span class='ocrx_word' id='word_1_316' title='bbox 799 2184 1057 2224; x_wconf 84' lang='lat' dir='ltr'>obstinatior</span> <span class='ocrx_word' id='word_1_317' title='bbox 1078 2183 1275 2223; x_wconf 83' lang='lat' dir='ltr'>adversus</span> <span class='ocrx_word' id='word_1_318' title='bbox 1300 2180 1491 2221; x_wconf 80' lang='lat' dir='ltr'>lacrimas</span> <span class='ocrx_word' id='word_1_319' title='bbox 1518 2195 1610 2220; x_wconf 87' lang='lat' dir='ltr'>mu-</span> 
     </span>
     <span class='ocr_line' id='line_1_39' title="bbox 161 2235 1610 2295; baseline 0.001 -19"><span class='ocrx_word' id='word_1_320' title='bbox 161 2235 317 2279; x_wconf 87' lang='lat' dir='ltr'>liebres</span> <span class='ocrx_word' id='word_1_321' title='bbox 339 2250 444 2280; x_wconf 82' lang='lat' dir='ltr'>erat.</span> <span class='ocrx_word' id='word_1_322' title='bbox 496 2240 606 2282; x_wconf 87' lang='lat' dir='ltr'>Dein</span> <span class='ocrx_word' id='word_1_323' title='bbox 630 2241 903 2282; x_wconf 87' lang='lat' dir='ltr'>familiarium</span> <span class='ocrx_word' id='word_1_324' title='bbox 928 2241 1119 2295; x_wconf 85' lang='lat' dir='ltr'>quidam,</span> <span class='ocrx_word' id='word_1_325' title='bbox 1140 2241 1214 2295; x_wconf 89' lang='lat' dir='ltr'>qui</span> <span class='ocrx_word' id='word_1_326' title='bbox 1239 2237 1452 2293; x_wconf 83' lang='lat' dir='ltr'>insignem</span> <span class='ocrx_word' id='word_1_327' title='bbox 1476 2252 1610 2278; x_wconf 84' lang='lat' dir='ltr'>moes-</span> 
     </span>
     <span class='ocr_line' id='line_1_40' title="bbox 163 2294 1609 2354; baseline 0.001 -22"><span class='ocrx_word' id='word_1_328' title='bbox 163 2294 261 2334; x_wconf 87' lang='lat' dir='ltr'>titia</span> <span class='ocrx_word' id='word_1_329' title='bbox 284 2297 393 2337; x_wconf 86' lang='lat' dir='ltr'>inter</span> <span class='ocrx_word' id='word_1_330' title='bbox 415 2305 577 2338; x_wconf 86' lang='lat' dir='ltr'>ceteras</span> <span class='ocrx_word' id='word_1_331' title='bbox 599 2309 864 2354; x_wconf 83' lang='lat' dir='ltr'>cognoverat</span> <span class='ocrx_word' id='word_1_332' title='bbox 884 2298 1122 2348; x_wconf 84' lang='lat' dir='ltr'>Veturiam,</span> <span class='ocrx_word' id='word_1_333' title='bbox 1144 2298 1256 2337; x_wconf 81' lang='lat' dir='ltr'>inter</span> <span class='ocrx_word' id='word_1_334' title='bbox 1288 2309 1442 2336; x_wconf 88' lang='lat' dir='ltr'>nurum</span> <span class='ocrx_word' id='word_1_335' title='bbox 1476 2309 1609 2350; x_wconf 89' lang='lat' dir='ltr'>nepo-</span> 
     </span>
     <span class='ocr_line' id='line_1_41' title="bbox 164 2351 1758 2412; baseline 0.001 -21"><span class='ocrx_word' id='word_1_336' title='bbox 164 2358 314 2406; x_wconf 85' lang='lat' dir='ltr'>tesque</span> <span class='ocrx_word' id='word_1_337' title='bbox 337 2363 536 2403; x_wconf 84' lang='lat' dir='ltr'>stantem,</span> <span class='ocrx_word' id='word_1_338' title='bbox 561 2353 656 2395; x_wconf 73' lang='lat' dir='ltr'>Nisi</span> <span class='ocrx_word' id='word_1_339' title='bbox 675 2370 736 2396; x_wconf 85' lang='lat' dir='ltr'>me</span> <span class='ocrx_word' id='word_1_340' title='bbox 751 2355 1032 2412; x_wconf 65' lang='lat' dir='ltr'>fi‘nstrantnr,</span> <span class='ocrx_word' id='word_1_341' title='bbox 1055 2355 1212 2409; x_wconf 85' lang='lat' dir='ltr'>inquit,</span> <span class='ocrx_word' id='word_1_342' title='bbox 1234 2351 1354 2402; x_wconf 72' lang='lat' dir='ltr'>oculi,</span> <span class='ocrx_word' id='word_1_343' title='bbox 1377 2357 1503 2392; x_wconf 76' lang='lat' dir='ltr'>mater</span> <span class='ocrx_word' id='word_1_344' title='bbox 1533 2351 1758 2401; x_wconf 64' lang='lat' dir='ltr'>tibiveturiae</span> 
     </span>
    </p>
   </div>
   <div class='ocr_carea' id='block_1_4' title="bbox 165 2409 1815 2494">
    <p class='ocr_par' dir='ltr' id='par_1_5' title="bbox 165 2409 1815 2494">
     <span class='ocr_line' id='line_1_42' title="bbox 165 2409 1815 2493; baseline -0.001 -45"><span class='ocrx_word' id='word_1_345' title='bbox 165 2409 463 2466; x_wconf 52' lang='lat' dir='ltr'>conjuxque&amp;</span> <span class='ocrx_word' id='word_1_346' title='bbox 504 2411 621 2452; x_wconf 78' lang='lat' dir='ltr'>liberi</span> <span class='ocrx_word' id='word_1_347' title='bbox 664 2411 823 2454; x_wconf 76' lang='lat' dir='ltr'>adsunt.</span> <span class='ocrx_word' id='word_1_348' title='bbox 897 2412 1165 2463; x_wconf 87' lang='lat' dir='ltr'>Coriolanus,</span> <span class='ocrx_word' id='word_1_349' title='bbox 1207 2423 1339 2466; x_wconf 85' lang='lat' dir='ltr'>prope</span> <span class='ocrx_word' id='word_1_350' title='bbox 1382 2417 1428 2468; x_wconf 79' lang='lat' dir='ltr'>ut</span> <span class='ocrx_word' id='word_1_351' title='bbox 1464 2416 1666 2487; x_wconf 46' lang='lat' dir='ltr'>ainensrrixtli1</span> <span class='ocrx_word' id='word_1_352' title='bbox 1669 2415 1815 2493; x_wconf 46' lang='lat' dir='ltr'>rfi‘iiiffi</span> 
     </span>
     <span class='ocr_line' id='line_1_43' title="bbox 1088 2469 1778 2494; baseline -0.001 -5"><span class='ocrx_word' id='word_1_353' title='bbox 1088 2487 1091 2489; x_wconf 87' lang='lat'>.</span> <span class='ocrx_word' id='word_1_354' title='bbox 1578 2485 1582 2489; x_wconf 88' lang='lat'>.</span> <span class='ocrx_word' id='word_1_355' title='bbox 1746 2469 1778 2494; x_wconf 57' lang='grc' dir='ltr'>ι,</span> 
     </span>
    </p>
   </div>
   <div class='ocr_carea' id='block_1_5' title="bbox 207 2507 1736 2562">
    <p class='ocr_par' dir='ltr' id='par_1_6' title="bbox 207 2507 1736 2562">
     <span class='ocr_line' id='line_1_44' title="bbox 207 2507 1736 2562; baseline -0.001 -11"><span class='ocrx_word' id='word_1_356' title='bbox 207 2523 247 2551; x_wconf 71' lang='grc'>21</span> <span class='ocrx_word' id='word_1_357' title='bbox 286 2519 343 2560; x_wconf 84' lang='lat' dir='ltr'>Sp.</span> <span class='ocrx_word' id='word_1_358' title='bbox 375 2520 526 2552; x_wconf 60' lang='lat' dir='ltr'>A&#39;Vaulius</span> <span class='ocrx_word' id='word_1_359' title='bbox 555 2525 586 2551; x_wconf 77' lang='lat' dir='ltr'>et</span> <span class='ocrx_word' id='word_1_360' title='bbox 619 2520 693 2552; x_wconf 71' lang='lat' dir='ltr'>Sex.</span> <span class='ocrx_word' id='word_1_361' title='bbox 725 2521 860 2562; x_wconf 79' lang='lat' dir='ltr'>Furius]</span> <span class='ocrx_word' id='word_1_362' title='bbox 907 2528 1001 2559; x_wconf 89' lang='lat' dir='ltr'>tone,</span> <span class='ocrx_word' id='word_1_363' title='bbox 1016 2522 1114 2552; x_wconf 81' lang='lat' dir='ltr'>falsos</span> <span class='ocrx_word' id='word_1_364' title='bbox 1138 2530 1274 2561; x_wconf 80' lang='lat' dir='ltr'>putans,</span> <span class='ocrx_word' id='word_1_365' title='bbox 1300 2531 1342 2551; x_wconf 83' lang='lat' dir='ltr'>an</span> <span class='ocrx_word' id='word_1_366' title='bbox 1366 2530 1425 2561; x_wconf 88' lang='lat' dir='ltr'>per</span> <span class='ocrx_word' id='word_1_367' title='bbox 1446 2522 1612 2551; x_wconf 86' lang='lat' dir='ltr'>incuriam</span> <span class='ocrx_word' id='word_1_368' title='bbox 1623 2507 1736 2533; x_wconf 57' lang='lat' dir='ltr'>mano·</span> 
     </span>
    </p>
   </div>
   <div class='ocr_carea' id='block_1_6' title="bbox 164 2563 1615 2868">
    <p class='ocr_par' dir='ltr' id='par_1_7' title="bbox 164 2563 1615 2868">
     <span class='ocr_line' id='line_1_45' title="bbox 164 2563 1614 2605; baseline 0.001 -12"><span class='ocrx_word' id='word_1_369' title='bbox 164 2563 253 2594; x_wconf 79' lang='lat' dir='ltr'>Ante</span> <span class='ocrx_word' id='word_1_370' title='bbox 276 2563 335 2593; x_wconf 82' lang='lat' dir='ltr'>hos</span> <span class='ocrx_word' id='word_1_371' title='bbox 352 2564 503 2594; x_wconf 83' lang='lat' dir='ltr'>consules</span> <span class='ocrx_word' id='word_1_372' title='bbox 527 2564 648 2605; x_wconf 87' lang='lat' dir='ltr'>duplex</span> <span class='ocrx_word' id='word_1_373' title='bbox 666 2574 726 2604; x_wconf 85' lang='lat' dir='ltr'>par</span> <span class='ocrx_word' id='word_1_374' title='bbox 745 2575 865 2595; x_wconf 87' lang='lat' dir='ltr'>consu-</span> <span class='ocrx_word' id='word_1_375' title='bbox 908 2565 1060 2596; x_wconf 70' lang='lat' dir='ltr'>omiserit</span> <span class='ocrx_word' id='word_1_376' title='bbox 1086 2566 1214 2602; x_wconf 82' lang='lat' dir='ltr'>Livius,</span> <span class='ocrx_word' id='word_1_377' title='bbox 1243 2575 1360 2605; x_wconf 87' lang='lat' dir='ltr'>parum</span> <span class='ocrx_word' id='word_1_378' title='bbox 1386 2564 1503 2604; x_wconf 80' lang='lat' dir='ltr'>liquet.</span> <span class='ocrx_word' id='word_1_379' title='bbox 1550 2565 1614 2595; x_wconf 90' lang='lat' dir='ltr'>Eo-</span> 
     </span>
     <span class='ocr_line' id='line_1_46' title="bbox 164 2607 1612 2648; baseline 0 -10"><span class='ocrx_word' id='word_1_380' title='bbox 164 2607 238 2638; x_wconf 87' lang='lat' dir='ltr'>lum</span> <span class='ocrx_word' id='word_1_381' title='bbox 269 2608 386 2637; x_wconf 82' lang='lat' dir='ltr'>inserit</span> <span class='ocrx_word' id='word_1_382' title='bbox 422 2608 623 2648; x_wconf 82' lang='lat' dir='ltr'>Dionysius:</span> <span class='ocrx_word' id='word_1_383' title='bbox 663 2610 697 2638; x_wconf 90' lang='lat' dir='ltr'>in</span> <span class='ocrx_word' id='word_1_384' title='bbox 737 2619 865 2639; x_wconf 84' lang='lat' dir='ltr'>annum</span> <span class='ocrx_word' id='word_1_385' title='bbox 910 2619 984 2639; x_wconf 85' lang='lat' dir='ltr'>rum</span> <span class='ocrx_word' id='word_1_386' title='bbox 1002 2616 1118 2639; x_wconf 80' lang='lat' dir='ltr'>tamen</span> <span class='ocrx_word' id='word_1_387' title='bbox 1139 2609 1173 2638; x_wconf 90' lang='lat' dir='ltr'>in</span> <span class='ocrx_word' id='word_1_388' title='bbox 1199 2608 1414 2639; x_wconf 73' lang='lat' dir='ltr'>numerandis</span> <span class='ocrx_word' id='word_1_389' title='bbox 1439 2609 1535 2639; x_wconf 87' lang='lat' dir='ltr'>annis</span> <span class='ocrx_word' id='word_1_390' title='bbox 1559 2619 1612 2639; x_wconf 78' lang='lat' dir='ltr'>ra-</span> 
     </span>
     <span class='ocr_line' id='line_1_47' title="bbox 165 2650 1601 2693; baseline 0.001 -13"><span class='ocrx_word' id='word_1_391' title='bbox 165 2651 240 2681; x_wconf 71' lang='lat'>964.</span> <span class='ocrx_word' id='word_1_392' title='bbox 258 2650 297 2689; x_wconf 78' lang='grc' dir='ltr'>Ω.</span> <span class='ocrx_word' id='word_1_393' title='bbox 312 2651 498 2691; x_wconf 82' lang='lat' dir='ltr'>Sulpicium</span> <span class='ocrx_word' id='word_1_394' title='bbox 524 2652 741 2682; x_wconf 82' lang='lat' dir='ltr'>Camerinum</span> <span class='ocrx_word' id='word_1_395' title='bbox 758 2658 793 2682; x_wconf 88' lang='lat' dir='ltr'>et</span> <span class='ocrx_word' id='word_1_396' title='bbox 809 2653 865 2693; x_wconf 85' lang='lat' dir='ltr'>Sp.</span> <span class='ocrx_word' id='word_1_397' title='bbox 910 2655 1037 2684; x_wconf 87' lang='lat' dir='ltr'>tionem</span> <span class='ocrx_word' id='word_1_398' title='bbox 1057 2652 1211 2682; x_wconf 69' lang='lat' dir='ltr'>hahuisse</span> <span class='ocrx_word' id='word_1_399' title='bbox 1229 2653 1374 2690; x_wconf 84' lang='lat' dir='ltr'>videtur,</span> <span class='ocrx_word' id='word_1_400' title='bbox 1389 2652 1410 2682; x_wconf 86' lang='lat' dir='ltr'>l.</span> <span class='ocrx_word' id='word_1_401' title='bbox 1427 2651 1488 2682; x_wconf 92' lang='lat' dir='ltr'>Ill.</span> <span class='ocrx_word' id='word_1_402' title='bbox 1505 2662 1533 2682; x_wconf 88' lang='lat' dir='ltr'>e.</span> <span class='ocrx_word' id='word_1_403' title='bbox 1549 2655 1601 2682; x_wconf 77' lang='lat'>30.</span> 
     </span>
     <span class='ocr_line' id='line_1_48' title="bbox 165 2694 1615 2736; baseline 0 -13"><span class='ocrx_word' id='word_1_404' title='bbox 165 2694 318 2724; x_wconf 84' lang='lat' dir='ltr'>Lartium</span> <span class='ocrx_word' id='word_1_405' title='bbox 330 2694 676 2735; x_wconf 85' lang='lat' dir='ltr'>Flavum,quorumin</span> <span class='ocrx_word' id='word_1_406' title='bbox 689 2695 867 2726; x_wconf 82' lang='lat' dir='ltr'>consulatu</span> <span class='ocrx_word' id='word_1_407' title='bbox 956 2698 997 2727; x_wconf 70' lang='lat'>&gt;2⁶2</span> <span class='ocrx_word' id='word_1_408' title='bbox 1025 2695 1201 2726; x_wconf 73' lang='lat' dir='ltr'>Traditum</span> <span class='ocrx_word' id='word_1_409' title='bbox 1219 2696 1277 2735; x_wconf 77' lang='lat' dir='ltr'>est]</span> <span class='ocrx_word' id='word_1_410' title='bbox 1305 2697 1381 2727; x_wconf 88' lang='lat' dir='ltr'>Non</span> <span class='ocrx_word' id='word_1_411' title='bbox 1405 2695 1615 2736; x_wconf 72' lang='lat' dir='ltr'>aspernanda</span> 
     </span>
     <span class='ocr_line' id='line_1_49' title="bbox 166 2736 1614 2780; baseline 0.001 -14"><span class='ocrx_word' id='word_1_412' title='bbox 166 2736 237 2767; x_wconf 81' lang='lat' dir='ltr'>ludi</span> <span class='ocrx_word' id='word_1_413' title='bbox 263 2739 344 2767; x_wconf 64' lang='lat' dir='ltr'>vitio</span> <span class='ocrx_word' id='word_1_414' title='bbox 370 2739 470 2768; x_wconf 84' lang='lat' dir='ltr'>facti:</span> <span class='ocrx_word' id='word_1_415' title='bbox 508 2740 541 2769; x_wconf 87' lang='lat' dir='ltr'>in</span> <span class='ocrx_word' id='word_1_416' title='bbox 570 2749 697 2770; x_wconf 88' lang='lat' dir='ltr'>annum</span> <span class='ocrx_word' id='word_1_417' title='bbox 725 2741 798 2770; x_wconf 61' lang='lat'>⁶265.</span> <span class='ocrx_word' id='word_1_418' title='bbox 828 2740 866 2769; x_wconf 91' lang='lat' dir='ltr'>C.</span> <span class='ocrx_word' id='word_1_419' title='bbox 912 2745 964 2769; x_wconf 85' lang='lat' dir='ltr'>est</span> <span class='ocrx_word' id='word_1_420' title='bbox 989 2739 1061 2770; x_wconf 67' lang='lat' dir='ltr'>sac.</span> <span class='ocrx_word' id='word_1_421' title='bbox 1090 2740 1247 2770; x_wconf 67' lang='lat' dir='ltr'>Gronoxii</span> <span class='ocrx_word' id='word_1_422' title='bbox 1278 2740 1482 2780; x_wconf 78' lang='lat' dir='ltr'>conjectura,</span> <span class='ocrx_word' id='word_1_423' title='bbox 1509 2739 1614 2769; x_wconf 80' lang='lat' dir='ltr'>tradi·</span> 
     </span>
     <span class='ocr_line' id='line_1_50' title="bbox 168 2779 1615 2822; baseline 0.001 -12"><span class='ocrx_word' id='word_1_424' title='bbox 168 2779 425 2812; x_wconf 67' lang='lat' dir='ltr'>Juliumdulum</span> <span class='ocrx_word' id='word_1_425' title='bbox 442 2788 473 2812; x_wconf 85' lang='lat' dir='ltr'>et</span> <span class='ocrx_word' id='word_1_426' title='bbox 488 2783 523 2813; x_wconf 88' lang='lat' dir='ltr'>P.</span> <span class='ocrx_word' id='word_1_427' title='bbox 540 2783 710 2814; x_wconf 85' lang='lat' dir='ltr'>Pinarium</span> <span class='ocrx_word' id='word_1_428' title='bbox 726 2783 867 2821; x_wconf 83' lang='lat' dir='ltr'>Rufum,</span> <span class='ocrx_word' id='word_1_429' title='bbox 913 2788 998 2820; x_wconf 83' lang='lat' dir='ltr'>tum,</span> <span class='ocrx_word' id='word_1_430' title='bbox 1023 2787 1053 2812; x_wconf 80' lang='lat' dir='ltr'>et</span> <span class='ocrx_word' id='word_1_431' title='bbox 1077 2785 1178 2814; x_wconf 67' lang='lat' dir='ltr'>nihilo</span> <span class='ocrx_word' id='word_1_432' title='bbox 1200 2785 1316 2822; x_wconf 78' lang='lat' dir='ltr'>magis.</span> <span class='ocrx_word' id='word_1_433' title='bbox 1339 2808 1342 2810; x_wconf 94' lang='lat'>.</span> <span class='ocrx_word' id='word_1_434' title='bbox 1363 2783 1478 2814; x_wconf 85' lang='lat' dir='ltr'>Simile</span> <span class='ocrx_word' id='word_1_435' title='bbox 1501 2791 1615 2814; x_wconf 76' lang='lat' dir='ltr'>exem-</span> 
     </span>
     <span class='ocr_line' id='line_1_51' title="bbox 166 2823 1353 2868; baseline 0.004 -15"><span class='ocrx_word' id='word_1_436' title='bbox 166 2824 224 2862; x_wconf 67' lang='lat' dir='ltr'>qui</span> <span class='ocrx_word' id='word_1_437' title='bbox 248 2823 343 2855; x_wconf 83' lang='lat' dir='ltr'>ludos</span> <span class='ocrx_word' id='word_1_438' title='bbox 366 2826 606 2859; x_wconf 79' lang='lat' dir='ltr'>instauravere.</span> <span class='ocrx_word' id='word_1_439' title='bbox 652 2827 716 2861; x_wconf 81' lang='lat' dir='ltr'>Eos</span> <span class='ocrx_word' id='word_1_440' title='bbox 735 2827 869 2859; x_wconf 80' lang='lat' dir='ltr'>eonsul—</span> <span class='ocrx_word' id='word_1_441' title='bbox 912 2826 1008 2868; x_wconf 86' lang='lat' dir='ltr'>plum</span> <span class='ocrx_word' id='word_1_442' title='bbox 1023 2826 1087 2859; x_wconf 80' lang='lat' dir='ltr'>vid.</span> <span class='ocrx_word' id='word_1_443' title='bbox 1104 2827 1192 2859; x_wconf 76' lang='lat' dir='ltr'>infra</span> <span class='ocrx_word' id='word_1_444' title='bbox 1207 2826 1282 2858; x_wconf 81' lang='lat' dir='ltr'>vu.</span> <span class='ocrx_word' id='word_1_445' title='bbox 1301 2829 1353 2860; x_wconf 80' lang='lat'>40.</span> 
     </span>
    </p>
   </div>
   <div class='ocr_carea' id='block_1_7' title="bbox 1924 1383 1969 3239">
    <p class='ocr_par' dir='ltr' id='par_1_8' title="bbox 1924 1383 1969 3239">
     <span class='ocr_line' id='line_1_52' title="bbox 1924 1383 1969 3239; baseline 0 0"><span class='ocrx_word' id='word_1_446' title='bbox 1924 1383 1969 3239; x_wconf 95' lang='lat' dir='ltr'> </span> 
     </span>
    </p>
   </div>
  </div>
 </body>
</html>
