1969 3239
585 68 710 106 LIB.
740 68 790 109 H.
832 67 967 103 CAP.
995 67 1143 102 XLIll.
1200 111 1205 115 ῃ
1510 68 1582 114 Ro

137 170 217 222 sul,
239 185 288 212 ac
319 170 482 226 redegit
503 172 544 220 in
578 171 813 226 publicum.
874 167 1067 210 Invisum
1098 175 1187 208 erat
1210 165 1388 208 Fabium
1421 181 1580 209 nomen

138 227 254 282 plebi
275 239 448 283 propter
471 228 747 270 novissimum
773 225 990 267 consulem
1009 242 1018 266 :
1050 234 1222 264 tenuere
1244 233 1385 265 tamen
1420 224 1580 275 Patres,

136 295 185 326 ut
207 300 306 326 culn
332 286 380 326 L.
406 286 582 327 AEmilio
607 284 662 332 Κ.
688 284 843 324 Fabius
866 281 1016 324 consul
1038 292 1262 322 crearetur.
1306 280 1370 321 Eo
1389 280 1581 323 infestior
1596 290 1636 320 U.
1654 287 1692 318 C.
1708 292 1782 319 270.

136 341 254 383 facta
283 342 429 397 plebes
460 342 667 384 seditione
689 340 922 382 domestica
953 338 1112 380 bellum
1143 347 1369 378 externum
1394 334 1635 380 excivit:‘¹··
1655 332 1784 363 048²·

136 399 248 440 bello
271 401 423 441 deinde
443 399 586 441 civiles
607 398 831 439 discordiae.
853 396 1119 438 intermissae.
1156 410 1243 436 uno
1264 395 1406 435 animo
1433 394 1578 437 Patres

133 471 185 497 ac.
207 458 352 512 plebes
382 456 631 498 rebellantes
653 455 830 500 Volscos
852 463 894 495 et
922 454 1103 509 AEquos‚
1124 452 1236 494 duce
1268 452 1460 504 AEmilio,
1482 467 1579 507 pro-

133 528 256 569 spera
277 529 424 570 pugna
446 513 598 554 vicere.
659 512 760 553 Plus
786 521 927 552 tamen
951 510 1138 552 hostium
1170 510 1290 565 fuga,
1312 524 1440 565 quam
1463 524 1579 564 prue-

133 570 254 622 lium,
276 570 496 613 absumsit.
527 571 634 611 adeo
657 569 928 624 pertinaciter
946 567 1062 608 fusos
1082 567 1263 608 insecuti
1281 576 1380 608 sunt
1401 567 1577 622 equites.

136 627 325 670 Castoris
369 627 481 668 aedes
519 628 670 668 eodem
709 641 822 667 anno
866 626 1015 667 Idibus
1053 624 1346 672 Quinctilibus
1383 623 1580 666 dedicata

132 695 212 726 est.
255 694 352 726 vota
389 694 478 725 erat
519 685 673 725 Latino
713 683 841 734 bello,
875 686 907 707 ⁴¹¹2
924 682 1148 724 Postumio
1192 682 1414 723 dictatore.
1467 681 1576 723 filius

131 742 239 798 ejus,
262 742 461 783 duumvir
480 742 533 784 ad
554 741 595 782 id
626 742 765 796 ipsum
788 749 968 790 creatus,
989 739 1218 781 dedicavit.
1279 738 1504 780 Sollicitati
1535 749 1579 780 et

130 814 183 840 eo
203 813 316 840 anno
339 808 437 840 sunt
458 798 683 841 dulcedine
711 799 887 854 agrariae
910 798 1014 854 legis
1037 797 1167 838 animi
1188 796 1340 852 plebis.
1399 795 1577 838 Tribuni

130 856 265 912 plebis
299 859 331 880 ⁴³
347 856 598 912 popularem
631 866 884 911 potestatem
921 855 1014 910 lege
1054 853 1247 910 populari
1287 853 1577 896 celebrabant.

131 912 296 964 Patres,
319 914 418 955 satis
449 927 660 969 superque
688 918 721 937 Η
740 912 913 970 gratuiti
936 911 1086 953 furoris
1118 913 1160 952 in
1183 910 1458 952 multitudine
1485 926 1578 952 cre-

129 969 278 1012 dentes
313 985 418 1022 esse,
455 971 702 1027 largitiones
743 970 1078 1024 temeritatisque
1113 969 1393 1010 invitamenta
1433 969 1578 1009 horre-

129 1027 248 1070 bant.
302 1029 495 1069 acerrimi
548 1028 746 1069 Patribus
789 1028 919 1069 duces
961 1027 1014 1068 ad
1057 1026 1339 1067 resistendum
1380 1026 1576 1067 consules

128 1083 262 1130 fuere.
331 1085 393 1126 Ea
429 1086 561 1142 igitur
598 1100 694 1140 pars
731 1084 982 1141 reipublicae
1018 1084 1134 1124 vicit.
1186 1098 1266 1124 nec
1307 1083 1350 1124 in
1390 1098 1575 1138 praesens

129 1144 274 1192 modo,
296 1144 368 1184 sed
394 1144 436 1183 in
460 1143 698 1184 venientem
724 1143 851 1184 etiam
875 1156 1034 1183 annum
1060 1141 1127 1182 M.
1161 1141 1341 1182 Fabium
1374 1140 1575 1182 ‘³⁵Kaeso-
1588 1154 1629 1184 U.
1646 1155 1682 1185 C.
1700 1157 1777 1189 5271.

127 1199 192 1240 nis
224 1200 412 1251 fratrem,
448 1209 492 1241 et
528 1201 663 1256 magis
698 1201 880 1242 invisum
919 1199 1099 1240 alterum
1138 1199 1267 1255 plebi,
1300 1199 1574 1240 accusatione
1588 1199 1628 1228 A.
1646 1199 1682 1228 C·
1699 1201 1776 1249 4331-

128 1257 205 1312 Sp.
225 1257 378 1309 Cassii,
397 1258 444 1298 L.
463 1257 677 1299 Valerium
698 1258 731 1281 ⁴⁶
745 1258 941 1299 consules
956 1260 964 1276 ²
985 1257 1115 1297 dedit.
1164 1256 1384 1297 Certatum
1401 1270 1451 1296 eo
1465 1271 1573 1311 quo·
1588 1241 1762 1316 &5223

128 1329 212 1370 que
233 1329 347 1356 anno
369 1329 466 1356 cum
492 1316 670 1356 tribunis
693 1324 768 1356 est.
802 1330 909 1356 vana
931 1314 1016 1364 lex,
1034 1314 1217 1368 vanique
1239 1313 1343 1369 legis
1363 1321 1574 1366 auctores,
1590 1310 1680 1363 Civss.

121 1371 332 1426 jactando
354 1373 517 1414 irritum
542 1387 711 1423 munus,
734 1370 851 1413 facti.
914 1372 1095 1413 Fabium
1124 1371 1223 1413 inde
1246 1385 1402 1412 nomen
1424 1371 1575 1427 ingens

127 1437 227 1483 post
258 1437 342 1470 tres
367 1431 596 1471 continuos
627 1429 886 1480 consulatus,
908 1443 1080 1484 unoque
1111 1429 1228 1469 velut
1260 1438 1404 1468 tenore
1426 1443 1574 1470 omnes

128 1495 331 1541 expertos
362 1488 599 1528 tribuniciis
631 1487 949 1540 certaminibus,
971 1486 1181 1526 habitum.
1216 1485 1375 1540 itaque,
1398 1496 1445 1525 ut
1467 1486 1576 1528 bene

127 1542 309 1596 locatus,
340 1545 494 1586 mansit
527 1545 570 1585 in
608 1559 657 1585 ea
694 1543 856 1585 familia
890 1543 1152 1599 aliquamdiu
1190 1542 1343 1584 honos.
1408 1542 1578 1585 Bellum

127 1599 228 1642 inde
251 1601 403 1642 Veiens
426 1602 574 1642 initum
593 1620 604 1654 ς
635 1611 679 1642 et
700 1602 842 1642 Volsci
873 1600 1144 1642 rebellarunt.
1186 1600 1258 1641 sed
1289 1601 1342 1641 ad
1365 1600 1478 1641 bella
1499 1615 1576 1641 ex-

127 1667 247 1698 terna
280 1672 414 1713 prope
452 1668 701 1713 supererant
738 1660 872 1700 vires:
911 1662 943 1684 ⁴⁷
963 1658 1338 1712 abutebanturque
1376 1657 1427 1699 iis
1466 1658 1576 1699 inter

126 1715 377 1771 semetipsos
416 1716 633 1757 certando.
701 1715 932 1758 Accessere
972 1716 1024 1756 ad
1068 1730 1204 1771 aegras
1244 1715 1338 1770 jam
1381 1716 1575 1756 omnium

125 1782 290 1820 mentes
321 1773 518 1829 prodigia
546 1774 756 1825 coelestia‚
779 1788 912 1830 prope
942 1773 1215 1829 quotidianas
1238 1772 1282 1813 in
1304 1773 1409 1813 urbe
1440 1774 1577 1828 agris-

126 1843 210 1883 que
256 1832 517 1873 ostentantia
555 1832 708 1872 minas.
759 1834 790 1854 ⁴⁸
810 1831 1002 1887 motique
1042 1831 1106 1871 ira
1147 1830 1335 1871 numinis
1379 1844 1575 1872 caussam

125 1886 287 1928 nullam
322 1888 451 1929 aliam
493 1898 610 1929 vates
647 1889 873 1940 canebant,
908 1887 1082 1944 publice
1116 1888 1420 1944 privatimque,
1459 1902 1575 1928 nune

126 1945 254 1995 extis,
285 1959 400 1987 nunc
430 1960 506 2001 per
536 1960 634 1987 aves
665 1945 866 1997 consulti,
897 1960 1025 2002 quam
1059 1944 1172 1986 haud
1203 1946 1283 1986 rite
1314 1960 1435 1986 sacra
1466 1945 1573 1986 fieri.

126 2001 200 2054 qui
236 2011 410 2043 terrores
451 2014 592 2044 tamen
629 2018 681 2044 eo
718 2018 903 2055 evasere,
938 2013 986 2044 ut
1022 2002 1184 2059 Oppia,
1219 2003 1339 2058 virgo
1375 2001 1571 2054 Vestalis,

126 2058 329 2099 damnata
348 2060 500 2101 incesti
522 2075 674 2116 poenas
697 2061 874 2102 dederit.

185 2114 365 2157 XLIII.
405 2120 438 2143 ⁴⁹
458 2118 514 2164 Q.
553 2118 708 2159 Fabius
746 2118 845 2159 inde
877 2127 921 2159 et
954 2117 1004 2158 C.
1041 2116 1182 2161 Julius
1216 2116 1414 2158 consules
1450 2115 1769 2197 facti.g·g-{'Zg

644 2221 828 2250 *consulem
845 2222 942 2250 Gron.
955 2222 1044 2250 Crev.

168 2296 211 2325 42
220 2294 434 2334 *Postumc‘fi
458 2294 547 2335 Lege
563 2306 584 2326 a
601 2296 780 2327 Postumio.

166 2341 208 2369 43
218 2338 237 2355 *²
247 2338 450 2378 Populea-em
470 2339 674 2380 potestatem]
711 2340 824 2370 Potes-

119 2382 231 2412 'tatem
250 2391 360 2418 suam,
373 2392 447 2421 quae
464 2393 524 2422 per
540 2393 574 2413 se
591 2389 687 2423 grata
702 2384 825 2424 populo

121 2430 210 2463 erat,
228 2426 460 2465 acceptissima
481 2427 516 2456 in
539 2426 658 2466 vulgus
682 2426 755 2466 lege
773 2437 827 2457 ce-

125 2468 312 2507 lebrabant,
327 2469 360 2499 id
371 2475 435 2507 est,
448 2469 699 2500 celebratiorem
711 2471 823 2500 favore

124 2511 301 2542 hominum
326 2516 361 2542 et
384 2524 506 2552 magno
531 2515 619 2544 circa
642 2524 676 2544 se
701 2515 823 2545 civium

125 2565 289 2586 concursu
305 2557 504 2587 efficiebant.

122 2620 127 2624 -
167 2602 240 2633 44*
257 2600 419 2640 Gratuita]
477 2602 674 2641 Spontanei‚
721 2601 824 2632 etiam

125 2642 195 2672 sine
211 2642 282 2673 ulla
297 2645 464 2683 proposita
480 2645 644 2676 mercede.

167 2689 210 2716 45
231 2687 376 2726 Coesom's]
396 2688 439 2718 Et
450 2688 490 2727 Q.
504 2689 594 2718 Fabii
610 2699 755 2729 quoque,
768 2688 824 2728 qui

125 2729 226 2766 tertio
242 2739 320 2760 aute
337 2741 425 2761 anno
441 2732 568 2762 consul.

168 2773 211 2802 46
238 2771 406 2804 Consulem
429 2775 529 2814 dedit]
556 2776 646 2815 Lege
670 2777 827 2812 consules,

125 2816 288 2853 quomodo
311 2818 466 2856 Sigonius
489 2819 605 2851 baberi
629 2820 774 2851 affirmat
790 2820 825 2849 in

183 2871 291 2900 VOL,
325 2874 359 2901 1.

869 2303 951 2326 vett.
969 2297 1037 2326 suis
1054 2294 1159 2332 moriz,
1171 2293 1291 2334 quibus
1308 2294 1487 2324 succinunt
1505 2293 1569 2324 dno

869 2350 886 2369 e
903 2340 1034 2370 nostris.

914 2388 953 2416 47
982 2383 1271 2422 Abutebanturqne
1291 2383 1331 2411 iz's
1351 2382 1437 2411 inter
1456 2386 1570 2412 semec-

869 2429 949 2467 ipsos
971 2425 1138 2465 certando]
1172 2425 1261 2464 Lege
1292 2435 1370 2455 cum
1402 2425 1568 2454 Gronovio

868 2471 955 2500 inter
977 2474 1075 2501 semet
1096 2470 1168 2508 ipsi,
1191 2474 1232 2498 nt
1255 2478 1284 2497 c.
1307 2478 1374 2506 seq.
1398 2469 1461 2498 nisi
1483 2469 1569 2498 inter
1593 2482 1598 2486 v

868 2518 964 2544 semet
989 2515 1050 2554 ipsi
1074 2513 1277 2544 seditionibus
1304 2513 1449 2542 scu-iant.
1494 2512 1567 2542 Nee

869 2567 1017 2596 unquam
1034 2558 1103 2586 sere
1121 2556 1218 2586 aliter
1232 2555 1356 2585 Livius.

911 2601 1134 2639 ‘immotique
1155 2601 1208 2629 ‘ira
1231 2597 1387 2640 numinis]
1418 2598 1461 2628 Et
1476 2603 1566 2629 vates

870 2643 997 2673 nullam
1015 2643 1114 2673 aliam
1139 2652 1272 2672 causam
1295 2642 1490 2680 afferebant,
1507 2652 1568 2672 cur

869 2687 945 2717 irati
973 2686 1019 2716 dii
1046 2695 1171 2716 numen
1197 2696 1296 2716 suum
1322 2696 1381 2726 per
1406 2686 1463 2715 illa
1491 2695 1568 2725 pro-

869 2729 959 2770 digia
971 2735 1156 2760 exererent.
1173 2729 1247 2760 vid.
1266 2735 1335 2759 not.
1353 2732 1402 2759 11.
1416 2729 1456 2760 ad
1473 2740 1500 2758 c.
1516 2732 1567 2760 55.

912 2820 955 2853 49
971 2817 1015 2858 ,Q-
1032 2816 1150 2850 Fabius
1165 2812 1257 2857 inde]
1278 2816 1341 2850 Pro
1356 2816 1430 2847 inde
1444 2816 1509 2847 duo
1527 2824 1568 2848 ez

893 2873 906 2883 ‚

877 2874 907 2901 k
