1969 3239
580 103 701 144 LIB.
728 106 806 167 IV.⁸
832 105 957 143 CAP.
984 104 1150 143 XXVII.
1216 110 1220 113 '
1512 109 1590 150 5257

155 214 297 248 castra
335 207 684 262 communivere3
727 207 1028 263 intentiorque,
1062 221 1188 262 quarn
1231 221 1430 262 umquam
1472 217 1640 257 ante‚U,
1657 221 1693 254 c,
1710 224 1783 255 3⁶24.

155 264 375 305 muniendi
399 266 710 320 exercendique
729 264 908 305 militem
932 279 1033 305 cura
1061 264 1242 305 ducibus
1271 273 1375 304 erat.
1410 278 1461 304 eo
1492 266 1586 320 plus
1598 267 1635 297 A.
1654 267 1690 297 C.
1707 269 1782 298 4-28.

156 321 304 361 nuncii
338 323 506 362 terroris
541 322 721 363 Romam
742 321 944 362 adtulere.
1007 321 1180 362 Senatui
1216 321 1467 361 dictatorem
1498 323 1583 363 dici

157 376 340 430 placuit:
373 379 485 433 quia,
507 380 584 420 etsi
609 392 723 434 saepe
743 379 841 418 victi
866 378 1025 433 populi,
1047 377 1209 431 majore
1241 388 1381 418 tamen
1413 388 1583 429 conatu,

155 447 282 488 quam
306 435 407 475 alias
435 450 650 490 umquam,
680 434 959 476 rebellarent:
1005 444 1048 475 et
1077 435 1337 489 aliquantum
1374 433 1581 475 Romanae

146 489 390 544 juventutis
413 494 562 533 morbo
582 493 825 532 absumtnm
847 501 951 532 erat.
982 500 1079 544 ante
1100 491 1244 531 omnia
1266 491 1449 546 pravitas
1480 505 1582 533 con—-

157 546 311 599 sulum,
329 549 624 603 discordiaque
647 549 757 589 inter
775 549 901 603 ipsos,
921 557 963 589 et
983 549 1215 589 certamina
1232 549 1272 588 in
1293 547 1475 590 consiliis
1491 563 1581 588 om*

129 646 131 649 ,
153 603 278 645 nibus
303 607 530 647 terrebant.
591 606 714 656 Sunt,
736 607 808 660 qui
842 605 950 646 male
974 615 1211 661 pugnatum
1233 605 1286 645 ab
1311 605 1373 645 his
1395 605 1580 645 consuli-

155 660 233 700 bus
275 663 315 702 in
351 662 510 717 Algido
550 673 743 703 auctores
783 663 879 712 sint,
916 677 1094 717 eamque
1127 676 1316 702 caussam
1359 662 1580 702 dictatoris

153 719 323 759 creandi
346 719 489 760 fuisse.
535 719 642 760 Illud
672 722 772 761 satis
795 729 977 770 constat,
1000 721 1049 760 ad
1073 719 1155 760 alia
1175 719 1402 768 discordes,
1429 718 1470 758 in
1496 733 1580 759 uno

152 775 352 816 adversus
375 775 551 817 Pau-um
576 777 834 817 voluntatem
858 777 1134 827 consensisse,
1159 791 1212 817 ne
1234 777 1426 816 dicerent
1445 776 1580 816 clieta-

154 839 313 873 torem:
352 833 502 883 donec,
525 848 656 889 quum
676 834 757 875 alia
786 834 876 874 aliis
908 833 1163 874 terribiliora
1190 832 1469 882 adferrentur,
1502 847 1579 873 nec

151 887 193 927 in
216 889 472 930 auctoritate
493 902 663 931 senatus
690 890 884 931 consules
910 901 1063 941 essent,
1093 890 1147 936 Q.
1171 889 1371 930 Servilius
1399 889 1580 939 Priscus,

150 947 325 985 summis
349 946 583 988 honoribus
614 949 785 1004 egregie
817 962 930 998 usus,
969 946 1061 997 Vos,
1083 947 1235 1001 inquit,
1257 946 1579 1000 tribuniplebis,

148 1002 340 1055 quoniam
364 1003 420 1043 ad
438 1011 615 1045 extrema
636 1013 799 1045 ventum
818 1011 891 1054 est,
913 1011 1074 1044 senatus
1104 1002 1302 1058 adpelle-t,
1320 1009 1366 1043 ἀἱ
1391 1002 1433 1042 in
1465 1009 1580 1043 tanto

145 1057 380 1101 discrimine
399 1061 632 1116 reipublicae
653 1062 893 1102 dictatorem
922 1061 1053 1102 dicere
1074 1060 1250 1102 consules
1273 1074 1353 1114 pro
1375 1066 1581 1114 potestate

147 1122 284 1156 vestra
305 1118 475 1172 cogatis.
536 1119 636 1164 Qua
670 1134 773 1159 voce
805 1119 964 1168 audita,
986 1119 1255 1159 occasionem
1283 1117 1469 1158 oblatam
1500 1117 1579 1156 rati

149 1173 309 1214 tribuni
329 1176 537 1230 augendae
558 1177 798 1231 potestatis,
816 1176 1035 1226 secedunt,
1053 1178 1083 1198 ³⁵
1100 1189 1260 1230 proque
1279 1174 1462 1230 collegio
1482 1187 1579 1228 pro-
1592 1192 1725 1222 Tribuni
1740 1192 1782 1230 pl,

147 1231 370 1283 nunciant,
399 1232 580 1286 placere,
615 1232 792 1273 consules
824 1233 984 1273 senatui
1021 1232 1129 1272 dicto
1164 1231 1373 1272 audientes
1403 1245 1505 1271 esse.-
1546 1231 1580 1270 si
1592 1237 1752 1285 ¹13inantur

149 1286 342 1329 adversus
363 1304 593 1331 consensum
615 1289 856 1344 amplissimi
886 1289 1041 1330 ordinis
1074 1289 1185 1330 ultra
1219 1287 1402 1338 tendant,
1426 1288 1469 1327 in
1490 1287 1580 1328 vin·
1594 1280 1795 1351 ggifgssscon-

148 1343 242 1384 cula
274 1360 313 1386 se
342 1345 436 1387 duci
467 1361 530 1387 eos
547 1348 756 1403 jussuros.
813 1346 1021 1388 Consules
1054 1347 1108 1387 ab
1144 1345 1340 1395 tribunis,
1365 1359 1493 1399 quam
1527 1345 1581 1385 ab
1646 1334 1655 1351 ι
1680 1333 1724 1352 ‘¹³'

149 1411 313 1452 senatu,
336 1403 449 1443 vinci
481 1404 747 1455 maluerunt3
790 1404 1002 1458 proditum
1037 1418 1061 1443 a
1097 1402 1296 1443 Patribus
1321 1402 1476 1441 summi
1506 1401 1585 1441 im-

147 1458 253 1511 perii
277 1459 367 1514 jus,
389 1460 622 1515 datumque
653 1460 911 1516 subjugum
944 1459 1185 1500 tribuniciae
1207 1458 1409 1514 potestati
1432 1472 1587 1498 consu-

148 1514 284 1555 latum
306 1527 604 1568 memorantes,
627 1518 834 1572 siquidem
859 1517 956 1572 cogi
989 1517 1147 1571 aliquid
1183 1531 1257 1571 pro
1288 1524 1500 1570 potestate
1529 1516 1584 1555 ab

151 1571 325 1613 tribuno
354 1573 563 1624 eonsules,
586 1583 628 1614 et
661 1580 766 1629 (quo
797 1574 899 1628 quid
933 1573 1106 1614 ulterius
1143 1573 1309 1628 privato
1345 1572 1583 1612 timendum

148 1627 307 1678 foret?)
340 1630 381 1670 in
406 1631 572 1672 vincula
591 1632 719 1672 etiam
750 1631 847 1671 duci
876 1641 1064 1685 possent.
1125 1630 1238 1680 Sors,
1262 1639 1308 1669 ut
1330 1629 1583 1669 dictatorem

145 1685 326 1737 diceret,
354 1691 471 1739 (nam
503 1702 556 1728 ne
592 1688 634 1728 id
665 1688 837 1743 quidem
864 1688 973 1727 inter
1005 1686 1190 1742 collegas
1225 1688 1501 1735 convenerat)
1532 1684 1582 1725 T.

147 1742 358 1788 Quinctio
379 1744 536 1785 evenit.
553 1745 587 1785 is
609 1744 662 1785 A.
684 1745 953 1785 Postumium
967 1743 1220 1794 Tubertum,
1237 1756 1426 1784 socerum
1443 1756 1580 1792 suum,
1596 1761 1770 1790 Postumius

147 1800 403 1841 severissimi
427 1802 592 1856 imperii
613 1802 1033 1853 virum,dictatore1n
1054 1801 1194 1841 dixit:
1226 1801 1280 1840 ab
1301 1815 1352 1840 eo
1372 1798 1420 1839 L.
1441 1798 1581 1841 Julius
1596 1805 1736 1833 dictator·

148 1857 352 1912 magister
369 1860 559 1912 equitum
582 1868 647 1899 est
673 1859 826 1900 dictus.
886 1857 1021 1899 Simul
1053 1858 1237 1898 edicitur
1267 1866 1310 1897 et
1334 1856 1579 1911 justitium:

147 1927 286 1968 neque
307 1914 419 1955 aliud
444 1924 536 1956 tota
557 1916 662 1956 urbe
681 1910 768 1971 agi,
790 1931 915 1971 quam
948 1915 1102 1956 bellum
1137 1913 1351 1968 adparari:
1387 1914 1581 1967 cognitio

150 1972 392 2012 vacantium
417 1974 580 2014 militiae
612 1986 786 2014 munere
810 1982 907 2028 post
928 1972 1084 2013 bellum
1107 1970 1314 2011 differtur.
1373 1968 1441 2009 Ita
1462 1970 1583 2009 dubii-

146 2042 317 2081 quoque
346 2029 552 2071 inclinant
581 2030 633 2070 ad
661 2030 835 2071 nomina
855 2030 1009 2070 danda.
1041 2039 1083 2069 et
1107 2027 1307 2069 Hernicis
1333 2026 1581 2081 Latinisque

148 2084 305 2124 milites
326 2085 535 2140 imperati.
567 2087 780 2142 utrimque
800 2088 832 2110 ³⁶
847 2087 973 2127 enixe
992 2086 1212 2126 obeditum
1234 2084 1434 2124 dictatori
1457 2093 1535 2123 est.

207 2140 414 2182 XXVII.
450 2143 561 2185 Haec
582 2145 727 2184 omnia
755 2144 971 2184 celeritate
1003 2142 1164 2197 ingenti
1189 2150 1308 2182 acta:
1345 2139 1580 2193 relictoque

149 2196 202 2238 C.
223 2197 340 2239 Julio
361 2199 535 2241 consule
567 2202 618 2241 ad
644 2202 895 2256 praesidium
923 2200 1052 2250 urbis,
1074 2209 1115 2239 et
1149 2199 1197 2239 L.
1224 2197 1342 2240 Julio
1374 2197 1578 2251 magistro

146 2255 341 2309 equitum
363 2256 415 2296 ad
439 2257 578 2298 subita
600 2258 696 2298 belli
722 2257 966 2306 ministeria,
985 2271 1035 2296 ne
1058 2271 1142 2312 qua
1163 2270 1242 2305 res,
1263 2269 1347 2309 qua
1364 2255 1578 2309 eguissent

148 2311 190 2351 in
213 2313 374 2363 castris,
399 2324 647 2363 moraretur,
669 2315 868 2364 dictator,
889 2318 918 2340 ³7
935 2323 1153 2368 praeeunte
1174 2311 1227 2352 A.
1249 2311 1449 2356 Cornelio
1472 2324 1579 2364 pon-

146 2369 263 2411 tifice
283 2370 490 2421 maximo,
516 2371 682 2412 ”ludos
705 2386 881 2428 magnos
906 2370 1109 2411 turnultus
1130 2384 1280 2410 caussa
1304 2368 1446 2409 vovit:
1478 2380 1577 2421 pro-

189 2533 232 2563 35
257 2530 339 2561 Pro.
350 2551 358 2560 .
374 2551 382 2560 .
393 2550 402 2560 .
414 2528 556 2569 collegio]
573 2530 746 2568 Tanquam
768 2538 844 2559 sen·
887 2531 940 2560 ΞΗ,
958 2539 1068 2569 supra.
1554 2568 1559 2573 ι

150 2575 296 2604 tentiam
313 2576 490 2613 etjussum
508 2574 613 2603 totius
631 2572 761 2611 collegii
784 2573 844 2602 tri·
930 2576 970 2602 88
998 2572 1105 2602 Ludos
1123 2569 1273 2608 Magnos]
1302 2569 1498 2599 Memoravit
1524 2568 1579 2599 Lt-

151 2616 286 2654 bunitii,
303 2618 496 2656 congregati
513 2622 548 2647 et
572 2617 755 2656 praesentis.
780 2616 843 2646 Eo-
888 2616 960 2645 vius
977 2615 999 2645 1.
1019 2616 1044 2645 1.
1062 2626 1090 2644 e.
1108 2618 1159 2645 35.
1177 2613 1270 2643 ludos
1296 2621 1432 2651 magnos
1449 2622 1467 2641 a
1495 2611 1579 2641 Tar-

150 2659 225 2690 dem
240 2661 308 2690 fere
323 2661 421 2691 modo
450 2666 484 2690 et
511 2670 608 2690 sensu
628 2670 690 2700 pro
715 2660 839 2698 collegii
885 2659 991 2697 qninii
1010 2659 1108 2688 Prisci
1131 2656 1336 2696 temporibus
1352 2655 1505 2685 solennes
1519 2664 1578 2684 an-

151 2704 424 2741 sententia‚infra
439 2713 466 2734 c.
484 2707 538 2735 44.
884 2711 964 2730 nuos
1005 2702 1175 2731 mansisse.
1221 2698 1338 2737 Itaque
1369 2698 1424 2728 hie
1455 2697 1579 2727 intelli-

193 2747 234 2777 36
257 2746 384 2786 Enixe]
411 2747 505 2777 MSS.
520 2752 554 2778 et
580 2752 663 2776 vett.
682 2746 837 2776 editi-nb·
882 2744 982 2783 gendi
1005 2745 1159 2774 videntur
1182 2743 1251 2773 ludi
1279 2741 1411 2781 Magnis
1439 2741 1576 2777 similes,

148 2791 239 2825 nime,
256 2790 415 2828 probante
432 2789 607 2820 Gronovio.
882 2788 937 2826 qui
956 2788 1072 2818 iisdem
1100 2787 1175 2825 diis,
1192 2786 1307 2816 eodem
1332 2792 1495 2826 apparatu
1521 2784 1577 2813 fie-

193 2835 232 2868 37
258 2832 446 2872 Proeeunte]
480 2833 556 2864 Vitl.
585 2842 653 2865 not.
687 2837 717 2865 8.
743 2831 783 2862 ad
809 2842 837 2862 c.
884 2835 969 2860 rent.

210 2888 318 2917 VOL.
341 2888 372 2917 Ι.
942 2886 961 2912 S
