<?xml version="1.0" encoding="UTF-8"?>
<!DOCTYPE html PUBLIC "-//W3C//DTD XHTML 1.0 Transitional//EN"
    "http://www.w3.org/TR/xhtml1/DTD/xhtml1-transitional.dtd">
<html xmlns="http://www.w3.org/1999/xhtml" xml:lang="en" lang="en">
 <head>
  <title>
</title>
<meta http-equiv="Content-Type" content="text/html;charset=utf-8" />
  <meta name='ocr-system' content='tesseract 3.04.00' />
  <meta name='ocr-capabilities' content='ocr_page ocr_carea ocr_par ocr_line ocrx_word'/>
</head>
<body>
  <div class='ocr_page' id='page_1' title='image "./historiarumaburb01livyuoft_0578.png"; bbox 0 0 1925 3239; ppageno 0'>
   <div class='ocr_carea' id='block_1_1' title="bbox 322 90 1204 132">
    <p class='ocr_par' dir='ltr' id='par_1_1' title="bbox 322 90 1204 132">
     <span class='ocr_line' id='line_1_1' title="bbox 322 90 1204 132; baseline -0.005 0"><span class='ocrx_word' id='word_1_1' title='bbox 322 98 413 132; x_wconf 58' lang='lat'><strong>564¹</strong></span> <span class='ocrx_word' id='word_1_2' title='bbox 858 92 997 130; x_wconf 81' lang='grc' dir='ltr'><strong>ΤΙΤῙ</strong></span> <span class='ocrx_word' id='word_1_3' title='bbox 1035 90 1204 129; x_wconf 90' lang='lat' dir='ltr'>LIVII</span> 
     </span>
    </p>
   </div>
   <div class='ocr_carea' id='block_1_2' title="bbox 114 186 1777 2342">
    <p class='ocr_par' dir='ltr' id='par_1_2' title="bbox 114 186 1754 248">
     <span class='ocr_line' id='line_1_2' title="bbox 114 186 1754 248; baseline -0.001 -13"><span class='ocrx_word' id='word_1_4' title='bbox 114 204 157 235; x_wconf 81' lang='lat' dir='ltr'><strong>U.</strong></span> <span class='ocrx_word' id='word_1_5' title='bbox 175 203 213 233; x_wconf 82' lang='lat' dir='ltr'><em>c.</em></span> <span class='ocrx_word' id='word_1_6' title='bbox 227 202 301 233; x_wconf 71' lang='lat'><strong>452.</strong></span> <span class='ocrx_word' id='word_1_7' title='bbox 327 191 463 235; x_wconf 84' lang='lat' dir='ltr'><em>consul</em></span> <span class='ocrx_word' id='word_1_8' title='bbox 480 199 534 234; x_wconf 83' lang='lat' dir='ltr'><em>est</em></span> <span class='ocrx_word' id='word_1_9' title='bbox 551 190 710 248; x_wconf 83' lang='lat' dir='ltr'><em>factus.</em></span> <span class='ocrx_word' id='word_1_10' title='bbox 771 189 820 231; x_wconf 91' lang='lat' dir='ltr'><em>C.</em></span> <span class='ocrx_word' id='word_1_11' title='bbox 846 189 1031 231; x_wconf 71' lang='lat' dir='ltr'><em>Licinius</em></span> <span class='ocrx_word' id='word_1_12' title='bbox 1051 190 1163 231; x_wconf 82' lang='lat' dir='ltr'><em>Stolo</em></span> <span class='ocrx_word' id='word_1_13' title='bbox 1180 190 1335 245; x_wconf 81' lang='lat' dir='ltr'><em>primus</em></span> <span class='ocrx_word' id='word_1_14' title='bbox 1357 186 1548 247; x_wconf 77' lang='lat' dir='ltr'><em>magister</em></span> <span class='ocrx_word' id='word_1_15' title='bbox 1564 193 1754 248; x_wconf 79' lang='lat' dir='ltr'><em>equitum,</em></span> 
     </span>
    </p>

    <p class='ocr_par' dir='ltr' id='par_1_3' title="bbox 118 245 1764 969">
     <span class='ocr_line' id='line_1_3' title="bbox 118 245 1757 302; baseline 0 -11"><span class='ocrx_word' id='word_1_16' title='bbox 118 248 158 277; x_wconf 81' lang='lat' dir='ltr'><strong>A.</strong></span> <span class='ocrx_word' id='word_1_17' title='bbox 174 247 212 276; x_wconf 65' lang='lat' dir='ltr'><em>C·</em></span> <span class='ocrx_word' id='word_1_18' title='bbox 229 249 303 277; x_wconf 72' lang='lat'><strong>³⁰⁰·</strong></span> <span class='ocrx_word' id='word_1_19' title='bbox 331 250 381 291; x_wconf 85' lang='lat' dir='ltr'><strong>C.</strong></span> <span class='ocrx_word' id='word_1_20' title='bbox 401 249 588 293; x_wconf 78' lang='lat' dir='ltr'><em>Marcius</em></span> <span class='ocrx_word' id='word_1_21' title='bbox 611 245 778 290; x_wconf 78' lang='lat' dir='ltr'><em>Rutilus</em></span> <span class='ocrx_word' id='word_1_22' title='bbox 803 247 961 302; x_wconf 81' lang='lat' dir='ltr'><em>primus</em></span> <span class='ocrx_word' id='word_1_23' title='bbox 982 255 1017 287; x_wconf 78' lang='lat' dir='ltr'><em>et</em></span> <span class='ocrx_word' id='word_1_24' title='bbox 1046 248 1224 287; x_wconf 78' lang='lat' dir='ltr'><em>dictator</em></span> <span class='ocrx_word' id='word_1_25' title='bbox 1244 254 1280 288; x_wconf 85' lang='lat' dir='ltr'><em>et</em></span> <span class='ocrx_word' id='word_1_26' title='bbox 1301 262 1447 297; x_wconf 79' lang='lat' dir='ltr'><em>censor,</em></span> <span class='ocrx_word' id='word_1_27' title='bbox 1472 248 1524 302; x_wconf 94' lang='lat' dir='ltr'><em>Q.</em></span> <span class='ocrx_word' id='word_1_28' title='bbox 1546 248 1757 291; x_wconf 71' lang='lat' dir='ltr'><em>Publilius</em></span> 
     </span>
     <span class='ocr_line' id='line_1_4' title="bbox 336 302 1758 360; baseline -0.001 -12"><span class='ocrx_word' id='word_1_29' title='bbox 336 306 461 348; x_wconf 74' lang='lat' dir='ltr'><em>Philo</em></span> <span class='ocrx_word' id='word_1_30' title='bbox 477 307 635 360; x_wconf 82' lang='lat' dir='ltr'><em>primus</em></span> <span class='ocrx_word' id='word_1_31' title='bbox 645 311 809 359; x_wconf 69' lang='lat' dir='ltr'><em>prator.</em></span> <span class='ocrx_word' id='word_1_32' title='bbox 841 302 1002 357; x_wconf 74' lang='lat' dir='ltr'><em>Semper</em></span> <span class='ocrx_word' id='word_1_33' title='bbox 1020 305 1093 344; x_wconf 73' lang='lat' dir='ltr'><em>ista</em></span> <span class='ocrx_word' id='word_1_34' title='bbox 1117 303 1259 344; x_wconf 74' lang='lat' dir='ltr'><em>audita</em></span> <span class='ocrx_word' id='word_1_35' title='bbox 1278 311 1368 344; x_wconf 81' lang='lat' dir='ltr'><em>sunt</em></span> <span class='ocrx_word' id='word_1_36' title='bbox 1388 304 1537 354; x_wconf 82' lang='lat' dir='ltr'><em>eadem,</em></span> <span class='ocrx_word' id='word_1_37' title='bbox 1555 319 1670 360; x_wconf 83' lang='lat' dir='ltr'><em>penes</em></span> <span class='ocrx_word' id='word_1_38' title='bbox 1689 319 1758 347; x_wconf 76' lang='lat' dir='ltr'><em>vos</em></span> 
     </span>
     <span class='ocr_line' id='line_1_5' title="bbox 332 360 1760 417; baseline -0.001 -14"><span class='ocrx_word' id='word_1_39' title='bbox 332 363 515 417; x_wconf 81' lang='lat' dir='ltr'><em>auspicia</em></span> <span class='ocrx_word' id='word_1_40' title='bbox 545 376 635 411; x_wconf 84' lang='lat' dir='ltr'><em>esse,</em></span> <span class='ocrx_word' id='word_1_41' title='bbox 656 365 686 386; x_wconf 76' lang='lat'><em>³⁴</em></span> <span class='ocrx_word' id='word_1_42' title='bbox 701 374 768 400; x_wconf 78' lang='lat' dir='ltr'><em>vos</em></span> <span class='ocrx_word' id='word_1_43' title='bbox 789 360 888 400; x_wconf 83' lang='lat' dir='ltr'><em>solos</em></span> <span class='ocrx_word' id='word_1_44' title='bbox 906 367 1060 415; x_wconf 76' lang='lat' dir='ltr'><em>gentem</em></span> <span class='ocrx_word' id='word_1_45' title='bbox 1082 360 1240 410; x_wconf 78' lang='lat' dir='ltr'><em>habere,</em></span> <span class='ocrx_word' id='word_1_46' title='bbox 1261 375 1328 400; x_wconf 71' lang='lat' dir='ltr'><em>vos</em></span> <span class='ocrx_word' id='word_1_47' title='bbox 1339 360 1447 401; x_wconf 77' lang='lat' dir='ltr'><em>..solos</em></span> <span class='ocrx_word' id='word_1_48' title='bbox 1456 361 1615 415; x_wconf 81' lang='lat' dir='ltr'><em>justum</em></span> <span class='ocrx_word' id='word_1_49' title='bbox 1637 362 1760 417; x_wconf 82' lang='lat' dir='ltr'><em>impe-</em></span> 
     </span>
     <span class='ocr_line' id='line_1_6' title="bbox 331 415 1759 474; baseline -0.001 -14"><span class='ocrx_word' id='word_1_50' title='bbox 331 420 438 460; x_wconf 81' lang='lat' dir='ltr'><em>rium</em></span> <span class='ocrx_word' id='word_1_51' title='bbox 467 426 503 460; x_wconf 84' lang='lat' dir='ltr'><em>et</em></span> <span class='ocrx_word' id='word_1_52' title='bbox 533 417 755 474; x_wconf 80' lang='lat' dir='ltr'><em>auspicium</em></span> <span class='ocrx_word' id='word_1_53' title='bbox 785 416 891 456; x_wconf 76' lang='lat' dir='ltr'><em>domi</em></span> <span class='ocrx_word' id='word_1_54' title='bbox 921 415 1169 470; x_wconf 64' lang='lat' dir='ltr'><em>militiaque.</em></span> <span class='ocrx_word' id='word_1_55' title='bbox 1230 417 1360 472; x_wconf 64' lang='lat' dir='ltr'><em>dique</em></span> <span class='ocrx_word' id='word_1_56' title='bbox 1379 417 1509 457; x_wconf 73' lang='lat' dir='ltr'><em>adhuc</em></span> <span class='ocrx_word' id='word_1_57' title='bbox 1523 432 1759 472; x_wconf 79' lang='lat' dir='ltr'><em>prosperum</em></span> 
     </span>
     <span class='ocr_line' id='line_1_7' title="bbox 326 471 1759 531; baseline -0.001 -14"><span class='ocrx_word' id='word_1_58' title='bbox 326 475 530 531; x_wconf 78' lang='lat' dir='ltr'><em>plebeium</em></span> <span class='ocrx_word' id='word_1_59' title='bbox 568 489 614 515; x_wconf 86' lang='lat' dir='ltr'><em>ac</em></span> <span class='ocrx_word' id='word_1_60' title='bbox 649 473 872 528; x_wconf 78' lang='lat' dir='ltr'><em>patricium</em></span> <span class='ocrx_word' id='word_1_61' title='bbox 899 471 1008 527; x_wconf 83' lang='lat' dir='ltr'><em>fuit,</em></span> <span class='ocrx_word' id='word_1_62' title='bbox 1036 488 1236 528; x_wconf 79' lang='lat' dir='ltr'><em>porroque</em></span> <span class='ocrx_word' id='word_1_63' title='bbox 1265 473 1355 513; x_wconf 80' lang='lat' dir='ltr'><em>erit.</em></span> <span class='ocrx_word' id='word_1_64' title='bbox 1413 473 1529 515; x_wconf 71' lang='grc' dir='ltr'><em>35Εη</em></span> <span class='ocrx_word' id='word_1_65' title='bbox 1566 489 1759 529; x_wconf 83' lang='lat' dir='ltr'><em>umquam</em></span> 
     </span>
     <span class='ocr_line' id='line_1_8' title="bbox 318 528 1759 589; baseline -0.001 -16"><span class='ocrx_word' id='word_1_66' title='bbox 318 532 460 589; x_wconf 81' lang='lat' dir='ltr'><em>fando</em></span> <span class='ocrx_word' id='word_1_67' title='bbox 479 531 665 580; x_wconf 75' lang='lat' dir='ltr'><em>audistis,</em></span> <span class='ocrx_word' id='word_1_68' title='bbox 676 528 872 584; x_wconf 77' lang='lat' dir='ltr'><em>patricios</em></span> <span class='ocrx_word' id='word_1_69' title='bbox 886 530 1019 583; x_wconf 79' lang='lat' dir='ltr'><em>primo</em></span> <span class='ocrx_word' id='word_1_70' title='bbox 1041 543 1116 569; x_wconf 77' lang='lat' dir='ltr'><em>esse</em></span> <span class='ocrx_word' id='word_1_71' title='bbox 1121 528 1278 584; x_wconf 80' lang='lat' dir='ltr'><em>factos,</em></span> <span class='ocrx_word' id='word_1_72' title='bbox 1292 544 1367 570; x_wconf 82' lang='lat' dir='ltr'><em>uon</em></span> <span class='ocrx_word' id='word_1_73' title='bbox 1384 529 1430 570; x_wconf 83' lang='lat' dir='ltr'><em>de</em></span> <span class='ocrx_word' id='word_1_74' title='bbox 1450 529 1548 570; x_wconf 67' lang='lat' dir='ltr'><em>caclo</em></span> <span class='ocrx_word' id='word_1_75' title='bbox 1560 531 1759 580; x_wconf 78' lang='lat' dir='ltr'><em>demissos,</em></span> 
     </span>
     <span class='ocr_line' id='line_1_9' title="bbox 332 576 1762 644; baseline -0.001 -15"><span class='ocrx_word' id='word_1_76' title='bbox 332 589 400 630; x_wconf 88' lang='lat' dir='ltr'><em>sed</em></span> <span class='ocrx_word' id='word_1_77' title='bbox 419 589 489 644; x_wconf 77' lang='lat' dir='ltr'><em>qm·</em></span> <span class='ocrx_word' id='word_1_78' title='bbox 504 576 663 643; x_wconf 59' lang='lat' dir='ltr'><em>paereJn</em></span> <span class='ocrx_word' id='word_1_79' title='bbox 684 586 785 626; x_wconf 83' lang='lat' dir='ltr'><em>ciere</em></span> <span class='ocrx_word' id='word_1_80' title='bbox 802 592 972 638; x_wconf 77' lang='lat' dir='ltr'><em>possent,</em></span> <span class='ocrx_word' id='word_1_81' title='bbox 995 585 1038 625; x_wconf 81' lang='lat' dir='ltr'><em>id</em></span> <span class='ocrx_word' id='word_1_82' title='bbox 1057 592 1124 635; x_wconf 81' lang='lat' dir='ltr'><em>est,</em></span> <span class='ocrx_word' id='word_1_83' title='bbox 1146 585 1251 626; x_wconf 72' lang='lat' dir='ltr'><em>nihil</em></span> <span class='ocrx_word' id='word_1_84' title='bbox 1271 586 1379 627; x_wconf 75' lang='lat' dir='ltr'><em>ultra</em></span> <span class='ocrx_word' id='word_1_85' title='bbox 1403 600 1524 640; x_wconf 81' lang='lat' dir='ltr'><em>quam</em></span> <span class='ocrx_word' id='word_1_86' title='bbox 1540 585 1762 643; x_wconf 68' lang='lat' dir='ltr'><em>ingenuos?</em></span> 
     </span>
     <span class='ocr_line' id='line_1_10' title="bbox 337 641 1763 698; baseline -0.001 -12"><span class='ocrx_word' id='word_1_87' title='bbox 337 644 547 687; x_wconf 82' lang='lat' dir='ltr'><em>Consulem</em></span> <span class='ocrx_word' id='word_1_88' title='bbox 556 644 651 698; x_wconf 80' lang='lat' dir='ltr'><em>jam</em></span> <span class='ocrx_word' id='word_1_89' title='bbox 669 648 824 696; x_wconf 80' lang='lat' dir='ltr'><em>patrem</em></span> <span class='ocrx_word' id='word_1_90' title='bbox 841 641 942 682; x_wconf 76' lang='lat' dir='ltr'><em>ciere</em></span> <span class='ocrx_word' id='word_1_91' title='bbox 958 650 1133 696; x_wconf 81' lang='lat' dir='ltr'><em>possum,</em></span> <span class='ocrx_word' id='word_1_92' title='bbox 1151 657 1346 697; x_wconf 80' lang='lat' dir='ltr'><em>avumque</em></span> <span class='ocrx_word' id='word_1_93' title='bbox 1353 644 1448 698; x_wconf 82' lang='lat' dir='ltr'><em>jam</em></span> <span class='ocrx_word' id='word_1_94' title='bbox 1472 643 1622 697; x_wconf 79' lang='lat' dir='ltr'><em>poterit</em></span> <span class='ocrx_word' id='word_1_95' title='bbox 1638 643 1763 698; x_wconf 81' lang='lat' dir='ltr'><em>filius</em></span> 
     </span>
     <span class='ocr_line' id='line_1_11' title="bbox 334 696 1762 756; baseline -0.001 -14"><span class='ocrx_word' id='word_1_96' title='bbox 334 716 458 742; x_wconf 83' lang='lat' dir='ltr'><em>meus.</em></span> <span class='ocrx_word' id='word_1_97' title='bbox 516 703 548 726; x_wconf 79' lang='lat'><em>³⁶</em></span> <span class='ocrx_word' id='word_1_98' title='bbox 568 698 689 741; x_wconf 75' lang='lat' dir='ltr'><em>Nihil</em></span> <span class='ocrx_word' id='word_1_99' title='bbox 707 705 761 739; x_wconf 78' lang='lat' dir='ltr'><em>est</em></span> <span class='ocrx_word' id='word_1_100' title='bbox 783 697 898 738; x_wconf 77' lang='lat' dir='ltr'><em>aliud</em></span> <span class='ocrx_word' id='word_1_101' title='bbox 919 697 961 737; x_wconf 82' lang='grc' dir='ltr'><em>ιίι</em></span> <span class='ocrx_word' id='word_1_102' title='bbox 983 712 1036 749; x_wconf 81' lang='lat' dir='ltr'><em>re,</em></span> <span class='ocrx_word' id='word_1_103' title='bbox 1062 696 1256 749; x_wconf 76' lang='lat' dir='ltr'><em>Quirites,</em></span> <span class='ocrx_word' id='word_1_104' title='bbox 1278 699 1356 740; x_wconf 80' lang='lat' dir='ltr'><em>m‘si</em></span> <span class='ocrx_word' id='word_1_105' title='bbox 1386 705 1431 739; x_wconf 83' lang='lat' dir='ltr'><em>ut</em></span> <span class='ocrx_word' id='word_1_106' title='bbox 1451 699 1585 740; x_wconf 83' lang='lat' dir='ltr'><em>omnia</em></span> <span class='ocrx_word' id='word_1_107' title='bbox 1606 707 1762 756; x_wconf 69' lang='lat' dir='ltr'><em>uegata</em></span> 
     </span>
     <span class='ocr_line' id='line_1_12' title="bbox 334 755 1763 812; baseline -0.001 -13"><span class='ocrx_word' id='word_1_108' title='bbox 334 758 620 812; x_wconf 77' lang='lat' dir='ltr'><em>adipiscamur.</em></span> <span class='ocrx_word' id='word_1_109' title='bbox 642 762 838 796; x_wconf 81' lang='lat' dir='ltr'><em>certamen</em></span> <span class='ocrx_word' id='word_1_110' title='bbox 861 760 1020 794; x_wconf 82' lang='lat' dir='ltr'><em>tantum</em></span> <span class='ocrx_word' id='word_1_111' title='bbox 1034 755 1203 809; x_wconf 73' lang='lat' dir='ltr'><em>patricii</em></span> <span class='ocrx_word' id='word_1_112' title='bbox 1216 762 1372 809; x_wconf 79' lang='lat' dir='ltr'><em>petunt,</em></span> <span class='ocrx_word' id='word_1_113' title='bbox 1385 770 1451 797; x_wconf 82' lang='lat' dir='ltr'><em>nec</em></span> <span class='ocrx_word' id='word_1_114' title='bbox 1474 763 1636 806; x_wconf 83' lang='lat' dir='ltr'><em>curant,</em></span> <span class='ocrx_word' id='word_1_115' title='bbox 1648 771 1763 812; x_wconf 85' lang='lat' dir='ltr'><em>quem</em></span> 
     </span>
     <span class='ocr_line' id='line_1_13' title="bbox 335 810 1764 868; baseline -0.001 -12"><span class='ocrx_word' id='word_1_116' title='bbox 335 822 516 855; x_wconf 81' lang='lat' dir='ltr'><em>eventum</em></span> <span class='ocrx_word' id='word_1_117' title='bbox 535 812 798 853; x_wconf 75' lang='lat' dir='ltr'><em>certaminum</em></span> <span class='ocrx_word' id='word_1_118' title='bbox 818 810 1007 851; x_wconf 73' lang='lat' dir='ltr'><em>habeant.</em></span> <span class='ocrx_word' id='word_1_119' title='bbox 1070 810 1162 866; x_wconf 84' lang='lat' dir='ltr'><em>Ego</em></span> <span class='ocrx_word' id='word_1_120' title='bbox 1182 811 1285 852; x_wconf 80' lang='lat' dir='ltr'><em>lzanc</em></span> <span class='ocrx_word' id='word_1_121' title='bbox 1307 811 1446 868; x_wconf 85' lang='lat' dir='ltr'><em>legem,</em></span> <span class='ocrx_word' id='word_1_122' title='bbox 1465 812 1573 867; x_wconf 86' lang='lat' dir='ltr'><em>quod</em></span> <span class='ocrx_word' id='word_1_123' title='bbox 1603 812 1764 864; x_wconf 86' lang='lat' dir='ltr'><em>bonum,</em></span> 
     </span>
     <span class='ocr_line' id='line_1_14' title="bbox 321 867 1762 928; baseline -0.001 -16"><span class='ocrx_word' id='word_1_124' title='bbox 321 870 535 928; x_wconf 83' lang='lat' dir='ltr'><em>faustum,</em></span> <span class='ocrx_word' id='word_1_125' title='bbox 542 868 732 925; x_wconf 68' lang='lat' dir='ltr'><em>felixque</em></span> <span class='ocrx_word' id='word_1_126' title='bbox 752 868 803 908; x_wconf 77' lang='lat' dir='ltr'><em>sit</em></span> <span class='ocrx_word' id='word_1_127' title='bbox 838 867 949 908; x_wconf 79' lang='lat' dir='ltr'><em>vobis</em></span> <span class='ocrx_word' id='word_1_128' title='bbox 979 882 1026 908; x_wconf 89' lang='lat' dir='ltr'><em>ac</em></span> <span class='ocrx_word' id='word_1_129' title='bbox 1060 867 1304 922; x_wconf 64' lang='lat' dir='ltr'><em>reipublicae,</em></span> <span class='ocrx_word' id='word_1_130' title='bbox 1324 874 1356 898; x_wconf 83' lang='lat'><em>³⁷</em></span> <span class='ocrx_word' id='word_1_131' title='bbox 1374 868 1436 909; x_wconf 76' lang='lat' dir='ltr'><em>uti</em></span> <span class='ocrx_word' id='word_1_132' title='bbox 1469 869 1762 926; x_wconf 80' lang='lat' dir='ltr'><em>rogas,juben·</em></span> 
     </span>
     <span class='ocr_line' id='line_1_15' title="bbox 336 928 596 969; baseline -0.012 0"><span class='ocrx_word' id='word_1_133' title='bbox 336 928 430 969; x_wconf 83' lang='lat' dir='ltr'><em>dam</em></span> <span class='ocrx_word' id='word_1_134' title='bbox 451 941 596 968; x_wconf 84' lang='lat' dir='ltr'><em>censeo.</em></span> 
     </span>
    </p>

    <p class='ocr_par' dir='ltr' id='par_1_4' title="bbox 338 979 1769 1154">
     <span class='ocr_line' id='line_1_16' title="bbox 395 979 1765 1038; baseline -0.001 -13"><span class='ocrx_word' id='word_1_135' title='bbox 395 984 483 1025; x_wconf 92' lang='lat' dir='ltr'><strong>IX.</strong></span> <span class='ocrx_word' id='word_1_136' title='bbox 506 982 672 1023; x_wconf 83' lang='lat' dir='ltr'><em>Vocare</em></span> <span class='ocrx_word' id='word_1_137' title='bbox 697 980 831 1022; x_wconf 84' lang='lat' dir='ltr'><em>tribus</em></span> <span class='ocrx_word' id='word_1_138' title='bbox 855 979 1074 1036; x_wconf 75' lang='lat' dir='ltr'><em>extemplo</em></span> <span class='ocrx_word' id='word_1_139' title='bbox 1097 979 1278 1035; x_wconf 81' lang='lat' dir='ltr'><em>populus</em></span> <span class='ocrx_word' id='word_1_140' title='bbox 1295 979 1492 1035; x_wconf 87' lang='lat' dir='ltr'><em>jubebat,</em></span> <span class='ocrx_word' id='word_1_141' title='bbox 1513 981 1765 1038; x_wconf 81' lang='lat' dir='ltr'><em>adparebat·</em></span> 
     </span>
     <span class='ocr_line' id='line_1_17' title="bbox 338 1037 1766 1096; baseline -0.001 -15"><span class='ocrx_word' id='word_1_142' title='bbox 338 1056 421 1096; x_wconf 91' lang='lat' dir='ltr'><em>que</em></span> <span class='ocrx_word' id='word_1_143' title='bbox 441 1040 579 1095; x_wconf 84' lang='lat' dir='ltr'>accipi</span> <span class='ocrx_word' id='word_1_144' title='bbox 604 1039 765 1094; x_wconf 86' lang='lat' dir='ltr'><em>legem:</em></span> <span class='ocrx_word' id='word_1_145' title='bbox 789 1037 858 1078; x_wconf 87' lang='lat' dir='ltr'><em>ille</em></span> <span class='ocrx_word' id='word_1_146' title='bbox 879 1045 1020 1077; x_wconf 80' lang='lat' dir='ltr'><em>tamen</em></span> <span class='ocrx_word' id='word_1_147' title='bbox 1044 1037 1131 1078; x_wconf 88' lang='lat' dir='ltr'><em>dies</em></span> <span class='ocrx_word' id='word_1_148' title='bbox 1154 1047 1218 1076; x_wconf 86' lang='lat' dir='ltr'><em>est</em></span> <span class='ocrx_word' id='word_1_149' title='bbox 1241 1038 1541 1079; x_wconf 84' lang='lat' dir='ltr'><em>intercessione</em></span> <span class='ocrx_word' id='word_1_150' title='bbox 1561 1038 1766 1080; x_wconf 85' lang='lat' dir='ltr'><em>sublatus.</em></span> 
     </span>
     <span class='ocr_line' id='line_1_18' title="bbox 338 1094 1769 1154; baseline -0.001 -16"><span class='ocrx_word' id='word_1_151' title='bbox 338 1108 510 1154; x_wconf 86' lang='lat' dir='ltr'><em>postero</em></span> <span class='ocrx_word' id='word_1_152' title='bbox 550 1096 633 1146; x_wconf 85' lang='lat' dir='ltr'><em>die,</em></span> <span class='ocrx_word' id='word_1_153' title='bbox 665 1094 876 1135; x_wconf 88' lang='lat' dir='ltr'><em>deterritis</em></span> <span class='ocrx_word' id='word_1_154' title='bbox 909 1094 1106 1143; x_wconf 84' lang='lat' dir='ltr'><em>tribunis,</em></span> <span class='ocrx_word' id='word_1_155' title='bbox 1137 1094 1299 1148; x_wconf 84' lang='lat' dir='ltr'><em>ingenti</em></span> <span class='ocrx_word' id='word_1_156' title='bbox 1341 1108 1550 1135; x_wconf 86' lang='lat' dir='ltr'><em>consensu</em></span> <span class='ocrx_word' id='word_1_157' title='bbox 1591 1106 1769 1151; x_wconf 82' lang='lat' dir='ltr'><em>accepta</em></span> 
     </span>
    </p>

    <p class='ocr_par' dir='ltr' id='par_1_5' title="bbox 126 1150 1777 2342">
     <span class='ocr_line' id='line_1_19' title="bbox 128 1150 1768 1205; baseline -0.004 -6"><span class='ocrx_word' id='word_1_158' title='bbox 128 1166 291 1199; x_wconf 80' lang='lat' dir='ltr'><em>Pontifices</em></span> <span class='ocrx_word' id='word_1_159' title='bbox 339 1163 416 1196; x_wconf 88' lang='lat' dir='ltr'><em>est.</em></span> <span class='ocrx_word' id='word_1_160' title='bbox 480 1153 713 1194; x_wconf 89' lang='lat' dir='ltr'><em>Pontifices</em></span> <span class='ocrx_word' id='word_1_161' title='bbox 753 1160 950 1192; x_wconf 76' lang='lat' dir='ltr'><em>creantur</em></span> <span class='ocrx_word' id='word_1_162' title='bbox 991 1164 1136 1191; x_wconf 83' lang='lat' dir='ltr'><em>suasor</em></span> <span class='ocrx_word' id='word_1_163' title='bbox 1185 1151 1291 1205; x_wconf 81' lang='lat' dir='ltr'><em>legis</em></span> <span class='ocrx_word' id='word_1_164' title='bbox 1343 1150 1392 1191; x_wconf 93' lang='lat' dir='ltr'><em>P.</em></span> <span class='ocrx_word' id='word_1_165' title='bbox 1437 1150 1596 1192; x_wconf 84' lang='lat' dir='ltr'><em>Decius</em></span> <span class='ocrx_word' id='word_1_166' title='bbox 1648 1151 1768 1202; x_wconf 82' lang='lat' dir='ltr'><em>Mus„</em></span> 
     </span>
     <span class='ocr_line' id='line_1_20' title="bbox 127 1206 1768 1266; baseline -0.002 -14"><span class='ocrx_word' id='word_1_167' title='bbox 127 1214 301 1259; x_wconf 59' lang='lat' dir='ltr'><em>etaungeS</em></span> <span class='ocrx_word' id='word_1_168' title='bbox 342 1211 392 1252; x_wconf 91' lang='lat' dir='ltr'><em>P.</em></span> <span class='ocrx_word' id='word_1_169' title='bbox 433 1209 709 1266; x_wconf 85' lang='lat' dir='ltr'><em>Sempronius</em></span> <span class='ocrx_word' id='word_1_170' title='bbox 751 1206 935 1262; x_wconf 85' lang='lat' dir='ltr'><em>Sophus,</em></span> <span class='ocrx_word' id='word_1_171' title='bbox 979 1206 1030 1248; x_wconf 88' lang='lat' dir='ltr'><em>C.</em></span> <span class='ocrx_word' id='word_1_172' title='bbox 1063 1206 1253 1247; x_wconf 84' lang='lat' dir='ltr'><em>Marcius</em></span> <span class='ocrx_word' id='word_1_173' title='bbox 1298 1206 1484 1257; x_wconf 81' lang='lat' dir='ltr'><em>Rutilus,</em></span> <span class='ocrx_word' id='word_1_174' title='bbox 1517 1207 1583 1249; x_wconf 91' lang='lat' dir='ltr'><em>M.</em></span> <span class='ocrx_word' id='word_1_175' title='bbox 1621 1208 1768 1250; x_wconf 85' lang='lat' dir='ltr'><em>Livius</em></span> 
     </span>
     <span class='ocr_line' id='line_1_21' title="bbox 126 1254 1768 1319; baseline -0.002 -10"><span class='ocrx_word' id='word_1_176' title='bbox 126 1254 250 1293; x_wconf 72' lang='lat' dir='ltr'><em>plebem.</em></span> <span class='ocrx_word' id='word_1_177' title='bbox 342 1268 519 1309; x_wconf 86' lang='lat' dir='ltr'><em>Denter.</em></span> <span class='ocrx_word' id='word_1_178' title='bbox 580 1266 783 1319; x_wconf 84' lang='lat' dir='ltr'><em>Quinque</em></span> <span class='ocrx_word' id='word_1_179' title='bbox 813 1277 993 1319; x_wconf 80' lang='lat' dir='ltr'><em>augures</em></span> <span class='ocrx_word' id='word_1_180' title='bbox 1024 1265 1125 1304; x_wconf 87' lang='lat' dir='ltr'><em>item</em></span> <span class='ocrx_word' id='word_1_181' title='bbox 1149 1263 1200 1303; x_wconf 87' lang='lat' dir='ltr'><em>de</em></span> <span class='ocrx_word' id='word_1_182' title='bbox 1224 1263 1359 1318; x_wconf 83' lang='lat' dir='ltr'><em>plebe,</em></span> <span class='ocrx_word' id='word_1_183' title='bbox 1383 1263 1434 1305; x_wconf 90' lang='lat' dir='ltr'><em>C.</em></span> <span class='ocrx_word' id='word_1_184' title='bbox 1459 1265 1693 1315; x_wconf 86' lang='lat' dir='ltr'><em>Genucius,</em></span> <span class='ocrx_word' id='word_1_185' title='bbox 1717 1264 1768 1306; x_wconf 93' lang='lat' dir='ltr'><em>P.</em></span> 
     </span>
     <span class='ocr_line' id='line_1_22' title="bbox 342 1319 1771 1373; baseline -0.002 -7"><span class='ocrx_word' id='word_1_186' title='bbox 342 1325 480 1366; x_wconf 84' lang='lat' dir='ltr'><em>AElius</em></span> <span class='ocrx_word' id='word_1_187' title='bbox 513 1323 674 1373; x_wconf 86' lang='lat' dir='ltr'><em>Paetus,</em></span> <span class='ocrx_word' id='word_1_188' title='bbox 697 1321 763 1362; x_wconf 90' lang='lat' dir='ltr'><em>M.</em></span> <span class='ocrx_word' id='word_1_189' title='bbox 789 1320 1008 1361; x_wconf 89' lang='lat' dir='ltr'><em>Minucius</em></span> <span class='ocrx_word' id='word_1_190' title='bbox 1042 1320 1210 1370; x_wconf 85' lang='lat' dir='ltr'><em>Fessus,</em></span> <span class='ocrx_word' id='word_1_191' title='bbox 1233 1319 1284 1361; x_wconf 91' lang='lat' dir='ltr'><strong>C.</strong></span> <span class='ocrx_word' id='word_1_192' title='bbox 1316 1319 1525 1372; x_wconf 84' lang='lat' dir='ltr'><em>Mar-cius,</em></span> <span class='ocrx_word' id='word_1_193' title='bbox 1547 1320 1597 1362; x_wconf 88' lang='lat' dir='ltr'><em>T.</em></span> <span class='ocrx_word' id='word_1_194' title='bbox 1621 1321 1771 1363; x_wconf 89' lang='lat' dir='ltr'><em>Publi-</em></span> 
     </span>
     <span class='ocr_line' id='line_1_23' title="bbox 341 1376 1770 1434; baseline -0.001 -12"><span class='ocrx_word' id='word_1_195' title='bbox 341 1381 437 1422; x_wconf 91' lang='lat' dir='ltr'><em>lius.</em></span> <span class='ocrx_word' id='word_1_196' title='bbox 491 1379 560 1421; x_wconf 78' lang='lat' dir='ltr'><em>Ita</em></span> <span class='ocrx_word' id='word_1_197' title='bbox 580 1388 680 1420; x_wconf 87' lang='lat' dir='ltr'><em>octo</em></span> <span class='ocrx_word' id='word_1_198' title='bbox 702 1376 971 1434; x_wconf 84' lang='lat' dir='ltr'><em>pontificum,</em></span> <span class='ocrx_word' id='word_1_199' title='bbox 989 1391 1144 1418; x_wconf 86' lang='lat' dir='ltr'><em>novem</em></span> <span class='ocrx_word' id='word_1_200' title='bbox 1162 1391 1370 1433; x_wconf 85' lang='lat' dir='ltr'><em>augurum</em></span> <span class='ocrx_word' id='word_1_201' title='bbox 1393 1391 1591 1419; x_wconf 88' lang='lat' dir='ltr'><em>numerus</em></span> <span class='ocrx_word' id='word_1_202' title='bbox 1615 1378 1770 1420; x_wconf 85' lang='lat' dir='ltr'><em>factus.</em></span> 
     </span>
     <span class='ocr_line' id='line_1_24' title="bbox 129 1433 1771 1491; baseline -0.001 -13"><span class='ocrx_word' id='word_1_203' title='bbox 129 1435 193 1465; x_wconf 67' lang='lat'><em>¹⁴⁰¹</em></span> <span class='ocrx_word' id='word_1_204' title='bbox 209 1434 245 1484; x_wconf 65' lang='lat' dir='ltr'><em>&lt;ie</em></span> <span class='ocrx_word' id='word_1_205' title='bbox 261 1443 330 1472; x_wconf 63' lang='lat'>¹³¹⁰·</span> <span class='ocrx_word' id='word_1_206' title='bbox 345 1438 505 1479; x_wconf 87' lang='lat' dir='ltr'><em>Eodem</em></span> <span class='ocrx_word' id='word_1_207' title='bbox 528 1451 640 1477; x_wconf 87' lang='lat' dir='ltr'><em>anuo</em></span> <span class='ocrx_word' id='word_1_208' title='bbox 665 1435 731 1476; x_wconf 90' lang='lat' dir='ltr'><em>M.</em></span> <span class='ocrx_word' id='word_1_209' title='bbox 752 1434 942 1475; x_wconf 89' lang='lat' dir='ltr'><em>Valerius</em></span> <span class='ocrx_word' id='word_1_210' title='bbox 963 1433 1111 1475; x_wconf 83' lang='lat' dir='ltr'><em>consul</em></span> <span class='ocrx_word' id='word_1_211' title='bbox 1133 1433 1185 1474; x_wconf 90' lang='lat' dir='ltr'><em>de</em></span> <span class='ocrx_word' id='word_1_212' title='bbox 1205 1434 1507 1489; x_wconf 86' lang='lat' dir='ltr'><em>provocatione</em></span> <span class='ocrx_word' id='word_1_213' title='bbox 1532 1434 1670 1491; x_wconf 83' lang='lat' dir='ltr'><em>legem</em></span> <span class='ocrx_word' id='word_1_214' title='bbox 1702 1445 1771 1476; x_wconf 83' lang='lat' dir='ltr'><em>tu·</em></span> 
     </span>
     <span class='ocr_line' id='line_1_25' title="bbox 127 1483 1770 1550; baseline -0.001 -15"><span class='ocrx_word' id='word_1_215' title='bbox 127 1483 308 1550; x_wconf 45' lang='grc' dir='ltr'><em>ἔὲἕξΐῗὲᾆ·</em></span> <span class='ocrx_word' id='word_1_216' title='bbox 345 1495 404 1546; x_wconf 91' lang='lat' dir='ltr'><em>lit,</em></span> <span class='ocrx_word' id='word_1_217' title='bbox 436 1493 683 1549; x_wconf 80' lang='lat' dir='ltr'><em>diligentius</em></span> <span class='ocrx_word' id='word_1_218' title='bbox 717 1500 922 1532; x_wconf 82' lang='lat' dir='ltr'><em>sanctam.</em></span> <span class='ocrx_word' id='word_1_219' title='bbox 954 1491 1079 1531; x_wconf 88' lang='lat' dir='ltr'><em>tertio</em></span> <span class='ocrx_word' id='word_1_220' title='bbox 1110 1505 1161 1531; x_wconf 88' lang='lat' dir='ltr'><em>ea</em></span> <span class='ocrx_word' id='word_1_221' title='bbox 1193 1500 1284 1531; x_wconf 88' lang='lat' dir='ltr'><em>tum</em></span> <span class='ocrx_word' id='word_1_222' title='bbox 1315 1500 1412 1545; x_wconf 87' lang='lat' dir='ltr'><em>post</em></span> <span class='ocrx_word' id='word_1_223' title='bbox 1443 1506 1563 1547; x_wconf 87' lang='lat' dir='ltr'><em>reges</em></span> <span class='ocrx_word' id='word_1_224' title='bbox 1592 1501 1770 1533; x_wconf 84' lang='lat' dir='ltr'><em>exactos</em></span> 
     </span>
     <span class='ocr_line' id='line_1_26' title="bbox 340 1547 1771 1603; baseline -0.002 -10"><span class='ocrx_word' id='word_1_225' title='bbox 340 1552 428 1593; x_wconf 84' lang='lat' dir='ltr'><em>lata</em></span> <span class='ocrx_word' id='word_1_226' title='bbox 457 1560 535 1600; x_wconf 87' lang='lat' dir='ltr'><em>est,</em></span> <span class='ocrx_word' id='word_1_227' title='bbox 564 1555 595 1578; x_wconf 80' lang='lat'><em>³⁸</em></span> <span class='ocrx_word' id='word_1_228' title='bbox 611 1562 776 1603; x_wconf 86' lang='lat' dir='ltr'><em>semper</em></span> <span class='ocrx_word' id='word_1_229' title='bbox 805 1563 830 1588; x_wconf 87' lang='lat' dir='ltr'><em>a</em></span> <span class='ocrx_word' id='word_1_230' title='bbox 860 1547 1021 1588; x_wconf 77' lang='lat' dir='ltr'><em>familia</em></span> <span class='ocrx_word' id='word_1_231' title='bbox 1049 1547 1213 1588; x_wconf 83' lang='lat' dir='ltr'><em>eadem.</em></span> <span class='ocrx_word' id='word_1_232' title='bbox 1272 1547 1475 1588; x_wconf 87' lang='lat' dir='ltr'><em>Caussam</em></span> <span class='ocrx_word' id='word_1_233' title='bbox 1516 1549 1771 1590; x_wconf 82' lang='lat' dir='ltr'><em>renovandae</em></span> 
     </span>
     <span class='ocr_line' id='line_1_27' title="bbox 342 1604 1770 1663; baseline -0.002 -14"><span class='ocrx_word' id='word_1_234' title='bbox 342 1608 498 1663; x_wconf 84' lang='lat' dir='ltr'><em>saepius</em></span> <span class='ocrx_word' id='word_1_235' title='bbox 519 1607 633 1648; x_wconf 89' lang='lat' dir='ltr'><em>haud</em></span> <span class='ocrx_word' id='word_1_236' title='bbox 659 1605 784 1646; x_wconf 86' lang='lat' dir='ltr'><em>aliam</em></span> <span class='ocrx_word' id='word_1_237' title='bbox 816 1604 945 1645; x_wconf 89' lang='lat' dir='ltr'><em>fuisse</em></span> <span class='ocrx_word' id='word_1_238' title='bbox 979 1618 1083 1655; x_wconf 88' lang='lat' dir='ltr'><em>reor,</em></span> <span class='ocrx_word' id='word_1_239' title='bbox 1105 1618 1232 1658; x_wconf 85' lang='lat' dir='ltr'><em>quam</em></span> <span class='ocrx_word' id='word_1_240' title='bbox 1263 1604 1377 1659; x_wconf 88' lang='lat' dir='ltr'><em>quod</em></span> <span class='ocrx_word' id='word_1_241' title='bbox 1412 1605 1504 1660; x_wconf 91' lang='lat' dir='ltr'><em>plus</em></span> <span class='ocrx_word' id='word_1_242' title='bbox 1536 1618 1770 1660; x_wconf 86' lang='lat' dir='ltr'><em>paucorum</em></span> 
     </span>
     <span class='ocr_line' id='line_1_28' title="bbox 342 1660 1770 1721; baseline -0.002 -15"><span class='ocrx_word' id='word_1_243' title='bbox 342 1679 460 1721; x_wconf 88' lang='lat' dir='ltr'><em>opes,</em></span> <span class='ocrx_word' id='word_1_244' title='bbox 490 1677 618 1719; x_wconf 87' lang='lat' dir='ltr'><em>quam</em></span> <span class='ocrx_word' id='word_1_245' title='bbox 655 1662 825 1703; x_wconf 87' lang='lat' dir='ltr'><em>libertas</em></span> <span class='ocrx_word' id='word_1_246' title='bbox 866 1661 1016 1716; x_wconf 83' lang='lat' dir='ltr'><em>plebis,</em></span> <span class='ocrx_word' id='word_1_247' title='bbox 1049 1671 1260 1717; x_wconf 84' lang='lat' dir='ltr'><em>poteraut.</em></span> <span class='ocrx_word' id='word_1_248' title='bbox 1320 1660 1476 1702; x_wconf 84' lang='lat' dir='ltr'><em>Porcia</em></span> <span class='ocrx_word' id='word_1_249' title='bbox 1516 1672 1657 1703; x_wconf 84' lang='lat' dir='ltr'><em>tamen</em></span> <span class='ocrx_word' id='word_1_250' title='bbox 1699 1661 1770 1703; x_wconf 79' lang='lat' dir='ltr'><em>lex</em></span> 
     </span>
     <span class='ocr_line' id='line_1_29' title="bbox 342 1717 1771 1775; baseline -0.002 -13"><span class='ocrx_word' id='word_1_251' title='bbox 342 1722 431 1762; x_wconf 83' lang='lat' dir='ltr'><em>sola</em></span> <span class='ocrx_word' id='word_1_252' title='bbox 463 1735 540 1775; x_wconf 84' lang='lat' dir='ltr'><em>pro</em></span> <span class='ocrx_word' id='word_1_253' title='bbox 573 1728 693 1773; x_wconf 81' lang='lat' dir='ltr'><em>tergo</em></span> <span class='ocrx_word' id='word_1_254' title='bbox 727 1718 884 1759; x_wconf 90' lang='lat' dir='ltr'><em>civium</em></span> <span class='ocrx_word' id='word_1_255' title='bbox 922 1718 1006 1757; x_wconf 83' lang='lat' dir='ltr'><em>lata</em></span> <span class='ocrx_word' id='word_1_256' title='bbox 1037 1717 1226 1758; x_wconf 86' lang='lat' dir='ltr'><em>videtur:</em></span> <span class='ocrx_word' id='word_1_257' title='bbox 1260 1718 1372 1772; x_wconf 86' lang='lat' dir='ltr'><em>quod</em></span> <span class='ocrx_word' id='word_1_258' title='bbox 1407 1719 1524 1773; x_wconf 80' lang='lat' dir='ltr'><em>gravi</em></span> <span class='ocrx_word' id='word_1_259' title='bbox 1561 1733 1705 1775; x_wconf 65' lang='lat' dir='ltr'><em>poena,</em></span> <span class='ocrx_word' id='word_1_260' title='bbox 1736 1718 1771 1759; x_wconf 87' lang='lat' dir='ltr'><em>si</em></span> 
     </span>
     <span class='ocr_line' id='line_1_30' title="bbox 343 1774 1771 1834; baseline -0.002 -15"><span class='ocrx_word' id='word_1_261' title='bbox 343 1779 438 1834; x_wconf 87' lang='lat' dir='ltr'><em>quis</em></span> <span class='ocrx_word' id='word_1_262' title='bbox 463 1778 722 1818; x_wconf 83' lang='lat' dir='ltr'><em>verberasset</em></span> <span class='ocrx_word' id='word_1_263' title='bbox 745 1784 986 1816; x_wconf 83' lang='lat' dir='ltr'><em>necassetve</em></span> <span class='ocrx_word' id='word_1_264' title='bbox 1009 1776 1145 1815; x_wconf 85' lang='lat' dir='ltr'><em>civem</em></span> <span class='ocrx_word' id='word_1_265' title='bbox 1174 1774 1431 1824; x_wconf 84' lang='lat' dir='ltr'><em>Romanum,</em></span> <span class='ocrx_word' id='word_1_266' title='bbox 1454 1777 1610 1816; x_wconf 84' lang='lat' dir='ltr'><em>sanxit.</em></span> <span class='ocrx_word' id='word_1_267' title='bbox 1647 1774 1771 1816; x_wconf 85' lang='lat' dir='ltr'><em>Vale-</em></span> 
     </span>
     <span class='ocr_line' id='line_1_31' title="bbox 343 1831 1773 1888; baseline -0.003 -12"><span class='ocrx_word' id='word_1_268' title='bbox 343 1836 406 1876; x_wconf 85' lang='lat' dir='ltr'><em>ria</em></span> <span class='ocrx_word' id='word_1_269' title='bbox 428 1835 513 1885; x_wconf 86' lang='lat' dir='ltr'><em>lex,</em></span> <span class='ocrx_word' id='word_1_270' title='bbox 535 1847 667 1888; x_wconf 91' lang='lat' dir='ltr'><em>quum</em></span> <span class='ocrx_word' id='word_1_271' title='bbox 697 1846 808 1881; x_wconf 86' lang='lat' dir='ltr'><em>eum,</em></span> <span class='ocrx_word' id='word_1_272' title='bbox 830 1831 902 1886; x_wconf 87' lang='lat' dir='ltr'><em>qui</em></span> <span class='ocrx_word' id='word_1_273' title='bbox 935 1842 1222 1885; x_wconf 85' lang='lat' dir='ltr'><em>provocasset,</em></span> <span class='ocrx_word' id='word_1_274' title='bbox 1247 1831 1375 1886; x_wconf 84' lang='lat' dir='ltr'><em>virgis</em></span> <span class='ocrx_word' id='word_1_275' title='bbox 1406 1832 1531 1881; x_wconf 83' lang='lat' dir='ltr'><em>caedi,</em></span> <span class='ocrx_word' id='word_1_276' title='bbox 1552 1832 1773 1887; x_wconf 87' lang='lat' dir='ltr'><em>securique</em></span> 
     </span>
     <span class='ocr_line' id='line_1_32' title="bbox 343 1887 1773 1942; baseline -0.003 -9"><span class='ocrx_word' id='word_1_277' title='bbox 343 1891 485 1933; x_wconf 83' lang='lat' dir='ltr'><em>necari</em></span> <span class='ocrx_word' id='word_1_278' title='bbox 519 1891 733 1939; x_wconf 80' lang='lat' dir='ltr'><em>vetuisset,</em></span> <span class='ocrx_word' id='word_1_279' title='bbox 765 1889 798 1928; x_wconf 90' lang='lat' dir='ltr'><em>si</em></span> <span class='ocrx_word' id='word_1_280' title='bbox 831 1889 925 1942; x_wconf 90' lang='lat' dir='ltr'><em>quis</em></span> <span class='ocrx_word' id='word_1_281' title='bbox 955 1887 1154 1928; x_wconf 81' lang='lat' dir='ltr'><em>adversus</em></span> <span class='ocrx_word' id='word_1_282' title='bbox 1192 1902 1242 1927; x_wconf 85' lang='lat' dir='ltr'><em>ea</em></span> <span class='ocrx_word' id='word_1_283' title='bbox 1282 1887 1466 1938; x_wconf 84' lang='lat' dir='ltr'><em>fecisset,</em></span> <span class='ocrx_word' id='word_1_284' title='bbox 1501 1889 1605 1929; x_wconf 79' lang='lat' dir='ltr'><em>nihil</em></span> <span class='ocrx_word' id='word_1_285' title='bbox 1647 1888 1773 1938; x_wconf 87' lang='lat' dir='ltr'><em>ultra,</em></span> 
     </span>
     <span class='ocr_line' id='line_1_33' title="bbox 344 1943 1773 2004; baseline -0.001 -16"><span class='ocrx_word' id='word_1_286' title='bbox 344 1962 471 2004; x_wconf 84' lang='lat' dir='ltr'><em>quam</em></span> <span class='ocrx_word' id='word_1_287' title='bbox 505 1947 684 2001; x_wconf 85' lang='lat' dir='ltr'><em>inprobe</em></span> <span class='ocrx_word' id='word_1_288' title='bbox 714 1945 892 1994; x_wconf 84' lang='lat' dir='ltr'><em>factum,</em></span> <span class='ocrx_word' id='word_1_289' title='bbox 913 1944 1083 1998; x_wconf 82' lang='lat' dir='ltr'><em>adjecit.</em></span> <span class='ocrx_word' id='word_1_290' title='bbox 1145 1943 1192 1984; x_wconf 93' lang='lat' dir='ltr'><em>Id</em></span> <span class='ocrx_word' id='word_1_291' title='bbox 1217 1945 1306 1999; x_wconf 88' lang='lat' dir='ltr'><em>(qui</em></span> <span class='ocrx_word' id='word_1_292' title='bbox 1343 1954 1430 1984; x_wconf 79' lang='lat' dir='ltr'><em>tuni</em></span> <span class='ocrx_word' id='word_1_293' title='bbox 1467 1945 1605 1999; x_wconf 83' lang='lat' dir='ltr'><em>pudor</em></span> <span class='ocrx_word' id='word_1_294' title='bbox 1633 1945 1773 1986; x_wconf 86' lang='lat' dir='ltr'><em>homi·</em></span> 
     </span>
     <span class='ocr_line' id='line_1_34' title="bbox 346 1997 1773 2058; baseline -0.002 -13"><span class='ocrx_word' id='word_1_295' title='bbox 346 2019 447 2045; x_wconf 87' lang='lat' dir='ltr'><em>num</em></span> <span class='ocrx_word' id='word_1_296' title='bbox 489 2006 599 2054; x_wconf 84' lang='lat' dir='ltr'><em>erat)</em></span> <span class='ocrx_word' id='word_1_297' title='bbox 639 2003 792 2051; x_wconf 79' lang='lat' dir='ltr'><em>visum,</em></span> <span class='ocrx_word' id='word_1_298' title='bbox 831 2001 973 2051; x_wconf 80' lang='lat' dir='ltr'><em>credo,</em></span> <span class='ocrx_word' id='word_1_299' title='bbox 1019 1999 1234 2042; x_wconf 86' lang='lat' dir='ltr'><em>vinculum</em></span> <span class='ocrx_word' id='word_1_300' title='bbox 1276 2001 1375 2041; x_wconf 80' lang='lat' dir='ltr'><em>satis</em></span> <span class='ocrx_word' id='word_1_301' title='bbox 1419 2002 1600 2042; x_wconf 84' lang='lat' dir='ltr'><em>validum</em></span> <span class='ocrx_word' id='word_1_302' title='bbox 1651 1997 1773 2058; x_wconf 81' lang='lat' dir='ltr'><em>legis.</em></span> 
     </span>
     <span class='ocr_line' id='line_1_35' title="bbox 346 2057 1770 2113; baseline -0.002 -11"><span class='ocrx_word' id='word_1_303' title='bbox 346 2064 378 2088; x_wconf 69' lang='lat'><em>³⁹</em></span> <span class='ocrx_word' id='word_1_304' title='bbox 396 2076 507 2102; x_wconf 87' lang='lat' dir='ltr'><em>nunc</em></span> <span class='ocrx_word' id='word_1_305' title='bbox 529 2061 598 2100; x_wconf 80' lang='lat' dir='ltr'><em>vix</em></span> <span class='ocrx_word' id='word_1_306' title='bbox 623 2058 731 2099; x_wconf 85' lang='lat' dir='ltr'><em>serio</em></span> <span class='ocrx_word' id='word_1_307' title='bbox 753 2059 810 2098; x_wconf 90' lang='lat' dir='ltr'><em>ita</em></span> <span class='ocrx_word' id='word_1_308' title='bbox 832 2059 1012 2098; x_wconf 84' lang='lat' dir='ltr'><em>minetur</em></span> <span class='ocrx_word' id='word_1_309' title='bbox 1034 2058 1274 2113; x_wconf 80' lang='lat' dir='ltr'><em>quisquam.</em></span> <span class='ocrx_word' id='word_1_310' title='bbox 1336 2057 1499 2098; x_wconf 82' lang='lat' dir='ltr'><em>Bellum</em></span> <span class='ocrx_word' id='word_1_311' title='bbox 1535 2059 1588 2099; x_wconf 91' lang='lat' dir='ltr'><em>ab</em></span> <span class='ocrx_word' id='word_1_312' title='bbox 1620 2059 1770 2099; x_wconf 86' lang='lat' dir='ltr'><em>eodem</em></span> 
     </span>
     <span class='ocr_line' id='line_1_36' title="bbox 351 2111 1775 2171; baseline -0.002 -12"><span class='ocrx_word' id='word_1_313' title='bbox 351 2117 524 2159; x_wconf 88' lang='lat' dir='ltr'><em>consule</em></span> <span class='ocrx_word' id='word_1_314' title='bbox 546 2117 870 2171; x_wconf 77' lang='lat' dir='ltr'><em>haudquaquam</em></span> <span class='ocrx_word' id='word_1_315' title='bbox 909 2111 1182 2155; x_wconf 66' lang='lat' dir='ltr'><em>memorabile</em></span> <span class='ocrx_word' id='word_1_316' title='bbox 1204 2114 1401 2154; x_wconf 76' lang='lat' dir='ltr'><em>adversus</em></span> <span class='ocrx_word' id='word_1_317' title='bbox 1424 2114 1673 2156; x_wconf 84' lang='lat' dir='ltr'><em>rebellantes</em></span> <span class='ocrx_word' id='word_1_318' title='bbox 1698 2114 1775 2156; x_wconf 82' lang='lat' dir='ltr'><em>AE-</em></span> 
     </span>
     <span class='ocr_line' id='line_1_37' title="bbox 345 2170 1775 2229; baseline -0.001 -15"><span class='ocrx_word' id='word_1_319' title='bbox 345 2189 467 2229; x_wconf 82' lang='lat' dir='ltr'><em>quos,</em></span> <span class='ocrx_word' id='word_1_320' title='bbox 489 2188 615 2228; x_wconf 84' lang='lat' dir='ltr'><em>quum</em></span> <span class='ocrx_word' id='word_1_321' title='bbox 643 2182 794 2228; x_wconf 85' lang='lat' dir='ltr'><em>praeter</em></span> <span class='ocrx_word' id='word_1_322' title='bbox 815 2173 978 2211; x_wconf 79' lang='lat' dir='ltr'><em>animos</em></span> <span class='ocrx_word' id='word_1_323' title='bbox 1003 2170 1162 2211; x_wconf 85' lang='lat' dir='ltr'><em>feroces</em></span> <span class='ocrx_word' id='word_1_324' title='bbox 1187 2170 1290 2210; x_wconf 86' lang='lat' dir='ltr'><em>nihil</em></span> <span class='ocrx_word' id='word_1_325' title='bbox 1313 2186 1366 2211; x_wconf 81' lang='lat' dir='ltr'><em>cx</em></span> <span class='ocrx_word' id='word_1_326' title='bbox 1396 2171 1574 2226; x_wconf 84' lang='lat' dir='ltr'><em>antiqua</em></span> <span class='ocrx_word' id='word_1_327' title='bbox 1603 2170 1775 2212; x_wconf 86' lang='lat' dir='ltr'><em>fortuna</em></span> 
     </span>
     <span class='ocr_line' id='line_1_38' title="bbox 350 2226 1777 2285; baseline -0.002 -14"><span class='ocrx_word' id='word_1_328' title='bbox 350 2232 569 2281; x_wconf 76' lang='lat' dir='ltr'><em>haberent,</em></span> <span class='ocrx_word' id='word_1_329' title='bbox 599 2239 766 2285; x_wconf 81' lang='lat' dir='ltr'><em>gestum</em></span> <span class='ocrx_word' id='word_1_330' title='bbox 799 2238 876 2269; x_wconf 82' lang='lat' dir='ltr'><em>est.</em></span> <span class='ocrx_word' id='word_1_331' title='bbox 936 2227 1055 2267; x_wconf 80' lang='lat' dir='ltr'><em>Alter</em></span> <span class='ocrx_word' id='word_1_332' title='bbox 1086 2226 1232 2267; x_wconf 68' lang='lat' dir='ltr'><em>consul</em></span> <span class='ocrx_word' id='word_1_333' title='bbox 1255 2227 1490 2282; x_wconf 79' lang='lat' dir='ltr'><em>Appuleius</em></span> <span class='ocrx_word' id='word_1_334' title='bbox 1521 2227 1562 2269; x_wconf 88' lang='lat' dir='ltr'><em>in</em></span> <span class='ocrx_word' id='word_1_335' title='bbox 1596 2227 1777 2269; x_wconf 85' lang='lat' dir='ltr'><em>Umbria</em></span> 
     </span>
     <span class='ocr_line' id='line_1_39' title="bbox 349 2284 1777 2342; baseline -0.002 -14"><span class='ocrx_word' id='word_1_336' title='bbox 349 2288 592 2342; x_wconf 67' lang='lat' dir='ltr'><em>Nequinum</em></span> <span class='ocrx_word' id='word_1_337' title='bbox 617 2285 820 2341; x_wconf 76' lang='lat' dir='ltr'><em>oppidum</em></span> <span class='ocrx_word' id='word_1_338' title='bbox 843 2284 1126 2324; x_wconf 83' lang='lat' dir='ltr'><em>circumsedit.</em></span> <span class='ocrx_word' id='word_1_339' title='bbox 1150 2284 1264 2324; x_wconf 86' lang='lat' dir='ltr'><em>locus</em></span> <span class='ocrx_word' id='word_1_340' title='bbox 1287 2295 1374 2324; x_wconf 82' lang='lat' dir='ltr'><em>erat</em></span> <span class='ocrx_word' id='word_1_341' title='bbox 1394 2285 1563 2336; x_wconf 82' lang='lat' dir='ltr'><em>arduus,</em></span> <span class='ocrx_word' id='word_1_342' title='bbox 1584 2295 1712 2339; x_wconf 84' lang='lat' dir='ltr'><em>atque</em></span> <span class='ocrx_word' id='word_1_343' title='bbox 1733 2285 1777 2326; x_wconf 84' lang='lat' dir='ltr'><em>in</em></span> 
     </span>
    </p>
   </div>
   <div class='ocr_carea' id='block_1_3' title="bbox 314 2409 1778 2837">
    <p class='ocr_par' dir='ltr' id='par_1_6' title="bbox 347 2409 1777 2492">
     <span class='ocr_line' id='line_1_40' title="bbox 388 2409 1193 2447; baseline -0.006 -4"><span class='ocrx_word' id='word_1_344' title='bbox 388 2415 430 2443; x_wconf 76' lang='lat'><em>34</em></span> <span class='ocrx_word' id='word_1_345' title='bbox 455 2412 514 2442; x_wconf 67' lang='lat' dir='ltr'><em>los</em></span> <span class='ocrx_word' id='word_1_346' title='bbox 535 2413 612 2441; x_wconf 79' lang='lat' dir='ltr'><em>solos</em></span> <span class='ocrx_word' id='word_1_347' title='bbox 638 2414 765 2447; x_wconf 68' lang='lat' dir='ltr'><em>gentem</em></span> <span class='ocrx_word' id='word_1_348' title='bbox 797 2409 923 2447; x_wconf 64' lang='lat' dir='ltr'><em>habu-11]</em></span> <span class='ocrx_word' id='word_1_349' title='bbox 967 2409 1038 2438; x_wconf 60' lang='lat' dir='ltr'><em>vul.</em></span> <span class='ocrx_word' id='word_1_350' title='bbox 1083 2418 1193 2447; x_wconf 76' lang='lat' dir='ltr'><em>supra.</em></span> 
     </span>
     <span class='ocr_line' id='line_1_41' title="bbox 347 2451 1777 2492; baseline -0.002 -7"><span class='ocrx_word' id='word_1_351' title='bbox 347 2461 415 2485; x_wconf 77' lang='lat' dir='ltr'><em>not.</em></span> <span class='ocrx_word' id='word_1_352' title='bbox 431 2458 460 2485; x_wconf 66' lang='grc' dir='ltr'><em>Ξ.</em></span> <span class='ocrx_word' id='word_1_353' title='bbox 479 2455 519 2484; x_wconf 85' lang='lat' dir='ltr'><em>ad</em></span> <span class='ocrx_word' id='word_1_354' title='bbox 536 2464 564 2483; x_wconf 89' lang='lat' dir='ltr'><em>c.</em></span> <span class='ocrx_word' id='word_1_355' title='bbox 587 2457 612 2484; x_wconf 87' lang='grc' dir='ltr'><em>Ι.</em></span> <span class='ocrx_word' id='word_1_356' title='bbox 629 2453 650 2483; x_wconf 90' lang='lat' dir='ltr'><em>l.</em></span> <span class='ocrx_word' id='word_1_357' title='bbox 669 2454 720 2483; x_wconf 75' lang='lat' dir='ltr'><strong>IV.</strong></span> <span class='ocrx_word' id='word_1_358' title='bbox 1129 2456 1167 2481; x_wconf 61' lang='lat' dir='ltr'><strong>M</strong></span> <span class='ocrx_word' id='word_1_359' title='bbox 1195 2451 1327 2491; x_wconf 55' lang='lat' dir='ltr'><em>&amp;anper</em></span> <span class='ocrx_word' id='word_1_360' title='bbox 1343 2451 1508 2490; x_wconf 78' lang='lat' dir='ltr'><em>asumilin</em></span> <span class='ocrx_word' id='word_1_361' title='bbox 1523 2453 1647 2492; x_wconf 73' lang='lat' dir='ltr'><em>eadem]</em></span> <span class='ocrx_word' id='word_1_362' title='bbox 1668 2452 1777 2484; x_wconf 81' lang='lat' dir='ltr'><em>Primo</em></span> 
     </span>
    </p>

    <p class='ocr_par' dir='ltr' id='par_1_7' title="bbox 344 2495 1776 2580">
     <span class='ocr_line' id='line_1_42' title="bbox 388 2495 1776 2537; baseline 0 -11"><span class='ocrx_word' id='word_1_363' title='bbox 388 2498 522 2529; x_wconf 69' lang='lat' dir='ltr'><em>35³‘En</em></span> <span class='ocrx_word' id='word_1_364' title='bbox 538 2496 698 2537; x_wconf 82' lang='lat' dir='ltr'><em>uuquam]</em></span> <span class='ocrx_word' id='word_1_365' title='bbox 726 2496 972 2534; x_wconf 77' lang='lat' dir='ltr'><em>Nunquamne?</em></span> <span class='ocrx_word' id='word_1_366' title='bbox 999 2498 1037 2524; x_wconf 81' lang='lat' dir='ltr'><em>nt</em></span> <span class='ocrx_word' id='word_1_367' title='bbox 1081 2505 1099 2524; x_wconf 82' lang='lat' dir='ltr'><em>a</em></span> <span class='ocrx_word' id='word_1_368' title='bbox 1125 2495 1302 2529; x_wconf 77' lang='lat' dir='ltr'><em>Publicola,</em></span> <span class='ocrx_word' id='word_1_369' title='bbox 1319 2505 1419 2534; x_wconf 76' lang='lat' dir='ltr'><em>supra</em></span> <span class='ocrx_word' id='word_1_370' title='bbox 1442 2495 1484 2525; x_wconf 80' lang='grc' dir='ltr'><em>ΙΙ.</em></span> <span class='ocrx_word' id='word_1_371' title='bbox 1501 2499 1531 2526; x_wconf 76' lang='grc'><em>8.</em></span> <span class='ocrx_word' id='word_1_372' title='bbox 1576 2495 1739 2533; x_wconf 82' lang='lat' dir='ltr'><em>Secundo,</em></span> <span class='ocrx_word' id='word_1_373' title='bbox 1757 2507 1776 2526; x_wconf 72' lang='lat' dir='ltr'><em>a</em></span> 
     </span>
     <span class='ocr_line' id='line_1_43' title="bbox 344 2537 1496 2580; baseline -0.003 -9"><span class='ocrx_word' id='word_1_374' title='bbox 344 2551 444 2580; x_wconf 68' lang='lat' dir='ltr'><em>supra</em></span> <span class='ocrx_word' id='word_1_375' title='bbox 459 2541 517 2570; x_wconf 82' lang='lat' dir='ltr'><strong>lx.</strong></span> <span class='ocrx_word' id='word_1_376' title='bbox 539 2544 586 2571; x_wconf 90' lang='grc'><em>10.</em></span> <span class='ocrx_word' id='word_1_377' title='bbox 1081 2538 1210 2568; x_wconf 74' lang='lat' dir='ltr'><em>Vah-riu</em></span> <span class='ocrx_word' id='word_1_378' title='bbox 1228 2538 1346 2574; x_wconf 81' lang='lat' dir='ltr'><em>Potito,</em></span> <span class='ocrx_word' id='word_1_379' title='bbox 1366 2537 1424 2568; x_wconf 83' lang='grc' dir='ltr'>ΙΙΙ.</span> <span class='ocrx_word' id='word_1_380' title='bbox 1445 2541 1496 2568; x_wconf 83' lang='grc'><em>55.</em></span> 
     </span>
    </p>

    <p class='ocr_par' dir='ltr' id='par_1_8' title="bbox 345 2580 1778 2752">
     <span class='ocr_line' id='line_1_44' title="bbox 389 2580 1778 2620; baseline -0.002 -6"><span class='ocrx_word' id='word_1_381' title='bbox 389 2586 430 2614; x_wconf 84' lang='grc'><em>36</em></span> <span class='ocrx_word' id='word_1_382' title='bbox 454 2584 552 2614; x_wconf 59' lang='lat' dir='ltr'><em>Nihil</em></span> <span class='ocrx_word' id='word_1_383' title='bbox 565 2587 609 2613; x_wconf 72' lang='lat' dir='ltr'><em>est</em></span> <span class='ocrx_word' id='word_1_384' title='bbox 625 2582 717 2611; x_wconf 79' lang='lat' dir='ltr'><em>aliud</em></span> <span class='ocrx_word' id='word_1_385' title='bbox 732 2584 764 2611; x_wconf 78' lang='lat' dir='ltr'><em>in</em></span> <span class='ocrx_word' id='word_1_386' title='bbox 781 2583 830 2620; x_wconf 73' lang='lat' dir='ltr'><em>re]</em></span> <span class='ocrx_word' id='word_1_387' title='bbox 847 2581 915 2611; x_wconf 82' lang='lat' dir='ltr'><em>lloc</em></span> <span class='ocrx_word' id='word_1_388' title='bbox 932 2591 1036 2611; x_wconf 78' lang='lat' dir='ltr'><em>unuin</em></span> <span class='ocrx_word' id='word_1_389' title='bbox 1125 2584 1165 2614; x_wconf 70' lang='grc'><em>39</em></span> <span class='ocrx_word' id='word_1_390' title='bbox 1192 2581 1291 2611; x_wconf 75' lang='lat' dir='ltr'><em>Nunc</em></span> <span class='ocrx_word' id='word_1_391' title='bbox 1307 2583 1360 2611; x_wconf 81' lang='grc' dir='ltr'>ι·ι’.ι·</span> <span class='ocrx_word' id='word_1_392' title='bbox 1380 2580 1474 2619; x_wconf 74' lang='lat' dir='ltr'><em>serio]</em></span> <span class='ocrx_word' id='word_1_393' title='bbox 1501 2580 1588 2610; x_wconf 84' lang='lat' dir='ltr'><em>Olim</em></span> <span class='ocrx_word' id='word_1_394' title='bbox 1605 2583 1658 2612; x_wconf 59' lang='lat' dir='ltr'><em>ria·</em></span> <span class='ocrx_word' id='word_1_395' title='bbox 1678 2591 1778 2611; x_wconf 78' lang='lat' dir='ltr'><em>servo.</em></span> 
     </span>
     <span class='ocr_line' id='line_1_45' title="bbox 345 2623 1775 2666; baseline -0.001 -9"><span class='ocrx_word' id='word_1_396' title='bbox 345 2628 458 2665; x_wconf 70' lang='lat' dir='ltr'><em>agitur</em></span> <span class='ocrx_word' id='word_1_397' title='bbox 484 2636 502 2656; x_wconf 79' lang='lat' dir='ltr'><em>a</em></span> <span class='ocrx_word' id='word_1_398' title='bbox 525 2627 683 2666; x_wconf 51' lang='lat' dir='ltr'><em>patriciis,</em></span> <span class='ocrx_word' id='word_1_399' title='bbox 710 2625 768 2654; x_wconf 76' lang='lat' dir='ltr'><em>lwc</em></span> <span class='ocrx_word' id='word_1_400' title='bbox 794 2635 897 2654; x_wconf 82' lang='lat' dir='ltr'><em>unum</em></span> <span class='ocrx_word' id='word_1_401' title='bbox 922 2627 1038 2654; x_wconf 71' lang='lat' dir='ltr'><em>volunt</em></span> <span class='ocrx_word' id='word_1_402' title='bbox 1085 2624 1233 2654; x_wconf 58' lang='lat' dir='ltr'><em>folia-ites-</em></span> <span class='ocrx_word' id='word_1_403' title='bbox 1258 2624 1447 2654; x_wconf 62' lang='lat' dir='ltr'><em>emendavit</em></span> <span class='ocrx_word' id='word_1_404' title='bbox 1477 2623 1634 2654; x_wconf 75' lang='lat' dir='ltr'><em>Pithoeus.</em></span> <span class='ocrx_word' id='word_1_405' title='bbox 1678 2625 1775 2665; x_wconf 73' lang='lat' dir='ltr'><em>Quod</em></span> 
     </span>
     <span class='ocr_line' id='line_1_46' title="bbox 346 2666 1776 2710; baseline -0.001 -11"><span class='ocrx_word' id='word_1_406' title='bbox 346 2671 490 2710; x_wconf 80' lang='lat' dir='ltr'><em>patricii,</em></span> <span class='ocrx_word' id='word_1_407' title='bbox 508 2676 543 2698; x_wconf 84' lang='lat' dir='ltr'><em>ut</em></span> <span class='ocrx_word' id='word_1_408' title='bbox 560 2668 642 2699; x_wconf 88' lang='lat' dir='ltr'><em>nihil</em></span> <span class='ocrx_word' id='word_1_409' title='bbox 657 2669 889 2708; x_wconf 68' lang='lat' dir='ltr'><em>adipiscamur,</em></span> <span class='ocrx_word' id='word_1_410' title='bbox 903 2668 966 2698; x_wconf 75' lang='lat' dir='ltr'><em>nisi</em></span> <span class='ocrx_word' id='word_1_411' title='bbox 983 2677 1039 2697; x_wconf 82' lang='lat' dir='ltr'><em>ne-</em></span> <span class='ocrx_word' id='word_1_412' title='bbox 1083 2673 1164 2697; x_wconf 86' lang='lat' dir='ltr'><em>tunc</em></span> <span class='ocrx_word' id='word_1_413' title='bbox 1188 2669 1220 2696; x_wconf 87' lang='lat' dir='ltr'><em>iu</em></span> <span class='ocrx_word' id='word_1_414' title='bbox 1251 2666 1428 2697; x_wconf 79' lang='lat' dir='ltr'><em>sancienda</em></span> <span class='ocrx_word' id='word_1_415' title='bbox 1451 2668 1584 2696; x_wconf 78' lang='lat' dir='ltr'><em>maximi</em></span> <span class='ocrx_word' id='word_1_416' title='bbox 1613 2668 1776 2698; x_wconf 73' lang='lat' dir='ltr'><em>momenti</em></span> 
     </span>
     <span class='ocr_line' id='line_1_47' title="bbox 345 2710 1774 2752; baseline -0.001 -10"><span class='ocrx_word' id='word_1_417' title='bbox 345 2719 474 2751; x_wconf 75' lang='lat' dir='ltr'><em>gamm,</em></span> <span class='ocrx_word' id='word_1_418' title='bbox 492 2713 553 2741; x_wconf 88' lang='lat' dir='ltr'><em>nisi</em></span> <span class='ocrx_word' id='word_1_419' title='bbox 577 2718 752 2752; x_wconf 78' lang='lat' dir='ltr'><em>postquam</em></span> <span class='ocrx_word' id='word_1_420' title='bbox 775 2712 815 2740; x_wconf 80' lang='lat' dir='ltr'><em>ab</em></span> <span class='ocrx_word' id='word_1_421' title='bbox 839 2712 916 2750; x_wconf 75' lang='lat' dir='ltr'><em>ipsis</em></span> <span class='ocrx_word' id='word_1_422' title='bbox 940 2720 1040 2749; x_wconf 67' lang='lat' dir='ltr'><em>nega-</em></span> <span class='ocrx_word' id='word_1_423' title='bbox 1084 2710 1155 2748; x_wconf 64' lang='lat' dir='ltr'><em>leg-c</em></span> <span class='ocrx_word' id='word_1_424' title='bbox 1170 2710 1248 2740; x_wconf 73' lang='lat' dir='ltr'><em>satis</em></span> <span class='ocrx_word' id='word_1_425' title='bbox 1265 2720 1361 2749; x_wconf 70' lang='lat' dir='ltr'><em>grave</em></span> <span class='ocrx_word' id='word_1_426' title='bbox 1378 2710 1482 2740; x_wconf 83' lang='lat' dir='ltr'><em>visum</em></span> <span class='ocrx_word' id='word_1_427' title='bbox 1500 2714 1562 2746; x_wconf 79' lang='lat' dir='ltr'><em>est,</em></span> <span class='ocrx_word' id='word_1_428' title='bbox 1579 2711 1611 2740; x_wconf 74' lang='lat' dir='ltr'><em>id</em></span> <span class='ocrx_word' id='word_1_429' title='bbox 1627 2710 1722 2741; x_wconf 87' lang='lat' dir='ltr'><em>hodie</em></span> <span class='ocrx_word' id='word_1_430' title='bbox 1740 2711 1774 2740; x_wconf 85' lang='lat' dir='ltr'><em>in</em></span> 
     </span>
    </p>

    <p class='ocr_par' dir='ltr' id='par_1_9' title="bbox 314 2753 1774 2837">
     <span class='ocr_line' id='line_1_48' title="bbox 314 2753 1774 2795; baseline -0.001 -10"><span class='ocrx_word' id='word_1_431' title='bbox 314 2760 315 2763; x_wconf 77' lang='grc'>’</span> <span class='ocrx_word' id='word_1_432' title='bbox 346 2762 419 2785; x_wconf 76' lang='lat' dir='ltr'><em>tum</em></span> <span class='ocrx_word' id='word_1_433' title='bbox 436 2756 547 2785; x_wconf 75' lang='lat' dir='ltr'><em>fuerit.</em></span> <span class='ocrx_word' id='word_1_434' title='bbox 1085 2754 1218 2792; x_wconf 68' lang='lat' dir='ltr'><em>privatis</em></span> <span class='ocrx_word' id='word_1_435' title='bbox 1233 2754 1382 2791; x_wconf 79' lang='lat' dir='ltr'><em>rebus,in</em></span> <span class='ocrx_word' id='word_1_436' title='bbox 1395 2753 1575 2783; x_wconf 72' lang='lat' dir='ltr'><em>domestica</em></span> <span class='ocrx_word' id='word_1_437' title='bbox 1589 2754 1774 2795; x_wconf 69' lang='lat' dir='ltr'><em>disciplina,</em></span> 
     </span>
     <span class='ocr_line' id='line_1_49' title="bbox 374 2797 1599 2837; baseline -0.003 -6"><span class='ocrx_word' id='word_1_438' title='bbox 374 2802 414 2833; x_wconf 76' lang='lat'><em>37</em></span> <span class='ocrx_word' id='word_1_439' title='bbox 436 2799 493 2831; x_wconf 74' lang='lat' dir='ltr'><em>Uei</em></span> <span class='ocrx_word' id='word_1_440' title='bbox 502 2798 610 2837; x_wconf 75' lang='lat' dir='ltr'><em>rogm]</em></span> <span class='ocrx_word' id='word_1_441' title='bbox 627 2797 698 2828; x_wconf 76' lang='lat' dir='ltr'><em>vid.</em></span> <span class='ocrx_word' id='word_1_442' title='bbox 718 2802 785 2827; x_wconf 75' lang='lat' dir='ltr'><em>not.</em></span> <span class='ocrx_word' id='word_1_443' title='bbox 803 2800 853 2828; x_wconf 64' lang='lat'><em>59.</em></span> <span class='ocrx_word' id='word_1_444' title='bbox 866 2798 902 2825; x_wconf 71' lang='lat' dir='ltr'><em>:ul</em></span> <span class='ocrx_word' id='word_1_445' title='bbox 920 2797 971 2826; x_wconf 75' lang='lat' dir='ltr'><em>Vl.</em></span> <span class='ocrx_word' id='word_1_446' title='bbox 989 2799 1039 2826; x_wconf 55' lang='lat' dir='ltr'><strong>ff.</strong></span> <span class='ocrx_word' id='word_1_447' title='bbox 1086 2798 1135 2825; x_wconf 36' lang='lat' dir='ltr'><em>xvix.</em></span> <span class='ocrx_word' id='word_1_448' title='bbox 1153 2797 1236 2827; x_wconf 64' lang='lat' dir='ltr'><em>serio</em></span> <span class='ocrx_word' id='word_1_449' title='bbox 1254 2797 1398 2827; x_wconf 72' lang='lat' dir='ltr'><em>minetur</em></span> <span class='ocrx_word' id='word_1_450' title='bbox 1414 2797 1599 2834; x_wconf 73' lang='lat' dir='ltr'><em>quisquam.</em></span> 
     </span>
    </p>
   </div>
   <div class='ocr_carea' id='block_1_4' title="bbox 1844 0 1925 3239">
    <p class='ocr_par' dir='ltr' id='par_1_10' title="bbox 1844 0 1925 3239">
     <span class='ocr_line' id='line_1_50' title="bbox 1844 0 1925 3239; baseline 0 0"><span class='ocrx_word' id='word_1_451' title='bbox 1844 0 1925 3239; x_wconf 95' lang='lat' dir='ltr'><em> </em></span> 
     </span>
    </p>
   </div>
  </div>
 </body>
</html>
