1991 3250
158 660 294 688 Moritur

155 704 275 732 Ancus.

156 941 347 980 Tarquinius

158 995 289 1023 reguum
297 995 361 1014 am-

159 1028 216 1057 bit.

366 104 418 138 50
910 96 1049 134 ΤΙΤΙ
1083 94 1252 133 LIVII

367 213 495 240 cuum
516 212 613 240 eum
637 199 806 240 novitas
827 197 1078 251 divitiaeque
1100 194 1342 238 faciebant:
1373 202 1416 236 et
1445 194 1561 252 ipsee
1582 195 1801 239 fortunam

367 255 558 312 benigno
579 250 802 311 adloquio,
823 254 1029 297 comitate
1057 253 1086 275 ⁶¹
1103 253 1335 303 invitandi,
1353 252 1659 308 beneficiisque
1691 270 1799 310 quos

368 321 537 368 poterat
565 313 645 353 sibi
672 311 960 362 conciliando,
985 309 1244 365 adJuvabat3
1275 309 1412 351 donec
1446 311 1488 350 in
1509 311 1669 364 regiam
1691 327 1800 366 quo-

367 383 452 424 quc
473 370 526 411 de
547 383 599 410 eo
633 368 747 410 fama
770 368 932 424 perlata
962 376 1052 409 est:
1084 366 1369 422 notitiamque
1401 380 1495 407 eam
1531 366 1665 418 brevi,
1685 368 1801 424 apud

369 440 512 481 regem
536 425 812 466 ⁶⁹1iberaliter
833 425 1069 478 dextreque
1090 423 1291 465 obeundo
1324 423 1481 473 officia,
1505 423 1546 464 in
1581 422 1801 468 familiaris

368 482 573 524 amicitiae
597 481 959 536 adduxeintjura,
974 490 1022 520 ut
1043 480 1226 536 publicis
1250 481 1406 536 pariter
1425 494 1474 520 ac
1497 480 1674 535 privatis
1698 495 1801 523 con-

369 539 474 580 siliis
505 541 535 563 ⁶³
554 538 691 586 bello‘ff
713 539 916 592 domique
938 537 1185 578 interesset:
1219 547 1276 588 et,
1300 552 1379 593 peri
1406 537 1552 578 omnia
1583 547 1801 593 expertus,

370 604 591 652 postremo
623 605 740 636 tutor
761 595 890 637 etiam
916 594 1058 635 liberis
1082 594 1192 650 regis
1217 603 1472 635 testamento
1495 594 1804 637 institueretur.

430 651 638 694 XXXV.
673 652 892 709 Regnavit
912 651 1059 693 Ancus
1076 665 1209 692 annos
1227 661 1411 706 quatuor
1432 661 1476 691 et
1495 651 1664 707 viginti,
1681 651 1805 693 cuili-

372 709 446 750 bet
480 708 748 762 superiorum
782 723 931 765 regum
966 708 1064 749 belli
1099 708 1301 764 pacisque
1332 717 1376 748 et
1408 708 1571 749 artibus
1593 717 1636 749 et
1669 708 1806 764 gloria

373 780 463 822 par.
523 765 621 807 Jam
647 765 722 807 filii
745 781 880 822 prope
899 766 1104 821 puberem
1126 775 1296 806 aetatem
1315 775 1451 806 erant.
1470 779 1521 806 eo
1543 764 1680 821 magis
1702 764 1807 807 Tar-

373 821 545 878 quinius
568 822 741 874 instare,
764 833 811 864 ut
831 837 958 878 quam
983 822 1167 877 primum
1190 821 1368 863 comitia
1390 822 1480 877 regi
1513 823 1696 864 creando
1730 822 1806 863 fie-

372 890 482 921 rent.
543 879 714 925 Quibus
738 880 925 930 indictis,
943 881 1022 920 sub
1045 889 1213 934 tempus
1237 893 1389 935 pueros
1409 888 1609 919 venatum
1632 879 1804 935 ablega-

375 937 450 978 vit.
475 937 594 991 isque
618 938 778 992 primus
800 947 842 978 et
867 937 1023 993 petisse
1044 935 1272 977 ambitiose
1294 949 1488 990 regnum,
1508 946 1550 976 et
1566 936 1806 978 orationem

372 995 530 1036 dicitur
554 994 753 1035 habuisse
772 995 824 1036 acl
847 994 1140 1035 conciliandos
1158 992 1294 1049 plebis
1313 993 1478 1032 animos
1497 993 1806 1048 compositam:

372 1052 403 1075 ⁶⁴
418 1065 554 1107 quum,
586 1066 624 1092 se
657 1067 735 1093 non
771 1066 852 1092 rem
884 1066 1029 1092 novam
1053 1057 1212 1105 petere:
1253 1049 1398 1105 quippe
1431 1048 1501 1105 qui
1532 1064 1611 1090 non
1631 1049 1805 1105 primus,

373 1108 482 1164 qnod
509 1107 719 1163 quisquam
751 1108 962 1164 indignari
996 1108 1188 1149 mirarive
1216 1113 1359 1161 posset,
1391 1108 1459 1147 sed
1491 1107 1632 1148 tertius
1666 1104 1808 1148 Roma:

370 1165 602 1221 peregrinus
623 1180 788 1221 regnum
809 1164 1003 1222 affectet.-
1026 1172 1062 1206 et
1087 1164 1125 1205 T
1122 1165 1250 1205 atium
1271 1178 1351 1204 non
1372 1178 1418 1204 ex
1434 1163 1646 1219 peregrino
1667 1163 1808 1215 solum,

374 1223 441 1263 sed
459 1222 578 1264 eciam
599 1236 645 1263 ex
663 1223 784 1274 hoste,
805 1237 934 1278 regem
947 1222 1141 1278 suctum:
1171 1228 1208 1262 et
1243 1219 1438 1271 Numam,
1460 1220 1649 1277 ignarum
1684 1222 1810 1273 urbis,

371 1294 452 1320 non
467 1285 678 1334 petentem,
700 1279 744 1320 in
765 1294 931 1337 regnum
953 1279 1061 1321 ultro
1082 1278 1276 1320 adcitum.
1337 1278 1402 1328 Se,
1424 1292 1470 1318 ex
1492 1292 1568 1333 quo
1590 1278 1657 1319 sui
1670 1286 1812 1334 potens

358 1335 511 1393 ιίὶιενὶί,
532 1334 707 1377 Romam
729 1351 817 1377 cum
839 1337 1008 1393 conjuge
1027 1352 1074 1377 ac
1092 1335 1282 1393 fortunis
1307 1334 1492 1375 omnibus
1512 1349 1810 1392 commigrasse..-

167 1687 201 1714 Γ.
217 1685 253 1715 C.
269 1687 340 1715 138.

169 1732 202 1758 A.
220 1728 254 1757 (ἶ.
273 1731 347 1760 614.

169 1774 187 1800 ’,ἦ
195 1772 199 1799 i
206 1772 310 1810 igitur.

373 1395 570 1449 majorem
595 1401 758 1448 partem
790 1394 918 1434 (etatis
949 1394 1047 1449 ejuS,
1082 1407 1163 1448 qua
1195 1391 1380 1433 civilibus
1413 1391 1552 1446 officiis
1569 1391 1812 1448 jungantur

371 1450 561 1499 homines,
588 1450 731 1492 Roma:
750 1465 804 1501 se,
827 1465 947 1506 quam
969 1450 1013 1491 iu
1036 1456 1165 1490 vetere
1177 1448 1337 1505 patria,
1357 1448 1515 1489 vixisse.
1574 1448 1682 1490 domi
1702 1447 1812 1489 mili-

371 1507 514 1563 tiaeque
545 1507 661 1550 &sub
693 1507 804 1549 haud
824 1506 1054 1562 poenitendo
1085 1507 1294 1563 magistro,
1322 1505 1407 1559 ipso
1438 1504 1556 1547 Anco
1586 1519 1690 1562 rege,
1722 1503 1811 1547 Ro-

370 1579 492 1605 mana
512 1580 552 1606 se
558 1566 679 1622 jura,
703 1564 911 1607 Romanos
931 1564 1036 1605 ritus
1053 1563 1251 1604 didicisse.
1314 1561 1509 1618 Obsequio
1531 1569 1568 1603 et
1599 1563 1813 1604 observan-

379 1621 436 1661 tia
456 1623 498 1662 in
521 1637 648 1679 regem
671 1637 759 1663 cum
781 1623 974 1671 omnibus,
997 1621 1243 1676 benignitate
1259 1634 1355 1677 erga
1378 1618 1478 1660 alios
1499 1634 1587 1661 cum
1620 1634 1709 1676 rege
1729 1619 1811 1675 ipso

377 1685 561 1720 certasse.
624 1679 736 1721 Haec
767 1693 864 1720 eum
895 1678 1010 1720 haud
1041 1678 1147 1719 falsa
1168 1686 1478 1718 memorantem
1511 1676 1676 1733 ingenti
1709 1691 1814 1718 con-

378 1750 502 1777 sensu
525 1737 709 1792 populus
729 1736 952 1778 Romanus
970 1749 1149 1792 regnare
1163 1734 1311 1790 jussit.
1362 1732 1479 1790 Ergo
1500 1734 1653 1785 virum,
1671 1743 1815 1777 cetera

376 1794 614 1848 egregium,
638 1803 797 1846 secuta,
817 1799 946 1849 quam
968 1794 1012 1834 in
1031 1793 1217 1850 petendo
1238 1792 1460 1841 habuerat,
1478 1791 1607 1832 etiam
1629 1805 1812 1848 regnan-

375 1859 462 1891 tem
486 1851 668 1892 ambitio
690 1860 767 1892 est.
830 1866 907 1892 nec
929 1850 1071 1892 minus
1106 1849 1224 1905 regni
1248 1849 1314 1892 sui
1339 1848 1552 1900 firmandi,
1575 1862 1704 1904 quam
1737 1863 1811 1889 au-

376 1907 528 1965 gendae
565 1908 814 1964 reipublicae
848 1922 1027 1959 memor,
1058 1908 1279 1949 ⁶⁶centuru
1310 1905 1353 1946 in
1388 1904 1536 1946 Patres
1568 1904 1702 1962 legit3
1736 1905 1811 1960 qui

683 2018 695 2033 ‘-
711 2019 738 2043 et
754 2014 817 2053 ipse
830 2022 946 2055 quoque
961 2012 1058 2042 Gron.
1076 2013 1168 2043 Crev.
1298 2010 1314 2032 ‘¹
1328 2011 1398 2042 belli
1413 2012 1502 2042 Crev.

420 2098 490 2128 61*
506 2097 684 2139 Invitandc']
709 2098 841 2139 Nempe
864 2098 905 2130 ad
933 2108 1075 2136 coenam,

377 2140 419 2171 <id
435 2140 561 2181 epulas.

422 2185 463 2215 6⁶2
472 2184 492 2202 *
502 2185 700 2215 Liberaliter
713 2185 900 2225 dextraque]
919 2184 967 2216 Eo
980 2184 1077 2215 modo

379 2228 436 2267 qui
450 2228 679 2268 etingenuum
695 2239 732 2258 ac
747 2229 891 2260 nobilem
904 2229 1075 2259 hominem

380 2271 527 2308 deceret,
542 2278 578 2302 et
592 2271 747 2303 solertem
768 2273 932 2312 probaret.
980 2272 1078 2302 Libe-

379 2317 453 2345 rale
463 2320 513 2345 est
526 2315 560 2346 id
570 2315 658 2356 quod
673 2316 806 2346 homine
819 2315 922 2346 libero
935 2315 1074 2355 dignum

379 2364 443 2389 est,
709 2377 713 2381 ·

425 2401 466 2433 63
489 2399 579 2432 Belli
608 2401 768 2444 domique]
793 2401 902 2441 Vulgo
925 2403 1003 2433 bello
1025 2402 1078 2432 do-

381 2446 502 2484 mique.
519 2445 582 2475 Sed
599 2455 657 2486 pro
674 2456 714 2476 ea
727 2447 893 2486 scriptura
904 2456 1003 2485 quam
1022 2445 1079 2475 ad-

383 2489 549 2526 misimus,
569 2488 699 2520 faeiunt
721 2489 788 2520 duo
813 2500 832 2519 e
860 2490 958 2529 regiis
984 2489 1079 2520 codd.

382 2531 620 2572 probatissimi,
656 2539 692 2563 et
735 2532 882 2564 solennis
922 2532 1079 2573 loquendi

385 2576 602 2606 consuetudo.

429 2618 471 2648 64
493 2619 622 2659 Quum,
637 2629 669 2650 se
684 2629 746 2650 mm
768 2629 840 2650 rem
855 2619 986 2661 novam]
1012 2620 1080 2650 Eli-

386 2660 546 2692 minanda
559 2662 690 2693 videtur
712 2663 877 2704 particula
896 2674 1010 2705 quum,
1027 2666 1080 2695 cui

386 2703 470 2734 nihil
492 2709 544 2734 est
570 2707 657 2744 quod
685 2707 894 2746 respondeat.
941 2707 1035 2738 Unus
1062 2717 1080 2738 e

386 2748 507 2777 nostris
520 2747 613 2778 codd.
630 2749 728 2779 habet
744 2754 834 2783 tunm
850 2750 934 2781 alius
947 2751 1077 2789 habuit,

388 2791 443 2820 sed
460 2792 642 2822 recentiore
659 2802 761 2823 manu
784 2797 953 2824 mutatum
977 2800 1028 2824 est
1043 2795 1077 2825 in

388 2843 471 2864 cnm.
508 2834 595 2865 Illud
611 2839 684 2867 {mn
694 2837 771 2867 oriri
787 2837 897 2877 potuit
907 2848 944 2868 ex
959 2837 1077 2869 ultima

1120 2097 1247 2138 syllaba
1275 2099 1363 2129 vocis
1392 2100 1608 2139 compositam.
1652 2098 1816 2132 Deleatur

1121 2142 1187 2171 sive
1204 2149 1289 2180 tuna,
1303 2148 1341 2173 ut
1356 2143 1576 2183 superfluum,
1588 2143 1656 2173 sive
1670 2153 1758 2182 cum,
1774 2149 1816 2180 ut

1121 2186 1259 2216 turbans
1275 2186 1376 2216 etiam
1392 2187 1550 2216 orationis
1566 2190 1781 2218 structuram.

1164 2228 1311 2260 65⁴*Sub
1332 2230 1424 2260 haud
1439 2231 1620 2270 poenitendo
1641 2231 1812 2273 mag-istro]

1119 2271 1188 2302 Sub
1218 2273 1390 2312 magistro,
1421 2274 1516 2312 cujus
1546 2283 1624 2305 eum
1654 2276 1816 2314 poenitere

1121 2324 1187 2346 non
1202 2315 1338 2347 debeat:
1356 2317 1454 2357 idque
1467 2317 1592 2348 dictum
1605 2318 1718 2358 accipe
1731 2318 1817 2349 κατὰ

1119 2358 1281 2398 ›tm-mea,
1303 2366 1339 2391 et
1364 2361 1450 2391 idem
1475 2360 1582 2391 valere
1606 2365 1700 2401 puta,
1723 2372 1761 2392 ac
1787 2363 1816 2392 si

1122 2403 1279 2433 dixisset:
1311 2414 1409 2444 quem
1433 2414 1564 2435 summo
1587 2414 1663 2435 cum
1691 2405 1815 2436 honore

1123 2446 1289 2486 appellare
1320 2450 1440 2488 possit3
1479 2448 1574 2486 cujus
1611 2448 1816 2489 discipulum

1123 2489 1223 2520 fuisse
1239 2491 1301 2521 sibi
1317 2491 1433 2522 honori
1449 2500 1518 2521 esse
1535 2492 1714 2532 intelligat.

1167 2534 1209 2564 66
1236 2534 1371 2566 Centum
1399 2536 1435 2565 in
1466 2533 1589 2566 Patres
1618 2535 1710 2576 legit]
1744 2535 1819 2566 Ple·

1124 2578 1213 2608 beios
1250 2577 1399 2609 homines
1437 2585 1586 2616 centum,
1618 2579 1817 2609 clarissimos

1124 2631 1271 2660 quosque
1297 2622 1419 2651 virtute
1444 2622 1619 2661 factisque,
1647 2624 1754 2664 primo
1780 2623 1816 2652 in

1124 2666 1339 2705 patriciorum
1354 2665 1519 2703 ordinem,
1535 2665 1655 2697 deinde
1670 2668 1704 2696 in
1721 2674 1818 2696 sena-

1124 2712 1197 2738 tum
1221 2708 1346 2747 allegit.
1392 2709 1490 2739 Tunc
1513 2714 1742 2740 trecentorum
1765 2719 1818 2740 se·

1123 2755 1276 2782 natorum
1291 2761 1450 2782 numerus
1464 2752 1616 2792 expletus
1633 2759 1697 2791 est,
1711 2762 1816 2792 quum

1121 2801 1222 2827 antea
1237 2795 1374 2826 ducenti
1392 2796 1512 2826 forent.
1556 2796 1657 2827 Dion.
1672 2797 1695 2827 l.
1713 2796 1775 2828 111.
