1925 3239
593 110 712 152 LIB,
740 112 791 151 X.
831 112 957 151 CAP.
985 111 1212 152 XXXVIII.
1539 121 1612 160 597

177 223 258 265 tus,
277 223 493 258 sacratusp
515 214 666 257 fuerat.
729 214 945 264 Ceterum,
969 213 1051 255 hoc
1073 214 1242 255 demum
1267 227 1378 255 anno
1396 223 1443 255 ut
1474 216 1608 257 aedem

171 271 297 312 etiam
335 272 426 313 fieri
462 282 631 314 senatus
662 271 850 327 juberet,
886 271 949 311 bis
985 270 1175 325 ejusdem
1207 277 1235 298 ⁵³
1253 271 1336 312 voti
1370 272 1608 314 ”damnata

171 328 411 383 respublica
432 332 462 352 ⁵⁵
477 329 518 370 in
540 330 790 384 religionem
814 328 944 369 venit.

228 384 512 426 XXXVIII.
543 387 743 441 Sequitur
766 385 879 426 hunc
901 398 1059 425 annum
1082 392 1125 424 et
1154 384 1301 424 consul
1338 385 1515 441 insignis
1555 386 1600 428 L.
1616 395 1657 426 U.
1676 396 1711 426 C.
1728 401 1800 433 459.

175 440 371 496 Papirius
395 441 568 493 Cursor,
590 458 674 497 qua
698 450 872 498 paterna
893 441 1042 495 gloria,
1064 455 1148 495 qua
1172 456 1260 491 sua,
1282 450 1324 481 et
1353 442 1505 482 bellum
1540 443 1601 484 in·
1613 439 1651 511 ἶ
1669 440 1705 470 C.
1723 444 1795 490 ⁴39,ss-

166 512 271 553 gens
296 498 571 554 victoriaque,
593 510 795 554 quantam
818 499 870 538 de
892 497 1155 538 Samnitibus
1181 512 1305 538 nemo
1329 498 1380 538 ad
1411 513 1501 539 eam
1535 501 1598 540 di·
1612 484 1796 564 SiLPZapsssfss'

167 569 250 605 em,
274 565 427 610 praeter
452 556 498 596 L.
526 555 742 612 Papirium
765 565 927 610 patrem
953 554 1153 605 consulis,
1178 564 1419 610 pepererat:
1450 566 1492 595 et
1514 556 1598 597 for·
1611 568 1652 599 lio
1668 571 1754 600 Coss.

166 621 209 651 te
248 612 396 652 eodem
440 625 595 653 conatu
637 613 929 668 adparatuque
966 612 1081 652 omni
1115 611 1334 667 opulentia
1365 612 1597 668 insignium

164 681 377 708 armorum
402 669 556 710 bellum
581 669 916 710 adornaverant:
949 677 992 709 et
1016 667 1205 709 Deorum
1233 668 1360 708 etiam
1391 669 1600 711 adhibue-

157 734 257 764 rant
297 740 415 780 opes,
447 726 529 766 ritu
562 727 747 781 quodam
780 724 1030 766 sacramenti
1063 734 1228 765 vetusto
1260 724 1375 765 velut
1417 725 1595 768 initiatis

161 780 383 832 militibus,
407 782 573 823 delectu
597 798 670 838 per
691 797 816 824 omne
839 782 1059 822 Samnium
1079 781 1228 822 habito
1250 796 1361 822 nova
1381 780 1502 836 lege:
1533 794 1593 834 ut,

158 839 232 892 qui
249 838 470 893 juniorum
488 854 572 880 non
588 840 856 881 convenisset
875 839 926 879 ad
947 839 1264 894 imperatorium
1284 838 1485 889 edictum,
1499 841 1593 896 qui-

159 909 240 949 que
257 895 416 950 injussu
435 897 607 947 abisset,
621 896 861 953 caputJovi
877 905 1086 936 sacratum
1105 906 1227 935 esset.
1249 894 1357 935 Tum
1377 898 1591 938 exercitus

157 953 295 992 omnis
319 952 592 1007 Aquiloniam
615 963 679 994 est
708 953 909 994 indictus.
930 951 983 993 ad
1011 951 1293 1007 quadraginta
1321 951 1452 993 millia
1483 955 1591 994 mili·

157 1019 264 1059 tum,
285 1009 399 1064 quod
423 1010 586 1050 roboris
609 1010 648 1050 in
675 1009 849 1051 Samnio
869 1019 972 1059 erat,
993 1020 1298 1049 convenerunt.
1350 1008 1416 1049 Ibi
1441 1011 1589 1051 mediis

156 1064 243 1106 fere
265 1067 412 1106 castris
430 1066 548 1107 locus
571 1079 635 1107 est
655 1075 883 1122 conseptus
910 1066 1098 1106 cratibus
1120 1066 1149 1088 ⁵⁶
1163 1065 1416 1120 pluteisque,
1438 1076 1480 1106 et
1510 1067 1589 1108 lin-

156 1122 235 1162 teis
256 1133 494 1174 contectuS,
518 1134 665 1178 patens
686 1124 894 1164 ducentos
915 1122 1101 1164 maxime
1121 1122 1249 1176 pedes
1271 1122 1313 1162 in
1345 1136 1491 1163 omnes
1515 1138 1588 1179 pa-

153 1179 255 1220 riter
276 1189 430 1233 partes·
491 1179 557 1221 Ibi
581 1185 678 1221 ⁵⁷ex
702 1181 811 1221 libro
833 1190 974 1220 vetere
996 1179 1125 1219 linteo
1152 1179 1264 1219 lecto
1286 1179 1585 1232 sacrificatum,
1600 1194 1795 1229 Sacmmemo

153 1236 373 1277 sacerdote
397 1236 510 1277 Ovio
535 1237 684 1278 Pactio
707 1237 908 1292 quodam,
930 1236 1105 1277 homine
1127 1249 1282 1290 magno
1305 1245 1422 1287 natu,
1444 1237 1514 1290 qui
1542 1252 1584 1279 se
1598 1239 1766 1287 adiguntur

152 1291 194 1333 id
226 1308 389 1333 sacrum
424 1304 567 1348 petere
596 1294 851 1334 adfirmabat
871 1308 924 1334 ex
951 1302 1113 1333 vetusta
1135 1292 1390 1333 Samnitium
1413 1282 1784 1356 1·eligio-}¹;1¹1¹1¹gi³tium

149 1363 227 1400 ne3
258 1364 343 1404 qua
373 1351 588 1404 quondam
623 1351 683 1390 usi
716 1350 897 1405 majores
929 1364 1075 1390 eorum
1107 1349 1299 1399 fuissent,
1328 1364 1458 1404 quum
1492 1351 1748 1399 adi-horrendo

149 1407 314 1447 mendae
350 1406 536 1448 Etruscis
569 1406 731 1464 Capuae
762 1407 1070 1448 clandestinum
1101 1406 1313 1460 cepissent
1343 1407 1724 1459 consilium.q}=0da¹n

149 1462 369 1504 Sacrificio
401 1463 606 1519 perfecto,
638 1479 710 1520 per
742 1465 945 1504 viatorem
976 1465 1205 1517 imperator
1235 1462 1365 1503 adeiri
1398 1460 1668 1516 jubebatmu‘

145 1519 456 1560 nobilissimum
481 1535 694 1576 quemque
719 1535 874 1577 genere
904 1520 1128 1575 factisque.
1151 1519 1307 1574 singuli
1339 1519 1581 1563 introduce-

147 1577 317 1617 bantur.
378 1576 480 1618 Erat
509 1592 640 1632 quum
671 1577 775 1619 alius
806 1578 1030 1633 adparatus
1070 1577 1192 1626 sacri,
1222 1576 1293 1631 qui
1326 1576 1580 1630 perfundere

142 1633 348 1688 religione
369 1635 556 1675 animum
583 1643 748 1689 posset3
780 1644 870 1675 tum
894 1635 932 1674 in
962 1634 1057 1674 loco
1086 1634 1201 1674 circa
1230 1633 1346 1673 omni
1378 1644 1577 1676 contecto

144 1704 227 1730 arae
250 1690 293 1730 in
316 1691 471 1741 medio,
489 1692 758 1747 victimaeque
779 1692 892 1732 circa
914 1705 1051 1741 caesae,
1070 1698 1112 1730 et
1132 1690 1455 1730 circumstantes
1477 1705 1577 1732 cen-

143 1746 332 1787 turiones
355 1748 512 1788 strictis
534 1748 696 1803 gladiis.
728 1773 740 1777 -
758 1747 1081 1788 Admovebatur
1100 1746 1304 1787 altaribus
1332 1746 1464 1797 miles,
1484 1762 1574 1789 ma-

142 1803 207 1857 gis
234 1814 278 1844 ut
297 1805 486 1855 victima,
505 1819 631 1859 quam
652 1816 699 1846 ut
715 1806 819 1846 sacri
844 1805 1081 1860 particeps:
1104 1803 1573 1859 adigebaturquejure-

134 1859 336 1914 jurando,
353 1876 450 1915 quae
474 1862 563 1902 visa
584 1862 812 1917 auditaque
834 1862 876 1902 in
899 1876 949 1902 eo
971 1861 1067 1902 loco
1088 1870 1242 1909 essent,
1264 1874 1348 1900 non
1370 1862 1572 1902 enuncia-

141 1927 299 1958 turum.
359 1917 473 1959 Dein
507 1918 652 1973 jurare
682 1920 916 1974 cogebatur
946 1918 1037 1959 diro
1067 1917 1252 1972 quodam
1284 1917 1485 1968 carmine,
1526 1919 1570 1960 in

139 1974 474 2015 exsecrationem
496 1976 649 2031 capitis
677 1975 936 2030 familiaeque
965 1984 1007 2015 et
1038 1974 1179 2029 stirpis
1209 1974 1464 2027 composito,
1486 1975 1568 2017 nisi

138 2029 239 2070 isset
260 2031 301 2072 in
327 2031 544 2087 proelium,
567 2047 651 2088 quo
676 2033 949 2087 imperatores
970 2031 1216 2072 duxissent:
1248 2040 1290 2070 et
1309 2030 1342 2069 si
1373 2040 1446 2071 aut
1477 2031 1567 2086 ipse

138 2101 192 2127 ex
234 2088 325 2128 acie
367 2087 562 2144 fugisset,
588 2086 693 2138 ἠοῖ,
735 2089 768 2129 si
807 2103 932 2143 quem
973 2088 1209 2144 fugientem
1249 2086 1438 2136 vidisset,
1481 2102 1565 2130 non

139 2143 359 2199 extemplo
382 2146 620 2186 occidisset.
664 2145 712 2186 Id
732 2145 870 2200 primo
892 2145 1063 2200 quidam
1089 2143 1564 2206 abnuentes-juraturos

138 2214 195 2255 se,
217 2202 460 2247 obtruncati
484 2203 597 2247 circa
618 2202 766 2244 altaria
788 2212 912 2244 sunt:
939 2212 1132 2257 jacentes
1154 2200 1306 2243 deinde
1328 2209 1438 2241 inter
1459 2209 1565 2242 stra·

614 2336 629 2356 Ρ
641 2328 714 2370 jam
729 2335 867 2363 sacratus
882 2330 977 2359 Gron.
993 2330 1082 2361 Cres.

175 2439 223 2468 552}
241 2436 499 2479 Voeidanmatu]
524 2440 599 2470 Voti
623 2442 822 2472 solutionem
868 2440 985 2480 quihus
1002 2438 1079 2478 quid
1096 2438 1298 2478 praesepitur.
1322 2437 1459 2467 Fsssrcs.

133 2479 283 2511 debente.
306 2481 381 2512 Vid.
398 2492 499 2524 supra
514 2483 552 2514 V.
569 2486 622 2514 ⁶25.
911 2486 948 2517 57
975 2483 1034 2513 Ex
1057 2483 1136 2512 libro
1158 2487 1262 2512 vetere
1285 2482 1379 2511 linteo
1395 2480 1484 2520 lecto]
1506 2481 1557 2511 Ex
1581 2500 1585 2502 -

177 2527 218 2554 54
240 2524 415 2555 Damnata
445 2527 622 2567 republica]
656 2526 709 2556 Sic
732 2530 821 2555 recte
866 2526 950 2556 libro
966 2525 1207 2562 vetereliiiteo,
1223 2525 1277 2563 qui
1295 2524 1401 2554 lectus
1424 2524 1555 2562 fuerat3

134 2566 331 2604 Gronovius,
359 2570 412 2598 cui
439 2570 664 2609 adstipulatur
692 2579 776 2599 uuus
804 2580 820 2598 e
867 2579 985 2609 nempe
1002 2568 1112 2598 abillo
1128 2569 1210 2598 Ovio
1227 2568 1355 2603 Paccio,
1372 2568 1427 2606 qui
1450 2577 1556 2598 sacer·

131 2611 251 2640 nostris
266 2611 361 2642 codd.
392 2611 481 2642 Olim
504 2614 676 2651 edebatur,
695 2613 821 2651 respub-
866 2613 923 2642 (los
947 2613 1044 2650 hujus
1068 2612 1152 2641 sacri
1175 2611 1261 2649 suit3
1285 2616 1319 2640 et
1340 2611 1478 2640 fortasse
1501 2621 1556 2640 co·

130 2653 204 2682 tica.
865 2666 935 2685 ram
952 2657 1148 2695 imperatore
1164 2662 1200 2687 et
1222 2654 1395 2694 praecipuis
1419 2653 1554 2684 ducum.

173 2696 240 2726 55*
253 2697 291 2726 In
305 2699 491 2737 religionem
505 2700 605 2739 venit]
625 2699 752 2738 Religio
765 2709 818 2728 ex·
864 2700 978 2729 Posset
994 2698 1114 2728 ultima
1129 2707 1188 2727 vox
1213 2698 1324 2727 abesse
1347 2697 1416 2727 sine
1438 2706 1553 2726 seusus

128 2748 261 2778 poscere
277 2741 344 2771 visa
359 2748 420 2772 est.
862 2741 1052 2781 dispendio:
1092 2747 1126 2770 et
1155 2740 1289 2780 quidem
1320 2750 1392 2770 earn
1425 2740 1551 2770 omittit

174 2783 215 2812 56
239 2782 443 2824 Plateisque]
462 2785 570 2816 Plutei
586 2792 664 2816 sunt
682 2786 731 2815 vel
748 2795 817 2814 cra-
862 2795 948 2815 unus
964 2785 1101 2815 Hearuii
1120 2784 1235 2814 codex.

127 2827 176 2855 tes
199 2826 287 2857 corio
311 2828 412 2858 crudn
434 2829 586 2867 inteutae,
614 2829 664 2859 vel
694 2828 815 2859 tabulae

892 2875 1016 2925 ‹seq-‘³
