1991 3250
628 87 747 127 LIB.
775 89 806 126 1.
846 88 979 126 CAP.
1010 85 1152 125 XLIV.
1194 111 1199 114 -
1553 90 1600 126 61

166 192 408 235 institutam
431 191 486 234 ab
508 191 599 232 Ser.
620 190 761 233 Tullio
783 204 993 232 summam
1012 192 1097 231 non
1121 189 1366 231 convenire.
1386 188 1604 243 quadrifa-

165 251 274 292 riam
303 250 414 291 enim
441 249 544 290 urbe
565 248 702 290 divisa
726 248 976 304 regionibus
1005 247 1288 301 collibusque,
1311 261 1407 301 quae
1437 246 1605 287 habita-

164 307 323 348 bantur
355 320 510 362 panes,
541 305 696 347 Tribus
725 319 795 346 eas
829 305 1085 361 adpellavit3
1125 313 1170 345 ut
1202 318 1285 359 ego
1319 303 1519 353 arbitror,
1550 304 1605 344 ab

166 365 352 406 tributo:
379 378 477 404 nam
499 363 591 418 ejus
612 376 785 417 quoque
807 362 1027 417 aequaliter
1048 376 1102 402 ex
1126 375 1255 402 censu
1277 359 1527 401 conferendi
1550 361 1605 400 ab

163 421 314 462 eodem
337 421 445 462 inita
461 421 568 461 ratio
591 429 670 460 est.
711 418 864 474 Neque
886 419 953 460 hae
975 419 1112 460 tribus
1135 418 1185 459 ad
1211 417 1501 459 centuriarum
1519 417 1606 457 dis-

164 479 442 520 tributionem
467 480 777 531 numerumque
798 477 1034 531 quidquam
1063 476 1320 531 pertinuere.

222 535 391 578 XLIV.
430 533 573 575 Censu
609 533 815 589 perfecto,
848 548 977 588 quem
1015 543 1305 574 maturaverat
1342 539 1459 572 metu
1497 530 1604 587 legis
1618 542 1819 573 Serviuslus-

163 593 216 635 de
242 596 272 616 ³³
289 590 470 634 incensis
489 590 588 632 latae
611 605 709 632 cum
735 591 1002 632 vinculorum
1025 590 1154 630 minis
1176 589 1428 643 mortisque,
1451 588 1604 638 edixit,
1616 591 1701 659 32¹¹OE
1716 596 1788 616 ⁰0¹²·

163 660 214 692 ut
245 663 391 691 omnes
424 648 538 688 cives
573 647 777 699 Romani,
799 649 964 703 equites
999 647 1264 703 peditesque,
1292 647 1334 686 in
1370 646 1455 685 suis
1489 646 1605 700 quis-

162 722 246 762 que
266 705 484 755 centuriis,
515 707 547 728 ³⁴
562 705 607 745 in
632 719 786 760 campo
811 705 975 746 Martio
998 705 1137 760 prima
1159 705 1253 745 luce
1276 712 1485 743 adessent.
1536 702 1605 744 lbi

164 765 417 805 instructum
455 762 694 803 exercitum
735 777 905 803 omnem
944 761 1351 802 ³³suovetaurilibus
1394 759 1604 801 lustravit.

164 822 292 875 idque
325 819 546 861 eonditum
576 820 756 860 lustrum
781 819 1056 875 adpellatum,
1079 819 1181 873 quia
1211 819 1243 858 is
1267 817 1481 858 censendo
1507 818 1604 858 finis

164 877 304 918 factus
328 886 407 918 est.
469 875 612 916 Millia
642 878 868 933 octoginta
889 891 940 918 eo
964 877 1097 917 lustro
1120 876 1280 917 civium
1305 889 1432 915 censa
1453 874 1605 915 dicun-

163 943 246 976 tur.
315 933 483 989 Adjicit
525 934 830 989 ²⁵⁶seriptorum
869 933 1191 989 antiquissimus
1236 931 1394 972 Fabius
1439 931 1774 983 Pictor,Nume1-us

161 1006 325 1043 eorum,
347 991 421 1046 qui
444 990 553 1031 ferre
585 1005 702 1031 arma
726 1001 915 1047 possent,
937 1005 1034 1032 eum
1067 1004 1292 1030 numerum
1329 988 1474 1030 fuisse.
1533 988 1601 1031 Ad
1615 989 1741 1020 civium.

160 1064 255 1091 eam
277 1048 598 1089 multitudinem
622 1049 721 1088 urbs
743 1064 915 1103 quoque
936 1047 1239 1103 amplificanda
1265 1046 1354 1087 visa
1375 1056 1457 1087 est.
1512 1046 1604 1087 Ad-

160 1107 225 1148 dit
245 1107 353 1147 duos
374 1105 517 1155 colles,
542 1105 810 1152 Quirinalem
835 1106 1196 1160 Viminalemque.
1228 1104 1327 1144 inde
1349 1105 1381 1129 ³⁷
1397 1103 1602 1159 deinceps

162 1219 288 1262 bitat.
355 1221 530 1277 Aggere
569 1230 613 1260 et
648 1222 773 1261 tosms
805 1231 849 1261 et
890 1235 1013 1262 muro
1049 1219 1289 1261 circumdat
1329 1219 1493 1259 urbem.
1544 1219 1603 1260 ita

158 1346 254 1391 facit,
271 1346 293 1377 l.
308 1347 348 1378 V.
372 1358 400 1377 e.
423 1350 470 1379 18.
488 1350 532 1379 50.
550 1347 718 1387 Denique,
735 1346 761 1376 si
786 1347 858 1386 quis

162 1396 303 1428 quaerat,
327 1401 472 1429 quonam
504 1391 602 1421 modo
633 1391 792 1421 centuriae
824 1391 858 1420 in

159 1433 314 1464 tribubus
327 1434 451 1464 includi
468 1436 652 1474 potuerint,
666 1443 768 1473 quum
783 1443 859 1462 cen-

161 1478 261 1507 turiae
284 1488 323 1507 ex
341 1487 455 1513 censu,
474 1478 580 1508 tribus
604 1488 644 1508 ex
668 1477 858 1517 regionibus

161 1520 335 1560 descriptae
347 1528 478 1559 essent3
497 1522 769 1561 respondebimus
783 1520 858 1550 nul-

160 1563 224 1594 lius
242 1574 307 1594 non
324 1564 448 1595 ordinis
465 1575 503 1594 ac
518 1575 635 1595 census
652 1565 804 1594 homines
822 1565 856 1593 in

159 1616 360 1647 unaquaque
383 1608 473 1638 tribu
489 1609 606 1646 fuisse,
622 1618 726 1648 quum
748 1607 857 1638 tribus

159 1660 228 1681 non
245 1651 422 1690 generibus
438 1651 628 1689 hominum,
641 1651 699 1682 sed
713 1651 856 1690 regioni-

157 1694 219 1724 bus
236 1695 409 1735 descriptae
426 1702 548 1726 essent.
593 1695 702 1735 Igitur
716 1696 857 1735 quicun-

157 1748 222 1778 que
246 1739 280 1768 in
305 1738 457 1769 Palatina
477 1740 582 1777 tribu,
605 1750 635 1769 v.
660 1749 692 1779 g.
716 1748 854 1769 censum

155 1782 275 1822 primae
289 1781 401 1813 classis
416 1782 592 1820 haberent,
607 1783 630 1812 ii
647 1783 682 1813 in
698 1783 779 1814 duas
797 1787 855 1812 aut

155 1824 268 1865 plures
288 1827 455 1857 centurias
479 1826 783 1857 distribuebantur:
812 1826 856 1855 si-

156 1869 282 1899 militer
313 1870 336 1900 ii
367 1871 423 1909 qui
455 1870 624 1908 seeundae,
650 1872 761 1901 tertiae
792 1870 853 1900 ἃς.

154 1912 312 1943 classium
336 1923 473 1944 censum
497 1914 671 1944 haberent.
715 1914 764 1944 A(
782 1923 853 1943 rem

154 1956 298 1987 ulterius
321 1959 486 1998 persequi,
506 1967 753 1997 numerumque
777 1966 855 1987 een-

154 2001 320 2031 turiarum
336 2002 370 2031 in
386 2011 586 2040 unaquaque
601 2002 692 2031 tribu
710 2001 853 2031 inclusa-

154 2052 230 2073 rum
254 2048 401 2074 statuere
426 2045 522 2083 velle,
546 2055 678 2085 prorsus
707 2045 852 2075 divinare

154 2092 216 2117 est.
252 2087 330 2117 Fuit
345 2093 378 2118 et
394 2088 459 2119 alia
475 2090 618 2119 mutatio
634 2089 723 2118 circa
736 2088 853 2118 suffra-

154 2131 286 2169 giorum
317 2131 481 2170 ordinem,
509 2133 567 2162 sed
597 2142 670 2171 quae
697 2131 782 2162 nihil
810 2131 853 2161 ad

154 2174 246 2204 hunc
274 2174 387 2204 locum
416 2177 594 2216 pertineat.
641 2176 713 2207 vid.
740 2186 768 2207 c.
800 2178 850 2206 13.

198 2265 240 2293 33
266 2261 422 2302 lucensis]
449 2262 492 2292 Iis
510 2263 565 2302 qui
583 2263 672 2293 censi
689 2272 757 2294 non
772 2263 854 2293 fuis-

157 2310 245 2336 sent.

199 2352 241 2380 34
257 2349 300 2380 In
311 2358 423 2389 eampo
437 2348 573 2388 Martio]
594 2348 631 2379 In
645 2360 724 2389 agro
738 2350 854 2380 urbem

155 2393 245 2423 inter
267 2397 302 2423 et
323 2392 472 2423 Tiberim
495 2394 581 2423 sito:
614 2403 712 2432 quem
738 2399 854 2434 postea

155 2446 312 2477 campum
337 2437 500 2467 Martium
522 2436 728 2476 appellatum
751 2438 854 2467 fnisse

154 2480 271 2510 Livius
295 2487 472 2517 memorat,
491 2480 535 2510 ΙΙ.
555 2483 584 2510 5.
608 2480 682 2510 Vid.
707 2491 780 2519 quae
796 2490 855 2510 an-

156 2524 348 2554 notabimus
365 2524 407 2554 ad
424 2524 513 2554 hunc
529 2523 652 2554 locum.

200 2570 240 2598 35
273 2567 564 2607 Sum-etaurc'libus]
607 2566 854 2596 circumductis

156 2614 209 2640 ter
235 2610 362 2640 circum
394 2612 578 2641 exercitum
608 2620 712 2648 verre,
737 2611 854 2647 ariete,

155 2659 279 2692 taur03
305 2654 423 2684 deinde
442 2655 542 2685 Marti
560 2655 754 2684 immolatis..
793 2654 855 2682 Pro

156 2707 249 2727 verre
276 2698 456 2737 Dionysius
481 2698 582 2728 habet
603 2698 744 2727 hircum.
792 2697 854 2726 Sed

155 2750 233 2770 eum
251 2741 400 2771 refellere
417 2741 549 2772 videtur
573 2742 643 2781 ipsa
657 2743 857 2772 suovetauri-

160 2786 241 2814 lium
257 2784 447 2824 appellatio.
477 2786 585 2824 Supra
601 2795 629 2815 c.
648 2787 700 2816 28.
731 2785 858 2814 mentio

904 1346 1042 1376 fortasse
1055 1346 1143 1376 idem
1158 1351 1208 1377 est
1222 1355 1298 1376 eum
1311 1346 1361 1376 his
1374 1348 1603 1377 suovetaurili-

904 1392 970 1420 bus.
1016 1390 1091 1420 Alia
1111 1392 1275 1430 reperitur
1297 1390 1478 1430 appellatio
1501 1390 1602 1429 hujus

903 1434 1071 1471 sacrificii,
1099 1435 1298 1464 solitaurilia
1311 1446 1321 1462 :
1360 1444 1425 1473 qna
1455 1434 1494 1464 de
1521 1444 1601 1464 voce

902 1477 968 1508 vid.
992 1477 1139 1508 Festum.

944 1521 987 1552 36
1008 1521 1211 1560 Scriptorum
1224 1522 1467 1561 antiquissimus
1482 1521 1602 1552 FaIn'us

902 1564 1031 1605 Pictor]
1067 1565 1190 1594 Eorum
1223 1566 1277 1603 qui
1307 1564 1480 1594 historiam
1512 1566 1601 1606 apud

901 1609 1070 1639 Romanos
1109 1610 1283 1648 scripsere,
1321 1609 1573 1646 antiquissimus
1591 1621 1597 1638 ε

902 1652 958 1690 qui
984 1658 1100 1682 tamen
1131 1661 1246 1682 reeens
1272 1651 1453 1681 admodum
1482 1657 1601 1682 auctor

900 1695 1081 1733 videbitur,
1093 1696 1120 1725 si
1136 1703 1349 1735 comparetur
1365 1695 1407 1724 ad
1418 1695 1601 1735 primordia

900 1740 990 1769 urbis
1004 1740 1132 1770 Romae.
1163 1740 1257 1769 Vixit
1272 1740 1361 1768 enim
1380 1739 1518 1769 secundi
1535 1739 1601 1769 Pu-

900 1783 968 1813 nici
991 1782 1070 1813 belli
1086 1784 1306 1823 temporibus,
1322 1788 1361 1812 ut
1377 1786 1522 1813 testatur
1544 1783 1601 1813 Li·-

901 1828 971 1856 vius
994 1826 1096 1863 infra,
1120 1826 1232 1856 XXII.
1260 1830 1292 1860 7.
1321 1827 1496 1866 Scripsisse
1519 1837 1601 1857 eum

898 1869 1013 1900 Graece
1028 1870 1133 1901 tradit
1148 1871 1288 1909 Dionys.
1305 1869 1327 1900 l.
1346 1869 1371 1899 1.
1389 1870 1523 1907 Latine,
1540 1870 1601 1900 do-

899 1920 953 1945 cet
968 1913 1096 1952 Cicero,
1111 1914 1154 1944 11.
1171 1914 1211 1944 de
1223 1915 1281 1944 Or.
1299 1916 1351 1944 53.
1369 1918 1402 1943 et
1421 1913 1445 1943 1.
1464 1913 1503 1943 de
1516 1914 1599 1953 Leg.

900 1958 930 1988 6.
960 1961 999 1987 ut
1021 1958 1173 1988 videatur
1198 1963 1338 1996 utraque
1365 1957 1481 1995 lingua
1508 1957 1599 1987 idem

898 2006 1137 2040 argumentum
1174 2006 1345 2031 tractasse.
1404 2001 1493 2030 Eum
1522 2001 1598 2041 plus

898 2055 994 2084 aequo
1016 2045 1133 2075 favisse
1156 2044 1317 2075 Romanis
1336 2046 1371 2074 in
1394 2044 1546 2082 historia,
1564 2050 1599 2075 et

899 2089 1069 2118 interdum
1092 2088 1327 2119 studiosiorem
1342 2088 1443 2118 fuisse
1464 2089 1597 2128 patriae,

899 2142 999 2171 quam
1024 2133 1186 2170 veritatis,
1211 2133 1324 2172 arguit
1351 2131 1461 2171 Polyb.
1488 2132 1514 2162 Ι.
1547 2135 1597 2163 14.

898 2181 933 2206 et
957 2175 1018 2206 111.
1044 2179 1074 2206 3.
1099 2182 1134 2206 et
1156 2180 1189 2210 9.
1221 2176 1394 2212 Ceterum,
1410 2176 1472 2205 etsi
1497 2185 1598 2206 nemo

899 2225 977 2249 ante
995 2229 1072 2249 eum
1089 2219 1260 2250 Romanus
1278 2220 1409 2257 justam
1424 2219 1597 2249 historiam

899 2263 1108 2300 condiderat,
1135 2268 1251 2293 tamen
1283 2263 1385 2300 Fasti,
1418 2262 1598 2292 Commen-

898 2307 989 2344 tarii,
1009 2305 1156 2337 Annales
1182 2317 1201 2336 a
1224 2306 1439 2347 pontificibus
1464 2316 1600 2345 compo—

899 2351 1080 2387 nebantur,
1113 2351 1153 2380 de
1189 2350 1307 2389 quibus
1334 2350 1398 2379 vid.
1432 2356 1599 2387 nostrum,

897 2393 954 2425 IV.
970 2398 1002 2425 3.
1018 2399 1052 2424 et
1068 2403 1108 2423 ea
1123 2403 1196 2433 quae
1214 2394 1258 2424 ibi
1273 2393 1520 2424 annotabimus.

947 2441 986 2472 37
1001 2435 1207 2477 ἐξΒεέηιίγιε]
1258 2437 1426 2468 Continuo
1472 2437 1600 2466 ordine.

899 2480 1038 2511 Etenim
1075 2491 1170 2511 mons
1208 2480 1402 2519 Esquilinus
1438 2480 1601 2510 Viuiinali

899 2526 1070 2565 proximus
1087 2530 1148 2554 est.

943 2571 982 2599 33
1006 2569 1115 2607 Auget
1131 2565 1315 2607 Esquilias]
1343 2566 1472 2597 Additis
1496 2566 1601 2597 aedifi-

899 2611 956 2640 ciis
981 2616 1015 2641 et
1039 2611 1168 2641 incolis.
1214 2611 1512 2649 Esquilioe'autem
1536 2610 1602 2640 for-

897 2660 986 2684 tasse
1024 2654 1284 2694 appellationem
1323 2660 1523 2693 acceperant
1561 2654 1600 2683 ab

899 2697 1043 2733 Esculis,
1078 2697 1243 2736 quomodo
1281 2706 1376 2726 mons
1408 2697 1601 2735 lf'iminalis,

905 2740 1060 2779 idemque
1090 2740 1276 2779 Fagutalss,
1307 2751 1328 2769 a
1356 2742 1529 2771 vmzz'nibus
1568 2746 1603 2769 et

894 2784 1010 2823 sagr&
1027 2785 1174 2823 itemque
1191 2794 1285 2816 mons
1301 2784 1601 2825 ῼαενψιείαῖαηαε,

153 2828 224 2867 jam
244 2827 333 2860 facta
349 2835 399 2859 est
416 2828 563 2860 lustralis
587 2829 754 2868 sacrificii,
772 2827 860 2866 quo-:l
905 2829 963 2868 qui
979 2836 1095 2870 postca
1112 2828 1246 2867 Caelius,
1265 2837 1284 2859 a
1299 2829 1466 2868 querceus.

159 1167 191 1189 ³⁸
206 1173 337 1219 auget
373 1162 607 1217 Esquilias:
649 1163 794 1217 ibique
825 1163 931 1219 ipse,
955 1172 1002 1203 ut
1024 1163 1119 1203 loco
1151 1162 1340 1217 dignitas
1365 1160 1504 1211 fieret,
1528 1161 1602 1201 ha-
1616 1129 1802 1203 kcssiampn

1984 3244 1991 3250 ι
1984 3175 1991 3225 „4-
1985 3042 1991 3157 m-—ssm
1985 2921 1991 3029 μ-ᾼ-υ,
