1991 3250
206 234 250 266 u.
267 234 304 265 c.
319 225 396 269 375'.

206 279 246 309 Δ.

264 278 302 309 C.
317 281 392 313 377.

205 1530 384 1558 Vincuntur

204 1573 393 1603 Praenestini.

208 2102 332 2140 oppida

417 125 497 161 380
973 123 1108 162 ΤΙΤΙ
1152 123 1316 163 LIVII

418 228 491 262 ant
512 219 708 274 Romani,
729 227 878 278 quanto
905 228 936 250 2¹
950 224 1079 280 magis
1100 222 1276 265 Alliensi
1306 222 1372 264 die
1405 222 1562 264 Alliam
1590 223 1735 278 ipsam,
1754 237 1838 264 mo-

418 284 650 319 numentum
674 284 800 320 tantae
820 278 962 331 cladis,
984 279 1317 336 reformidaturos
1331 278 1354 320 {2
1389 279 1543 334 Species
1565 279 1747 336 profecto
1777 279 1839 320 his

418 333 478 375 ibi
499 341 628 375 truces
650 333 867 377 Gallorum
885 350 1098 392 sonumque
1125 337 1233 377 vocis
1260 337 1305 377 in
1325 335 1449 377 oculis
1469 342 1589 391 atque
1607 336 1652 376 in
1671 336 1838 377 auribus

404 389 520 447 fore.
581 389 674 432 Has
696 391 886 434 inanium
907 406 1045 433 rerum
1067 393 1214 434 inanes
1238 393 1349 448 ipsas
1374 392 1593 433 volventes
1611 392 1838 447 cogitatio-

417 461 506 497 nes,
528 445 713 491 fortunae
743 448 825 489 loci
846 448 1145 504 delegaverant
1173 463 1268 504 spes
1291 464 1422 491 suas„
1462 448 1646 489 Romani
1675 457 1837 498 contra,

422 502 672 559 Ubicumque
691 511 789 545 esset
809 504 983 545 Latinus
1002 504 1138 556 hostis,
1159 505 1258 546 satis
1276 506 1494 555 scire‚·eum
1523 519 1612 555 esse,
1634 517 1764 559 quem,
1785 505 1842 544 ad

417 557 628 615 Regillum
649 560 780 601 lacum
800 560 1013 612 devictum,
1042 563 1074 584 2⁹
1087 568 1240 602 centum
1260 576 1455 602 annorum
1470 575 1570 616 pace
1589 561 1761 601 obnoxia
1781 567 1840 602 te-

416 616 590 657 nuerint.
650 616 819 667 Locum,
840 617 1036 672 insignem
1055 619 1245 659 memoria
1273 617 1412 669 cladis,
1432 618 1691 658 irritaturum
1711 632 1749 658 se
1763 631 1840 671 po-

417 672 499 713 tius
528 673 583 713 ad
609 672 816 713 delendam
843 674 1075 714 memoriam
1103 674 1315 725 dedecoris,
1335 689 1455 730 quam
1488 681 1531 714 ut
1563 674 1739 714 timorem
1757 672 1838 728 fa-

415 729 511 778 ciat,
534 743 581 769 ne
601 743 682 784 qua
702 736 809 770 terra
830 729 881 770 sit
901 727 1063 785 nefasta
1079 731 1268 771 'victorice
1289 745 1379 771 suae.
1397 764 1404 770 .
1443 729 1554 774 Quin
1583 732 1613 753 ‘²⁵
1628 730 1709 784 ipsi
1736 729 1839 770 sibi*²

420 783 540 825 Galli
560 785 594 825 si
611 783 848 840 obserantur
867 785 938 826 illo
959 785 1060 836 loco,
1079 801 1119 827 se
1137 787 1196 827 ita
1213 793 1483 842 pugnaturos,
1501 794 1547 827 ut
1578 785 1717 827 Romce
1735 801 1839 842 pug-

415 841 603 882 naverint
622 842 666 882 in
686 841 895 897 repetenda
917 844 1076 897 patria,
1101 850 1144 883 ut
1165 852 1324 898 postero
1354 843 1418 883 die
1438 842 1493 884 md
1513 842 1698 892 Gabios‚·
1728 850 1838 894 tunc,

416 911 538 952 quum
559 896 770 953 ffecerint,
790 913 839 940 ne
867 899 956 954 quis
985 899 1120 950 hostis,
1142 899 1214 955 qui
1242 899 1386 940 nzoenia
1420 898 1609 940 Romana
1639 900 1839 952 intrasset,

416 955 609 995 nuncium
629 954 808 996 secundae
828 955 1270 1012 adverscequefortunoe
1293 956 1451 996 domum
1465 955 1678 1014 perferret.

473 1010 665 1052 XXIX.
698 1011 781 1052 His
819 1014 1033 1067 utrimque
1071 1013 1222 1053 animis
1263 1013 1316 1053 ad
1350 1012 1504 1053 Alliam
1550 1022 1721 1054 ventum
1759 1021 1837 1054 est.

419 1065 619 1108 Dictator
642 1067 877 1119 Romanus,
900 1081 1127 1131 postquam
1152 1070 1192 1109 in
1214 1079 1446 1124 conspectu
1470 1069 1611 1109 hostes
1633 1080 1752 1110 erant
1776 1071 1838 1110 in-

416 1125 567 1165 structi
593 1124 846 1180 intentique,
871 1124 1039 1166 Videsne
1059 1132 1119 1176 tu,
1142 1126 1295 1180 inquit,
1321 1125 1376 1166 A.
1399 1124 1624 1180 Semproni,
1646 1125 1722 1166 loci
1738 1123 1840 1181 for-

417 1187 518 1221 tuna
539 1180 632 1221 illos
640 1180 778 1237 fretos
798 1181 854 1222 ad
873 1181 1033 1222 Alliam
1054 1182 1269 1223 constitisse
1279 1180 1301 1222 22
1330 1185 1360 1205 2⁴
1377 1196 1445 1222 nec
1475 1181 1558 1222 illis
1588 1181 1668 1223 Dii
1690 1182 1840 1222 inmor-

415 1236 513 1276 tales
534 1238 713 1278 certioris
734 1237 1145 1293 quidquamfiduciae‚
1166 1238 1379 1294 majorisve
1400 1238 1507 1293 quod
1525 1238 1577 1279 sit
1593 1238 1754 1289 auxilii,
1772 1238 1841 1287 def-

415 1292 561 1334 derint.
621 1294 684 1334 At
706 1300 766 1344 tu,
783 1294 924 1350 fietus
944 1296 1066 1336 armis
1085 1296 1320 1350 animisque,
1341 1295 1548 1336 concitatis
1566 1295 1675 1350 equis
1696 1295 1841 1336 invade

415 1349 588 1391 mediam
609 1350 735 1392 aciem
752 1367 764 1392 .-
794 1365 863 1406 ego
884 1366 973 1393 cum
993 1351 1214 1407 legionibus
1233 1353 1278 1392 in
1307 1351 1489 1392 turbatos
1518 1351 1841 1407 trepidantesque

414 1404 591 1462 inferam
609 1407 740 1463 signa.
800 1407 960 1458 Adeste,
982 1407 1063 1449 Dii
1094 1415 1204 1450 testes
1221 1406 1407 1464 faederis,
1429 1415 1466 1449 et
1488 1408 1662 1462 >expetite
1684 1422 1841 1463 poenas,

415 1463 571 1505 debitas
590 1463 712 1505 simul
728 1463 841 1506 vobis
860 1464 1037 1515 violatis,
1058 1465 1248 1520 nobisque
1268 1466 1300 1487 2⁵
1309 1479 1385 1520 per
1406 1471 1581 1506 vestrum
1602 1479 1744 1506 numen
1772 1464 1843 1506 de:

416 1520 550 1574 ceptis.
611 1521 712 1562 Non
736 1521 938 1576 equitem,
969 1536 1055 1562 non
1088 1522 1274 1578 peditem
1308 1522 1544 1563 sustinuere
1573 1521 1840 1564 Praenestini.

417 1577 556 1631 primo
593 1577 738 1633 inpetu
779 1593 829 1619 ac
871 1577 1056 1619 clamore
1096 1578 1290 1633 dissipati
1330 1579 1498 1619 ordines
1539 1587 1652 1619 sunt.
1713 1578 1840 1630 Dein,

418 1643 644 1689 postquam
675 1633 790 1675 nullo
822 1635 917 1675 loco
949 1636 1175 1676 constabat
1204 1635 1331 1686 acies,
1361 1644 1481 1690 terga
1511 1644 1706 1686 vertunt;
1737 1649 1841 1677 con-

418 1691 693 1746 sternatique,
715 1700 758 1731 et
780 1702 935 1747 praeter
955 1701 1095 1733 castra
1112 1693 1239 1732 etiam
1263 1707 1338 1732 sua
1369 1705 1523 1747 pavore
1551 1691 1730 1746 praelati,
1751 1706 1840 1732 non

418 1746 535 1802 prius
558 1762 601 1787 se
633 1748 687 1788 ab
718 1747 854 1788 effuso
887 1762 1011 1789 cursu
1046 1748 1215 1799 sistunt,
1237 1762 1364 1804 quam
1387 1749 1429 1788 iu
1452 1759 1685 1802 conspectu
1723 1747 1840 1789 Prae-

418 1813 537 1844 neste
559 1803 656 1845 fuit.
708 1803 776 1861 Iipi
798 1805 830 1827 2⁶
843 1819 897 1845 ex
920 1804 1025 1860 fuga
1044 1805 1255 1860 dissipati,
1278 1805 1433 1856 locum,
1456 1819 1583 1860 quem
1608 1804 1842 1846 tumultua-

419 1860 483 1900 rio
514 1875 641 1915 opere
671 1862 1001 1912 communirent,
1023 1862 1223 1917 capiunt:
1256 1876 1322 1911 ne,
1345 1862 1378 1902 si
1401 1861 1511 1902 intra
1530 1857 1693 1903 moeniii
1714 1875 1758 1901 se
1777 1875 1841 1902 re-

419 1917 649 1972 cepissent,
670 1918 889 1974 extemplo
912 1926 1100 1960 ureretur
1121 1933 1236 1974 ager,
1258 1918 1611 1974 depopulatisque
1642 1918 1840 1959 omnibus

418 1973 588 2015 obsidio
612 1974 705 2015 urbi
727 1974 965 2016 inferretur.
1027 1975 1125 2026 Sed,
1147 1987 1387 2030 postquam,
1410 1975 1585 2031 direptis
1609 1975 1661 2016 ad
1682 1974 1841 2016 Alliam

420 2031 583 2082 castris,
605 2031 744 2072 victor
763 2031 984 2073 Romanus
1005 2032 1165 2083 aderat,
1188 2032 1229 2073 id
1251 2046 1420 2088 quoque
1442 2032 1754 2073 munimentum
1776 2045 1842 2073 re-

420 2087 569 2128 lictum
588 2104 597 2130 ι
628 2096 685 2139 et,
709 2087 780 2129 vix
804 2090 966 2130 moenia
986 2099 1079 2130 tuta
1096 2091 1189 2140 rati,
1211 2089 1370 2145 oppido
1392 2102 1435 2129 se
1469 2088 1685 2130 Praeneste
1707 2087 1842 2129 incluss

210 2143 541 2185 warnestim-dunt,
601 2144 715 2187 Octo
737 2155 942 2200 praeterea
963 2146 1122 2201 oppida
1151 2155 1272 2187 erant
1301 2146 1379 2187 sub
1414 2145 1576 2186 ditione
1614 2145 1842 2187 Praenesti-

208 2197 275 2217 tum
288 2194 388 2228 capta.

420 2215 586 2242 norum.
636 2202 690 2243 ad
727 2215 777 2242 ea
817 2202 1115 2244 circumlatum
1159 2202 1337 2244 bellum:
1387 2202 1687 2259 deincepsque,
1727 2201 1839 2244 haud

989 2304 1005 2324 Ρ
1026 2299 1084 2328 sibi
1099 2298 1157 2328 del.
1171 2299 1266 2328 Gron.

462 2376 498 2405 ‘21
526 2375 636 2414 inagis
651 2375 783 2405 Alliensi
804 2374 868 2414 elie]
896 2374 1000 2414 Magis
1018 2385 1116 2414 quam
1160 2376 1235 2405 illis.

417 2418 596 2449 Alliensem
624 2418 721 2448 diem.
769 2418 915 2448 Fortasse
938 2417 1056 2448 melius
1073 2419 1118 2448 vi-
1205 2418 1360 2449 '25¹¹'Per
1389 2421 1530 2448 vestrum
1561 2427 1679 2448 ’iumen
1706 2416 1855 2458 deceptis]

418 2461 535 2491 dentur
559 2461 640 2492 duas
666 2461 801 2492 ultimas
818 2471 924 2498 voces,
948 2470 1020 2500 quae
1043 2471 1117 2501 pro·
1159 2461 1224 2501 Qui
1256 2471 1358 2500 quum
1390 2461 1631 2491 confideremus
1660 2459 1772 2490 soederi
1803 2462 1857 2491 cui

419 2504 505 2534 secto
521 2514 770 2544 supervacaneae
794 2509 886 2542 sunt,
903 2505 1039 2535 omnino
1061 2504 1117 2535 de·
1162 2511 1308 2535 vestrum
1338 2513 1462 2535 numen
1500 2503 1695 2534 advocatum
1733 2503 1856 2541 suerat,

419 2546 496 2576 lere.
1161 2548 1265 2578 delusi
1281 2558 1396 2578 sumus
1412 2546 1618 2586 asoedifragis
1634 2546 1857 2578 Praenestinis.

461 2592 502 2620 ‘22
537 2590 669 2620 Ventum
701 2590 874 2629 annorum]
909 2589 990 2620 Vide
1017 2600 1118 2631 supra.
1161 2591 1212 2621 Sic
1237 2591 1257 2621 1.
1283 2592 1308 2621 1.
1333 2601 1361 2621 c.
1383 2595 1415 2625 9.
1438 2599 1500 2629 per
1515 2589 1580 2631 sas
1607 2599 1647 2620 ac
1663 2589 1772 2629 fidem
1801 2591 1855 2621 de-

420 2638 488 2663 not.
510 2637 555 2662 10.
573 2634 613 2663 ad
628 2644 655 2662 c.
672 2635 702 2662 (2.
1159 2636 1250 2674 cepti.

462 2680 502 2706 ‘33
528 2676 594 2715 Ipsi
615 2678 674 2705 sibi
703 2676 804 2716 Galli]
835 2676 1038 2707 inseruimus
1060 2687 1115 2707 vo·
1201 2678 1243 2708 ‘26
1266 2676 1427 2716 Exjitga
1441 2675 1598 2718 dissipati]
1623 2675 1736 2715 Quum
1764 2676 1858 2707 dissi-

420 2729 494 2749 cem
524 2720 594 2755 sebi,
619 2729 717 2757 quam
744 2720 777 2749 in
800 2719 928 2760 scriptis
952 2726 986 2750 et
1008 2721 1115 2760 procis
1160 2722 1226 2761 pati
1245 2721 1305 2750 liae
1322 2720 1397 2750 illac
1413 2730 1451 2750 ex
1467 2719 1547 2758 fuga
1562 2719 1797 2758 fuissent‚jam
1819 2721 1854 2750 in

418 2763 515 2792 editis
541 2766 667 2791 exstare
698 2766 840 2793 testatur
862 2763 1058 2802 Gronovius,
1081 2771 1116 2794 ct
1160 2773 1264 2794 unum
1294 2763 1484 2803 colligentes
1510 2773 1557 2801 se,
1587 2762 1630 2792 ibi
1662 2761 1772 2794 locum
1800 2773 1853 2794 ca·

385 2847 387 2850 ⁸
420 2805 544 2835 liabent
559 2805 624 2834 duo
638 2815 655 2835 e
671 2806 800 2835 nostris.
1158 2807 1267 2848 piunt.

462 2851 502 2879 224
541 2849 612 2879 ‚Nec
639 2847 717 2887 illis]
751 2848 858 2888 Magis
887 2849 1033 2890 placeret
1060 2849 1116 2880 Ne
