1925 3239
331 140 408 175 518
869 133 1010 173 TITI
1055 134 1234 172 LIVII

124 246 316 279 U.c.435.
339 234 454 290 quod
481 233 685 276 levissimi
721 248 776 275 ex
810 234 991 284 Graecis,
1021 234 1093 289 qui
1129 234 1385 274 Parthorum
1416 248 1584 290 quoque
1614 244 1764 276 contra

127 292 164 321 Α·
181 290 220 320 C·
238 291 312 323 3¹⁷·
341 306 496 333 nomen
521 291 764 332 Romanum
786 290 933 346 gloriae
961 291 1120 342 favent,
1141 291 1336 331 dictitare
1367 291 1516 342 solent,
1540 306 1590 332 ne
1614 292 1765 347 majes-

342 358 474 389 tutem
496 348 679 388 nominis
702 346 933 388 Alexandri
956 351 1100 402 (quem
1122 361 1172 387 ne
1195 347 1278 387 fam
1284 348 1491 402 aquidem
1514 348 1593 388 illis
1615 358 1764 389 notum

341 406 525 447 arbitror
547 404 695 454 fuisse)
717 404 923 444 sustinete
942 418 1026 444 non
1047 404 1230 468 potuerit
1252 403 1433 460 populus
1456 404 1691 455 Romanus,
1709 413 1766 455 et,

342 462 540 503 adversus
572 475 698 515 quem
728 460 955 522 Athenis,
946 474 988 500 in
1021 461 1196 501 civitate
1226 460 1360 501 fracta
1389 460 1677 502 Macedonum
1700 475 1765 501 ar-

341 518 438 569 mis,
460 527 659 559 cernente
681 527 772 557 tum
804 517 990 557 maxime
1014 531 1144 572 prope
1175 517 1387 558 fumantes
1409 516 1651 558 Thebarum
1684 517 1768 557 rui-

341 589 432 625 naS‚
453 574 697 616 concionari
720 573 850 614 libere
870 573 959 613 ausi
983 573 1066 614 sint
1088 574 1295 624 homines,
1320 574 1379 625 (id
1405 575 1518 628 quod
1540 589 1592 615 ex
1616 588 1769 614 monu-

342 632 498 673 mentis
520 630 759 671 orationum
791 631 928 685 patet)
957 629 1156 671 adversus
1185 645 1282 671 eum
1313 644 1437 670 nemo
1458 645 1511 672 ex
1535 638 1599 671 tot
1621 644 1763 686 proce-

342 689 460 729 ribus
484 687 691 728 Romanis
726 700 870 727 vocem
904 686 1078 727 liberam
1113 687 1314 728 missurus
1341 686 1481 727 fuerit.
1543 686 1766 733 Quantali-

343 745 418 786 bet
441 743 691 799 magnitudo
720 742 905 783 hominis
937 744 1204 798 concipiatur
1232 744 1389 792 auium,
1412 744 1534 784 uuius
1558 754 1698 784 tamen
1719 757 1771 784 ea

343 800 596 856 magnitudo
619 799 803 841 hominis
835 797 929 849 erit,
951 799 1146 840 conlecta
1176 799 1317 855 paullo
1350 799 1440 855 plus
1467 801 1612 841 decem
1635 814 1768 840 anno-

344 872 439 901 rum
462 856 688 898 felicitate:
721 870 848 911 quam
868 856 939 910 qui
958 870 1008 896 eo
1031 855 1255 907 extollunt,
1268 857 1382 911 quod
1406 856 1587 912 populus
1610 856 1770 897 Roma-

130 925 275 956 Fortunae
344 924 531 965 nus,et81
555 913 668 954 nullo
691 912 814 963 bello,
828 912 972 954 multis
990 921 1129 953 tamen
1152 913 1317 968 ptoeliis
1337 913 1474 954 victus
1494 915 1561 963 sit,
1579 913 1767 954 Alexan-

131 966 302 998 3¹⁸xa¹¹d¹¹
345 971 422 1012 dro
452 969 605 1011 nullius
639 983 795 1025 pugnae
817 984 902 1010 non
925 969 1109 1010 secunda
1132 970 1301 1010 fortuna
1321 970 1474 1021 fuerit3
1507 984 1591 1011 non
1614 969 1769 1010 intelli-

127 1011 376 1083 ξζέὶῗιῖζῗωσ
347 1041 402 1083 gu
379 1037 469 1074 u‚nt
489 1040 532 1067 se
553 1026 738 1067 hominis
760 1040 824 1066 ies
847 1036 1001 1080 gestaS,
1017 1037 1059 1066 et
1081 1026 1171 1081 ejus
1189 1026 1376 1081 juvenis,
1397 1041 1493 1066 cum
1516 1026 1769 1082 populijam

129 1097 222 1127 Rom.
345 1086 378 1108 ⁶⁶
395 1084 796 1139 octingentesimum
820 1082 1014 1123 bellantis
1045 1097 1201 1123 annum
1224 1084 1347 1123 rebus
1369 1083 1573 1124 conferre.
1633 1083 1768 1124 Mire-

344 1155 453 1190 mur,
470 1141 520 1190 si,
537 1154 667 1194 quum
690 1154 744 1181 ex
767 1139 848 1180 hac
863 1150 982 1195 parte
1002 1139 1033 1163 ⁶⁷
1049 1139 1189 1180 secula
1207 1139 1324 1195 plura
1345 1150 1769 1195 numerentur‚quam

344 1211 398 1238 ex
422 1197 492 1238 illa
512 1197 626 1246 anni,
649 1196 773 1252 plus
764 1211 807 1236 in
829 1206 915 1236 tam
938 1196 1066 1251 longo
1088 1197 1241 1251 spatio,
1262 1211 1388 1251 quain
1413 1197 1454 1237 in
1486 1206 1612 1237 aetate
1633 1196 1771 1237 trede-

343 1255 428 1296 cim
461 1267 684 1304 annorum,
717 1253 889 1294 fortuna
919 1253 1171 1293 variaverit?
1218 1253 1335 1299 Quin
1369 1262 1412 1293 tu
1447 1253 1631 1294 bominis
1667 1266 1764 1294 cum

343 1310 533 1359 homine,
556 1321 599 1350 et
620 1310 738 1350 ducis
761 1324 857 1350 cum
880 1309 1001 1359 duce,
1025 1309 1235 1350 fortunam
1262 1324 1356 1350 cum
1383 1310 1555 1350 fortuna
1575 1309 1767 1350 confers?

346 1368 467 1414 Quot
500 1367 718 1407 Romanos
749 1367 877 1407 duces
908 1367 1139 1416 nominem,
1161 1367 1315 1421 quibus
1342 1381 1571 1431 numquam
1592 1367 1769 1408 adversa

345 1423 518 1465 fortuna
551 1438 708 1479 pugnae
747 1423 856 1464 init?
899 1421 1083 1478 Paginas
1116 1423 1157 1463 in
1189 1423 1409 1464 annalibus
1440 1424 1766 1478 magistratuum

345 1480 549 1544 fastisque
574 1494 812 1544 percurrere
830 1479 944 1529 licet,
959 1480 1196 1529 consulum,
1214 1480 1568 1535 dictatorumque,
1586 1494 1767 1535 quorum

343 1552 423 1578 nec
445 1538 628 1587 virtutis,
652 1552 728 1577 nec
751 1536 932 1577 fortunae
968 1536 1052 1576 ullo
1082 1537 1149 1577 die
1174 1536 1373 1592 populum
1408 1537 1648 1577 Romanum
1674 1551 1771 1593 poe-

345 1594 487 1634 nituit.
549 1593 618 1644 Et,
658 1608 743 1649 quo
785 1594 869 1633 sint
910 1593 1203 1656 mirabiliores,
1244 1607 1368 1648 quam
1410 1594 1656 1634 Alexander
1693 1603 1767 1635 aut

343 1652 568 1707 quisquam
608 1665 696 1701 rex,
719 1651 848 1691 denos
883 1650 1136 1704 vicenosque
1167 1651 1256 1690 dies
1289 1650 1460 1705 quidam
1496 1650 1766 1700 dictaturam,

344 1721 470 1748 nemo
488 1707 579 1762 plus
601 1721 726 1759 quam
750 1721 906 1747 annum
926 1708 1191 1747 consulatum
1215 1709 1368 1762 gessit:
1400 1708 1453 1747 ab
1475 1708 1656 1747 tribunis
1679 1707 1765 1761 ple·

346 1765 409 1805 bis
432 1764 618 1804 delectus
629 1763 811 1827 inpediti
829 1773 951 1804 sunt:
984 1774 1080 1818 post
1098 1774 1262 1827 tempus
1283 1764 1334 1804 ad
1353 1763 1634 1805 bellaierunt:
1667 1774 1765 1804 ·1nte

345 1830 511 1876 tempus
528 1821 798 1861 comitiorum
815 1835 962 1861 caussa
986 1821 1166 1861 revocati
1192 1831 1314 1861 sunt:
1349 1821 1389 1860 in
1415 1820 1505 1883 ipso
1528 1831 1681 1861 conatu
1701 1834 1766 1860 re-

342 1892 434 1919 rum
455 1877 708 1932 circumegit
728 1891 770 1917 se
790 1891 922 1917 annus
943 1893 951 1917 :
985 1876 1161 1932 collegae
1176 1892 1287 1917 nunc
1307 1877 1658 1927 temc1·it·1s,nunc
1675 1891 1766 1932 pra-

346 1934 469 1984 vitas,
493 1934 782 1989 inpedimento
803 1943 876 1974 aut
902 1934 1059 1973 damno
1089 1934 1198 1975 fuit:
1230 1933 1337 1974 male
1368 1935 1498 1988 gestis
1521 1935 1642 1974 rebus
1665 1934 1768 1975 alte-

344 1991 430 2032 rius
453 2005 690 2031 successum
715 2000 801 2031 est:
835 1991 1012 2031 tironem
1046 2000 1118 2030 aut
1148 1990 1257 2030 mala
1277 1991 1502 2045 disciplina
1524 1990 1766 2032 institutum

311 2049 315 2053 “
344 2048 579 2091 exercitum
601 2056 870 2103 accepetQunt
930 2047 1002 2095 At,
1024 2046 1356 2102 Hercule,reges
1379 2061 1461 2088 non
1486 2047 1604 2088 liberi
1631 2047 1767 2088 solum

346 2104 646 2160 inpedimentis
684 2104 898 2153 omnibus,
939 2105 1008 2144 sed
1049 2103 1209 2144 domini
1253 2118 1389 2144 rerum
1431 2115 1768 2159 temporumque,

346 2160 523 2202 trahunt
561 2160 749 2201 consiliis
790 2170 958 2224 cuncta,
1002 2175 1084 2201 non
1131 2169 1374 2214 sequuntur.
1434 2159 1625 2201 Invictus
1666 2175 1768 2216 ergo

346 2216 588 2258 Alexander
617 2231 714 2257 cum
753 2216 922 2258 invictis
953 2216 1131 2261 ducibus
1166 2216 1272 2257 bella
1300 2217 1514 2272 gessisset,
1544 2228 1586 2257 et
1621 2218 1767 2259 eadem

346 2272 531 2314 fortunae
568 2273 748 2328 pignora
780 2274 821 2314 in
856 2274 1081 2314 discrimen
1118 2273 1349 2314 detulisset.
1391 2274 1521 2314 immo
1553 2274 1681 2314 etiam
1719 2288 1771 2315 eo

377 2330 439 2370 lus
472 2331 644 2384 periculi
679 2331 874 2379 subisset,
896 2330 1009 2384 quod
1043 2329 1301 2370 Macedones
1324 2344 1452 2371 unum
1477 2329 1768 2372 Alexandrum

344 2344 607 2436 iiabuissent‚
630 2386 773 2426 inultis
804 2387 971 2427 casibus
1002 2401 1085 2435 non
1115 2387 1249 2426 solum
1272 2387 1523 2436 obnoxium,
1546 2387 1614 2427 sed
1639 2387 1766 2428 etiam

345 2442 607 2483 obferentem
632 2457 674 2483 se
695 2459 704 2484 :
738 2442 944 2484 Romanis
967 2443 1085 2483 inulti
1112 2443 1301 2494 fuissent,
1315 2443 1574 2494 Alexandro,
1591 2443 1652 2484 vel
1676 2443 1769 2499 glo·

387 2543 428 2573 66
456 2543 777 2583 octingentesimum]
801 2544 965 2575 Numerat
985 2545 1036 2575 Li-
1080 2547 1124 2575 iti
1149 2552 1184 2575 ut
1204 2547 1235 2575 in
1253 2550 1283 2579 7
1285 2549 1327 2576 ‘.›.
1345 2547 1438 2576 annis
1455 2546 1519 2575 ‹lno
1535 2550 1568 2574 et
1583 2545 1699 2584 viginti
1717 2555 1767 2575 se—

345 2587 415 2615 vius
432 2588 472 2616 ad
489 2597 581 2618 suani
611 2598 712 2627 usquc
729 2593 874 2618 aetatem.
911 2589 1037 2618 Scribt-
1081 2589 1155 2619 culn
1181 2595 1406 2619 nuntertntur.
1451 2589 1521 2619 Nec
1538 2588 1634 2618 alitci·
1650 2588 1770 2618 dixerit

345 2629 398 2658 bat
418 2636 528 2660 autom
548 2631 616 2660 litte
630 2632 717 2662 eirca
732 2641 857 2661 annunt
872 2642 903 2662 u.
917 2643 943 2661 c.
962 2632 1034 2672 plus
1080 2643 1152 2661 vert:
1169 2632 1281 2662 Livius
1299 2632 1392 2671 plura
1407 2632 1519 2661 secula
1532 2641 1571 2660 ex
1589 2641 1655 2661 una
1675 2639 1767 2671 parte

347 2673 455 2702 minus
470 2677 541 2706 7:35».
782 2706 795 2715 ι
1080 2677 1259 2711 nunu-rari,
1276 2685 1372 2713 quum
1390 2685 1428 2704 ex
1446 2674 1550 2704 altera
1565 2684 1679 2704 annos.
1726 2674 1768 2704 Et

388 2716 427 2748 67
457 2716 573 2745 Sec-ula
586 2717 702 2756 plura]
733 2717 856 2756 Magno
871 2728 1033 2748 consensu
1078 2718 1210 2757 quidem
1228 2718 1356 2748 Servius
1369 2717 1408 2748 :id
1426 2717 1495 2747 hoec
1511 2716 1637 2757 Virgilii
1657 2718 1765 2755 verba,

344 2759 403 2786 viri
416 2759 503 2788 docti
515 2762 622 2789 secula
637 2760 687 2789 hic
703 2761 892 2799 intelligunt
906 2767 1034 2797 wtatvs,
1077 2761 1152 2791 AEn.
1169 2760 1254 2792 vlu.
1279 2771 1307 2790 v.
1336 2764 1407 2791 508.
1430 2762 1578 2800 sectisque
1599 2758 1705 2801 ‘gffaw
1720 2771 1766 2790 sa-

345 2802 410 2830 sive
428 2802 537 2839 γυιάς,
556 2803 668 2839 quales
686 2804 717 2832 in
735 2804 881 2842 quolibet
899 2810 1032 2834 emitum
1078 2809 1197 2841 nectus,
1214 2805 1363 2834 observat
1385 2813 1455 2833 esse
1472 2805 1526 2841 qui
1544 2804 1655 2834 dicant
1679 2813 1764 2835 secu-

345 2853 506 2875 annorinn
537 2847 643 2885 spatio
674 2849 777 2876 terncc
807 2847 1032 2884 continentur,
1079 2848 1145 2879 lum
1159 2848 1297 2887 trIginta
1315 2856 1414 2878 annos
1431 2848 1553 2878 habere.
