1925 3239
553 80 679 119 LIB.
707 80 779 118 IX.
821 80 950 118 CAP.
977 79 1088 118 XXI.
1467 85 1538 121 521

115 183 267 240 coepti,
288 183 452 240 legibus
474 182 528 223 ab
561 182 607 223 L.
632 181 760 223 Furio
793 190 975 237 praetore
996 181 1131 222 datis:
1162 195 1292 236 quum
1316 190 1543 238 utrumque
1555 201 1593 233 U.
1611 202 1739 236 0436.

116 242 196 297 ipsi
224 256 298 297 pro
331 240 515 281 remedio
551 239 676 294 aegris
706 239 829 279 rebus
860 238 1074 278 discordia
1103 238 1303 279 intestina
1325 240 1591 294 petissent.A-
1609 246 1737 280 C.316.

116 297 174 339 Et
203 303 235 326 ⁷⁹
252 298 347 339 duae
373 297 524 337 Romae
557 297 713 337 additae
742 296 896 344 tribus,
919 298 951 319 ⁸⁰
967 294 1174 336 Ufentina
1205 310 1254 335 ac
1285 301 1314 321 ⁸¹
1336 296 1667 347 Falci-inanibus
1682 327 1737 348 no-

119 353 340 396 Inclinatis
368 353 496 394 semel
526 353 567 393 iu
591 352 748 408 Apulia
769 356 907 402 rebus,
929 358 961 379 ⁸⁶²
976 351 1128 392 Teates
1149 365 1318 406 quoque
1338 351 1467 403 Apuli
1492 354 1542 395 ad
1554 370 1607 390 vae.

114 425 250 452 novos
281 409 487 459 consules,
513 409 564 450 C.
594 409 772 451 Junium
807 409 1064 459 Bubulcum,
1094 409 1150 454 Q.
1182 405 1404 450 AEmiliurn
1439 409 1594 459 Bar-U,
1614 430 1650 460 C.
1668 434 1743 465 437.

116 468 275 518 hulam,
297 468 439 508 foedus
471 467 650 523 petitum
684 471 930 516 venerunt&
953 469 982 489 ⁸³
998 467 1113 520 pacis
1135 479 1209 520 per
1231 480 1399 506 omnem
1421 466 1590 522 Apu-A.
1610 474 1646 504 C.
1663 477 1735 505 315.

113 524 213 566 Jiam
232 524 482 580 praestandae
505 523 662 579 populo
680 521 878 563 Romano
899 532 1108 563 auctores.
1141 522 1181 564 id
1199 522 1398 563 audacter
1414 538 1540 579 spon·
1552 519 1585 546 ⁶·
1603 517 1712 570 suuis),

113 582 252 623 dendo
277 582 554 636 inpetravere,
570 588 614 620 ut
636 578 777 620 foedus
800 579 994 620 daretur:
1027 593 1163 634 neque
1186 588 1232 619 ut
1252 594 1376 633 aequo
1399 589 1538 622 tamen
1551 561 1734 634 ἓᾼζέιωιω

114 638 292 689 foedcre,
315 638 386 678 sed
419 647 464 678 ut
498 637 540 677 iu
575 637 739 677 ditione
771 636 916 691 populi
949 635 1134 676 Romani
1171 646 1326 676 essent.
1384 636 1543 691 Apulia

114 695 366 750 perdomita,
401 698 516 746 (narn
546 701 578 721 ⁸⁴
600 693 784 734 Forento
817 707 986 748 quoque
1019 693 1159 733 valido
1192 693 1352 748 oppido
1385 692 1542 735 Junius

115 753 275 808 potitus
297 753 404 801 erat)
427 751 467 791 in
495 751 687 791 Lucanos
714 762 965 804 perrectum.
998 749 1095 790 inde
1115 750 1337 804 repentino
1356 750 1541 791 adventu

114 808 279 850 AEmilii
322 807 505 849 consulis
547 807 752 848 Nerulum
792 807 831 846 vi
873 817 1063 861 captum.
1124 805 1178 846 Et
1214 816 1440 861 postquam
1477 822 1540 848 res

114 865 278 920 Capuae
311 864 518 905 stabilitas
554 864 752 905 Romana
782 863 1007 918 disciplina
1040 863 1154 904 fama
1186 878 1259 918 per
1290 863 1427 904 socios
1450 864 1540 905 vul-

114 922 256 978 gavit;
287 922 534 962 Antiatibus
566 934 751 975 quoque,
783 921 856 975 qui
895 936 937 960 se
968 920 1057 960 siue
1092 920 1256 974 legibus
1286 920 1428 971 certis,
1450 921 1540 962 sine

112 979 434 1034 magistratibus
452 992 578 1034 agere
593 978 890 1032 querebantur,
908 977 994 1018 dati
1019 977 1072 1016 ab
1096 987 1242 1017 senatu
1265 976 1317 1016 ad
1334 977 1434 1031 jura
1452 986 1536 1018 sta-

111 1036 268 1076 tuenda
299 1035 429 1090 ipsius
450 1039 481 1059 ⁸⁵
497 1035 678 1076 coloniae
711 1035 876 1089 patroni
896 1051 904 1075 :
937 1048 1013 1074 nec
1045 1048 1162 1075 arma
1182 1033 1327 1084 modo,
1351 1034 1422 1075 sed
1439 1033 1541 1089 jura

112 1094 240 1133 etiam
263 1091 460 1132 Romana
481 1091 564 1132 late
588 1091 817 1147 pollebant.

170 1148 308 1190 XXI.
342 1148 394 1189 C.
415 1149 570 1190 Junius
595 1148 813 1188 Bubulcus
843 1156 886 1187 et
918 1148 975 1193 Q.
999 1146 1196 1187 AEmilius
1230 1146 1416 1187 Barbula
1434 1159 1589 1191 con-U.
1608 1158 1644 1189 C.
1660 1162 1734 1191 438.

112 1205 219 1246 sules
241 1206 360 1246 exitu
383 1206 481 1245 anui
506 1220 592 1245 non
614 1204 859 1245 consulibus
881 1205 934 1245 ab
957 1218 1000 1243 se
1031 1205 1196 1253 creatis,
1219 1204 1292 1258 Sp.
1313 1203 1472 1250 Nautio
1494 1204 1584 1244 etA·
1601 1203 1637 1233 C·
1653 1207 1726 1234 3¹4·

1547 1247 1566 1275 S
1570 1256 1599 1284 p.
1614 1247 1745 1283 Nautio,

111 1261 179 1303 M.
206 1262 404 1317 Popillio,
427 1272 613 1302 ceterum
637 1262 834 1302 dictatori
868 1261 916 1303 L.
945 1260 1119 1301 AEmilio
1148 1260 1335 1314 legiones
1356 1261 1580 1318 tradide—M
1608 1291 1650 1318 Po
1673 1290 1738 1320 mio

109 1329 224 1360 runt.
286 1318 343 1369 Is,
375 1334 473 1360 cum
510 1319 557 1359 L.
596 1318 748 1359 Fulvio
786 1320 990 1373 magistro
1027 1317 1217 1372 equitum
1255 1318 1286 1340 ³⁶
1304 1299 1670 1362 Saticulamcdss.¹'

110 1377 360 1431 obpugnare
394 1376 581 1425 adortus,
611 1374 840 1416 rebellandi
880 1389 1068 1414 caussam
1106 1373 1368 1414 Samnitibus
1406 1374 1738 1424 (ledjt‚n.AEmilius

112 1432 286 1488 Duplex
315 1432 412 1473 inde
443 1442 574 1472 terror
604 1432 758 1472 inlatus
790 1431 1010 1471 Romanis.
1043 1431 1140 1470 hinc
1174 1431 1356 1481 Samnis,
1379 1419 1689 1487 magnodictator.

109 1490 301 1530 exercitu
332 1500 483 1530 coacto
514 1489 567 1530 ad
597 1488 846 1529 eximendos
876 1487 1100 1528 obsidione.
1129 1488 1283 1537 socios,
1305 1487 1417 1528 haud
1441 1503 1538 1543 pro-

108 1547 178 1587 cul
197 1547 345 1587 castris
370 1545 660 1587 Romanorum
684 1555 821 1586 castra
841 1544 1003 1600 posuit:
1038 1544 1137 1584 hinc
1161 1544 1394 1584 Saticulani
1416 1559 1537 1600 mag-

108 1617 164 1644 no
187 1618 284 1643 cum
315 1602 514 1654 tumultu,
533 1601 758 1657 patefactis
780 1612 951 1657 repente
977 1602 1123 1656 portis,
1145 1601 1186 1640 in
1211 1601 1413 1641 stationes
1437 1602 1535 1642 hos-

109 1659 216 1700 tium
237 1661 519 1700 incurrerunt».
557 1659 661 1699 Inde
685 1673 778 1714 pars
802 1670 991 1712 utraque,
1013 1672 1087 1713 spe
1109 1657 1232 1698 alieni
1257 1658 1392 1713 magis
1413 1659 1536 1699 auxi-

106 1715 169 1767 lii,
190 1731 318 1772 quam
352 1716 510 1757 viribus
534 1715 641 1756 freta
668 1715 905 1770 sui-s,justo
939 1729 1038 1755 mox
1064 1713 1217 1770 proelio
1244 1714 1351 1755 inito
1377 1714 1535 1756 Roma-

107 1787 184 1814 nos
217 1781 414 1829 urguent.
448 1781 505 1823 et,
528 1786 786 1828 quamquam
818 1786 971 1826 anceps
1002 1771 1223 1813 dimicatio
1253 1780 1358 1823 erat,
1390 1783 1534 1813 tamen

642 1871 657 1891 5
678 1875 781 1895 venere
796 1866 892 1895 Gron.
909 1865 997 1894 Crev.

107 1947 250 1982 quatuor
275 1953 295 1973 a
319 1943 484 1973 Gronovio
508 1941 642 1981 allegati
671 1941 798 1972 habent
886 1944 926 1972 84
952 1939 1095 1979 Forento]
1129 1939 1215 1971 Ante
1232 1939 1435 1971 Gronovium
1452 1940 1532 1971 editi

111 1987 279 2026 Capuam.-
303 1987 402 2025 longe
414 1986 597 2025 elegantius
614 1993 648 2015 et
664 1985 795 2015 clarius.
841 1984 1061 2025 praeferebant
1081 1983 1240 2013 ‘sm-ento:
1265 1984 1431 2014 mendose.
1465 1984 1532 2014 Ne-

149 2034 168 2064 7
171 2035 191 2065 9
214 2030 303 2061 Duoe
319 2051 326 2059 .
338 2051 346 2059 .
361 2052 368 2059 .
382 2030 500 2060 addicoe
525 2029 642 2066 tribus]
686 2028 800 2058 Tunc-

107 2083 170 2112 que
188 2083 256 2104 una
270 2080 304 2104 ct
319 2073 459 2112 triginta
473 2073 578 2102 tribus
592 2073 700 2101 factae.
723 2071 797 2101 Vid.

151 2163 192 2191 80
220 2159 394 2199 Ufentina]
432 2158 505 2188 Sive
533 2157 727 2194 Oufentina,
759 2157 799 2187 ab

107 2203 244 2241 Ufente,
260 2203 326 2233 sive
338 2202 484 2233 Oufente
500 2202 600 2231 fluvio
612 2202 646 2231 in
658 2201 797 2238 Volscis,

107 2247 163 2285 qui
190 2256 255 2276 non
279 2246 376 2285 longe
401 2255 421 2275 a
443 2244 624 2275 Tarracina
649 2245 684 2274 in
707 2254 798 2274 mare

106 2289 241 2320 labitur.
285 2289 358 2319 Vid.
374 2288 521 2318 Festum.

151 2336 187 2364 81
217 2332 384 2372 Falerina]
412 2331 462 2362 Ab
485 2340 564 2370 agro
587 2329 736 2368 Falerno,
760 2334 799 2360 ut

106 2376 248 2406 videtur.

151 2421 192 2450 82
219 2416 522 2457 TeatcS...Apuli]
565 2416 717 2455 Plerique
748 2416 798 2445 in-

107 2466 292 2502 terpretum
321 2463 354 2491 in
382 2471 460 2490 voce
493 2460 604 2490 Teates
639 2458 796 2489 mendum

108 2516 179 2536 esse
209 2506 411 2536 existimant.
456 2504 560 2534 Teate
586 2503 674 2532 enim
703 2503 798 2542 oppi-

107 2549 185 2579 dum
211 2559 275 2579 non
298 2550 332 2578 in
357 2547 488 2587 Apulia,
506 2546 564 2576 sed
582 2547 615 2575 in
634 2545 796 2575 Marruci-

106 2593 158 2622 nis
175 2598 236 2622 est.
281 2592 439 2630 Dujatius
457 2590 646 2630 suspicatur
667 2588 798 2619 Uriaees

104 2635 216 2675 Apuli.

149 2681 188 2709 83
198 2677 327 2708 *Pacis
338 2699 347 2708 .
358 2698 366 2706 .
382 2700 389 2707 .
404 2700 412 2707 .
425 2677 541 2716 populo
560 2675 701 2706 Romano
712 2683 797 2714 proe-

103 2721 229 2751 standoe
256 2720 416 2760 auctores]
459 2719 693 2749 Promittentes
727 2727 797 2747 sese

105 2764 281 2794 effecturos
292 2769 331 2794 ut
344 2773 402 2803 per
412 2771 545 2793 omnem
561 2761 715 2803 Apuliam
734 2770 798 2801 pax

106 2817 184 2839 cum
201 2806 357 2839 Romanis
373 2810 569 2838 servaretur.
617 2826 619 2828 ι

843 2038 908 2066 que
932 2028 1021 2056 enim
1048 2026 1232 2056 Tarentum
1259 2027 1291 2056 in
1315 2027 1436 2066 Apulia
1458 2031 1531 2056 est:

843 2081 904 2100 nec
927 2071 965 2100 de
990 2070 1069 2100 urbe
1094 2077 1162 2099 tam
1179 2069 1299 2099 celebri
1317 2072 1398 2100 adeo
1413 2069 1531 2109 frigide

842 2114 1033 2153 loqueretur
1043 2113 1164 2142 Livius.
1188 2112 1339 2142 Correxit
1349 2113 1531 2143 Gronovius

843 2158 989 2196 vestigiis
1006 2157 1098 2186 MSS.
1115 2155 1265 2185 codicum
1288 2157 1458 2193 insistens,
1475 2156 1531 2195 qui

842 2200 999 2230 exhibent
1015 2198 1156 2238 florento
1173 2199 1224 2228 vel
1239 2204 1366 2229 torento.
1412 2200 1532 2229 Obser-

842 2244 988 2273 vavirnus
1004 2243 1037 2272 in
1055 2246 1122 2272 not.
1140 2245 1191 2273 51.
1208 2243 1247 2272 ad
1263 2253 1290 2273 e.
1308 2244 1356 2273 16.
1373 2243 1461 2272 idem
1474 2252 1533 2282 op·

844 2287 955 2326 piduin
988 2285 1091 2323 videri
1118 2285 1243 2315 dictum
1271 2296 1400 2325 quoque
1429 2286 1555 2326 fuisse·

843 2330 1030 2361 Ferentum.

887 2376 926 2404 85
955 2372 1084 2402 Colonia»
1109 2371 1256 2410 patroni]
1293 2371 1398 2401 Urbes
1427 2372 1530 2409 enim,

840 2427 878 2446 ac
905 2420 1030 2456 postea,
1054 2421 1153 2445 aucto
1179 2415 1330 2454 irnperio,
1355 2415 1530 2454 provinciae

840 2460 942 2489 etiam
959 2463 993 2489 et
1011 2468 1113 2498 regna
1130 2465 1283 2498 patronos
1300 2458 1414 2488 Romae
1432 2457 1532 2488 habe-

839 2503 932 2532 bant.

884 2546 924 2576 86
949 2544 1146 2584 Saticulam]
1173 2544 1225 2573 Sic
1249 2550 1338 2573 recte
1362 2543 1529 2582 SigoniuS,

841 2598 944 2627 quum
967 2593 1092 2618 veteres
1114 2588 1193 2616 editi
1212 2587 1370 2616 haberent
1382 2588 1532 2617 Satricu-

841 2634 919 2661 lam.
964 2632 1016 2660 Sic
1043 2637 1077 2661 et
1102 2631 1272 2667 infrasubi
1297 2640 1386 2660 nunc
1410 2630 1531 2669 legitur

843 2675 1041 2711 Saticulani,
1079 2674 1213 2713 quidam
1249 2673 1329 2703 editi
1366 2673 1532 2704 habebant

843 2717 1058 2756 Satriculani,
1074 2717 1209 2758 quidam
1222 2717 1324 2747 etiam
1341 2716 1531 2748 mendosius

843 2761 1022 2792 Satricani.
