1925 3239
123 235 166 267 U
182 237 218 266 c
233 238 307 268 451
330 215 474 271 jubet.
515 217 586 258 sed
625 217 828 259 celeriora
862 233 995 274 prope
1028 220 1170 260 omnia
1207 219 1384 282 imperio
1420 229 1555 263 erant.
1626 220 1768 275 Rapta

120 280 161 310 A.
179 279 216 311 C.
231 284 305 311 301.
336 273 555 328 extemplo
589 275 712 330 signa
743 290 969 330 armaque3
1011 287 1053 316 et
1076 275 1147 316 vix
1170 276 1224 316 ab
1255 277 1400 330 inpetu
1431 287 1474 316 et
1503 291 1625 318 cursu
1649 288 1766 318 tene-

338 331 509 371 bantur.
541 345 671 385 quum
706 332 767 372 iia
799 332 854 372 ab
885 342 1060 388 accepta
1093 347 1228 396 nuper
1255 331 1373 373 clade
1395 333 1652 397 stimulabat,
1675 343 1766 374 tum

333 387 590 427 concitatior
611 389 807 429 accidens
831 388 991 429 clamor
1014 389 1067 429 ab
1092 389 1351 429 increscente
1377 391 1622 431 certamine.
1683 389 1766 431 Ur-

332 453 465 499 guent
485 444 627 507 itaque
645 445 712 485 alii
729 444 848 495 alios,
862 444 1170 500 hortanturque
1191 444 1428 500 signiferos,
1446 456 1492 486 ut
1512 447 1631 487 ocius
1652 454 1766 486 eant.

332 515 418 554 quo
442 501 576 556 magis
617 501 864 542 festinantes
901 501 1014 542 videt
1046 502 1242 550 dictator,
1265 516 1315 542 eo
1339 503 1556 558 inpensius
1579 512 1764 543 retentat

332 570 502 620 agmen,
525 572 573 597 ac
607 559 762 598 sensim
797 557 991 598 incedere
1017 558 1159 621 jubet.
1221 557 1390 599 Etrusci
1420 569 1583 609 contra,
1603 559 1763 614 16ρι’ἱῐι-

331 613 448 667 cipio
469 613 598 654 exciti
623 629 794 670 pugnae,
811 613 1010 662 omnibus
1030 615 1166 669 copiis
1189 615 1376 656 aderant.
1438 615 1493 656 Et
1513 629 1638 671 super
1659 615 1763 656 alios

331 669 401 710 alii
428 670 632 710 nunciant
665 671 880 733 dictatori,
903 685 1049 711 omnes
1081 671 1271 726 legiones
1307 670 1583 713 Etruscorum
1612 686 1761 727 capes-

332 727 435 766 sisse
458 741 676 781 pugnam·
667 760 677 777 ,
709 726 892 782 necjam
919 729 973 768 ab
996 728 1081 767 suis
1103 728 1238 768 resisti
1273 743 1417 783 posse:
1451 740 1493 769 et
1514 729 1603 784 ipse
1624 729 1761 769 cernit

330 797 386 823 ex
420 783 635 837 superiore
665 784 776 833 loco,
814 799 854 824 in
888 794 1049 847 quanto
1081 784 1325 825 discrimine
1360 785 1602 840 praesidium
1635 793 1760 826 esset.

333 839 550 890 Ceterum,
573 840 672 880 satis
706 840 839 881 frctus
870 854 960 881 esse
991 841 1119 881 etiam
1152 855 1265 881 nunc
1297 842 1514 883 tolerando
1536 841 1758 882 certamini

330 894 536 952 legatum,
575 910 652 938 nec
690 911 733 937 se
770 897 918 952 procul
959 898 1105 938 abesse
1148 897 1319 961 periculi
1365 898 1592 949 vindicem,
1631 912 1759 952 quam

329 953 518 993 maxime
539 952 631 994 vult
663 952 833 1009 fatigari
866 954 1048 1004 hostem,
1070 963 1118 994 ut
1150 955 1328 1009 integris
1361 955 1576 995 adoriatur
1599 955 1760 996 viribus

329 1008 476 1050 fessos.
538 1010 810 1065 Quamquam
843 1010 955 1051 lente
991 1010 1240 1066 procedunt,
1255 1010 1347 1065 jam
1381 1021 1520 1052 tamen
1554 1011 1604 1052 ad
1638 1012 1758 1076 inpe-

329 1074 418 1107 tum
442 1067 712 1121 capiendum,
735 1067 867 1122 equiti
892 1067 1052 1122 utique,
1076 1067 1289 1108 modicum
1322 1077 1412 1108 erat
1433 1069 1633 1123 spatium.
1673 1069 1757 1123 pri-

326 1136 398 1163 ma
420 1123 674 1164 incedebant
698 1125 821 1179 signa
841 1124 1074 1179 legionum,
1088 1138 1140 1165 ne
1161 1124 1261 1178 quid
1281 1124 1494 1165 occultum
1512 1134 1585 1165 aut
1607 1139 1755 1179 repen-

328 1179 466 1220 tinum
489 1180 621 1221 hostis
643 1180 834 1222 timeret:
873 1181 945 1222 sed
967 1181 1193 1236 reliquerat
1216 1180 1433 1221 intervalla
1458 1181 1566 1222 inter
1585 1182 1754 1222 ordines

327 1236 536 1291 peditum,
557 1252 641 1291 qua
659 1237 759 1278 satis
780 1237 880 1279 laxo
903 1238 1041 1292 spatio
1062 1237 1160 1292 equi
1181 1237 1365 1292 permitti
1392 1247 1577 1293 possent.
1622 1241 1650 1263 ¹⁷
1669 1237 1752 1279 Pa-

325 1293 427 1334 riter
449 1294 618 1334 sustulit
639 1294 867 1335 clamorem
889 1295 1024 1345 acies;
1055 1303 1097 1334 et
1117 1294 1294 1335 emissus
1315 1309 1441 1349 eques
1462 1294 1596 1335 libero
1626 1308 1751 1336 cursu

325 1349 369 1390 in
396 1350 559 1391 hostem
593 1351 824 1402 invehitur,
848 1351 1271 1406 ¹⁸incompositisque
1293 1352 1490 1392 adv-eisus
1512 1361 1751 1406 equestrem

324 1406 553 1462 plocellam
591 1408 779 1449 subitum
818 1421 1017 1472 pavorem
1056 1407 1271 1448 obfundit.
1332 1407 1497 1471 ltaque,
1537 1417 1582 1449 ut
1618 1421 1752 1472 prope

324 1478 461 1504 serum
484 1464 725 1505 auxilium
707 1479 801 1520 Jam
825 1479 931 1521 pene
953 1465 1270 1514 circumventis,
1290 1464 1348 1505 ita
1371 1479 1564 1506 universa
1585 1465 1749 1520 requies

322 1520 423 1561 data
443 1529 520 1561 est.
552 1521 705 1577 integri
742 1535 942 1577 accepere
972 1535 1187 1577 pugnam:
1219 1535 1296 1562 nec
1329 1536 1378 1562 ea
1399 1522 1491 1577 ipsa
1511 1522 1653 1577 longa,
1675 1531 1750 1562 aut

322 1591 478 1633 anceps
516 1577 613 1619 fuit.
642 1554 772 1619 DFusi
806 1578 949 1619 hostes
982 1588 1120 1619 castra
1153 1587 1361 1632 repetunt,
1384 1556 1747 1633 inferentibusque

315 1634 406 1690 jam
431 1649 553 1690 Signa
586 1634 792 1676 Romanis
825 1636 996 1685 cedunt,
1021 1643 1064 1675 et
1095 1635 1137 1675 in
1170 1635 1360 1675 ultimam
1385 1646 1615 1676 castrorum
1652 1649 1746 1690 par-

322 1702 408 1732 tem
442 1691 768 1746 conglobantur.
829 1691 1010 1733 Haerent
1042 1690 1254 1747 fugientes
1290 1692 1330 1732 in
1364 1692 1572 1748 angustiis
1603 1700 1746 1756 porta-

319 1762 434 1790 rum:
469 1762 564 1803 pars
597 1763 752 1804 magna
784 1763 983 1805 aggerem
1016 1749 1257 1803 vallumque
1289 1748 1604 1799 conscendunt,
1616 1749 1647 1789 si
1671 1758 1744 1789 aut

317 1819 371 1847 ex
403 1819 618 1861 superiore
651 1805 744 1846 loco
781 1807 884 1845 tueri
915 1820 973 1856 se,
996 1814 1068 1845 aut
1099 1819 1295 1860 superare
1325 1805 1466 1860 aliqua
1493 1815 1535 1845 ct
1564 1804 1744 1845 evadere

316 1872 504 1919 possent.
566 1861 692 1902 Forte
709 1863 896 1940 quodam
921 1862 1013 1902 loco
1049 1861 1154 1902 male
1175 1862 1372 1902 densatus
1403 1876 1458 1916 ag
1461 1876 1535 1917 δἐι
1557 1861 1743 1917 pondere

319 1919 722 1974 ¹⁹supe1·stantium‘¹
762 1920 803 1959 in
847 1919 1001 1959 fossam
1046 1918 1298 1973 procubuit:
1349 1928 1476 1972 atque
1515 1932 1565 1958 ea
1607 1932 1741 1972 quum

319 1973 435 2016 Deos
473 1975 654 2030 pandere
693 1976 800 2016 viam
841 1975 956 2031 fugae
992 1974 1341 2024 conclamassent,
1374 1975 1510 2030 plures
1545 1975 1756 2025 inermes„

316 2046 443 2086 quani
466 2033 630 2096 armati,
651 2032 853 2074 evadunt.
889 2009 1014 2073 t’Hoc
1048 2031 1202 2086 proelio
1233 2031 1378 2072 fractae
1409 2032 1560 2072 iterum
1592 2030 1740 2072 Etrus-

314 2102 463 2129 corum
495 2089 601 2129 vires
622 2105 630 2130 :
662 2099 720 2138 et,
744 2099 868 2144 pacto
890 2103 1031 2129 annuo
1054 2088 1281 2143 stipendio,
1302 2098 1345 2128 et
1366 2086 1496 2128 duum
1530 2088 1737 2129 mensium

315 2144 544 2195 frumento,
568 2146 816 2201 permissum
851 2146 905 2186 ab
936 2146 1158 2195 dictatoie,
1182 2155 1228 2185 ut
1249 2145 1300 2184 de
1333 2159 1436 2200 pace
1453 2145 1616 2200 legatos
1638 2146 1738 2185 mit-

313 2211 450 2242 terent
474 2201 671 2242 Romam.
732 2202 823 2242 Pax
847 2211 1024 2258 negata:
1057 2202 1239 2242 induciae
1265 2202 1422 2242 biennii
1445 2202 1570 2242 data..
1601 2201 1737 2242 dicta-

314 2267 382 2299 tor
404 2258 697 2313 triumphans
689 2274 729 2299 in
756 2261 900 2299 urbem
923 2259 1060 2299 rediit.
1120 2257 1274 2298 Habeo
1302 2269 1509 2307 auctor,es
1532 2259 1623 2298 sinc
1650 2257 1735 2298 ullo

313 2315 576 2356 memorabili
601 2316 753 2370 proelio
777 2326 969 2370 pacatam
999 2316 1053 2355 ab
1081 2314 1288 2355 dictatore
1313 2290 1521 2355 Etruriam
1545 2329 1649 2363 esse,
1672 2328 1735 2355 se-

311 2372 546 2412 ditionibus
569 2381 731 2412 tantum
754 2372 1048 2413 Arretinorum
1071 2372 1335 2427 compositis,
1351 2382 1394 2412 et
1416 2371 1558 2412 Cilnio
1579 2385 1735 2427 genere

337 120 415 154 560
906 119 1043 158 TIT]
1080 120 1247 158 LIVII
1874 0 1925 187 ξ

1900 576 1904 582 .
1897 529 1909 559 ,φ
1895 395 1908 517 'wo—⁴...-
1891 370 1905 384 ,ί

821 2463 837 2483 ⁴¹
857 2464 1115 2503 superastantium
1131 2464 1227 2492 Gron.

357 2529 393 2558 16
405 2528 424 2546 ’Ψ
437 2528 602 2568 Principio
623 2530 716 2559 escili
737 2527 871 2568 pugnoe]
904 2529 996 2559 Prin·
1040 2528 1197 2568 piendum
1214 2529 1383 2567 equitatus
1398 2528 1502 2559 effuso
1525 2538 1623 2559 cursu
1640 2529 1730 2559 inva-

309 2572 393 2611 cipio
410 2573 520 2602 statim
538 2582 657 2611 pugnae
675 2582 693 2601 a
707 2573 774 2602 suis
798 2573 997 2602 insidiatori-
1039 2572 1147 2602 dentis
1165 2572 1340 2610 impetum.

309 2615 368 2644 bus
384 2616 566 2645 commissae
584 2617 682 2644 :exciti
699 2626 716 2644 e
732 2616 858 2645 castris.
1088 2618 1123 2650 19
1148 2613 1425 2654 8ιιμει·.τ1(υιίίαηι]
1453 2614 1532 2644 Haec
1556 2618 1605 2644 cst
1627 2615 1730 2655 scrip·

356 2661 389 2691 17
420 2658 570 2696 Pariter]
610 2659 682 2688 Uno
705 2658 887 2698 eodemque
909 2665 995 2688 tem·
1036 2661 1113 2687 tura
1128 2665 1314 2688 nostrorum
1339 2661 1487 2687 omnium
1507 2658 1671 2696 codicum,
1689 2663 1726 2688 ut

306 2710 395 2741 pore.
1038 2705 1073 2730 et
1088 2701 1271 2741 Sigoniani.
1309 2701 1415 2739 Vulgo
1431 2703 1700 2740 sapen-astantium
1716 2714 1726 2730 :

304 2759 306 2761 ·
354 2744 417 2775 18*
430 2743 678 2783 incompositis..
699 2742 868 2783 adi-ersus]
881 2744 994 2784 Quum
1037 2745 1125 2783 quod
1149 2744 1286 2774 fortasse
1312 2745 1466 2774 nwndum
1486 2751 1530 2773 est
1552 2753 1725 2784 operarum

305 2787 512 2826 incompositi
544 2794 652 2817 essent
679 2798 744 2826 pree
771 2788 884 2817 ardore
912 2796 994 2827 pug-
1038 2786 1232 2827 permultas
1255 2787 1408 2827 deinceps
1431 2787 1606 2825 editiones,
1621 2792 1659 2818 ut
1673 2787 1725 2824 sit,

305 2831 418 2869 nandi,
443 2835 541 2870 atque
565 2830 645 2860 adeo
669 2831 820 2870 imparati
844 2829 886 2861 ad
906 2830 994 2860 exci·
1036 2835 1265 2874 propagatum.
