1925 3239
162 1117 212 1147 Ne
228 1115 295 1155 quis

164 1164 252 1188 extra
266 1158 345 1187 ordi—

162 1212 235 1232 nem
246 1210 365 1240 pugna-

161 1249 224 1281 ret,
240 1245 331 1274 edici-

164 1292 227 1317 tur.

169 1794 323 1826 Mannum

169 1840 241 1867 Cos.
255 1837 353 1866 filium

170 1880 333 1910 Geminius

171 1926 318 1963 provocat
337 1921 376 1950 ad

171 1967 328 2004 singulare

173 2013 339 2039 certamen.

369 153 447 189 454
906 152 1052 192 TlTI
1092 151 1269 192 LIVII

340 285 348 293 .
371 250 536 302 lerunt3
579 249 740 307 placuit
760 257 791 279 ²³
804 253 1131 294 averruncandae
1164 253 1304 294 Defim
1337 253 1410 295 irae
1433 253 1627 295 victimas
1655 251 1793 297 caediz

337 329 345 338 ·
373 306 500 349 simul
519 314 579 358 ut,
601 308 634 348 si
656 309 768 348 extis
789 308 950 360 eadem,
973 324 1068 364 quae
1090 325 1239 351 somno
1258 310 1346 351 visa
1366 309 1546 361 fuerant,
1569 311 1792 366 portende-

372 373 533 414 rentur,
572 363 772 405 alteruter
810 366 1028 406 consulum
1071 365 1159 408 fata
1198 366 1392 422 inpleret.
1468 367 1553 408 Ubi
1596 380 1796 422 responsa

373 421 615 477 aruspicum
631 421 830 462 insidenti
847 422 940 477 jam
957 423 1098 463 animo
1118 424 1259 465 tacitae
1275 423 1468 478 religioni
1485 432 1795 479 congruerunt3

374 485 481 528 tum,
502 477 705 519 adhibitis
726 478 876 533 legatis
898 479 1176 534 tribunisque,
1198 490 1241 521 et
1272 480 1457 534 imperiis
1480 479 1620 520 Deum
1641 493 1795 535 propa-

372 533 457 576 lam
495 535 717 589 expositis,
755 548 808 574 ne
846 549 957 576 mors
991 536 1228 578 voluntaria
1260 537 1445 577 consulis
1479 537 1715 577 exercitum
1751 536 1795 575 in

374 591 466 632 acie
497 600 686 641 terreret,
707 601 957 646 comparant
985 592 1094 632 inter
1116 607 1173 643 se,
1193 603 1254 643 ut,
1277 595 1330 634 ab
1367 605 1461 634 utra
1499 603 1617 648 parte
1646 591 1794 633 cedere

374 646 597 688 Romanus
627 647 838 688 exercitus
873 649 1090 703 coepisset,
1112 649 1210 690 inde
1239 664 1282 690 se
1303 650 1450 690 consul
1474 650 1700 690 devoveret
1722 662 1797 703 pro

373 703 535 759 populo
556 703 753 744 Romano
788 705 1130 759 Quiritibusque.
1188 705 1452 761 2⁴Agitatum
1475 707 1603 747 etiam
1630 706 1673 746 in
1695 718 1798 745 con-

376 760 470 800 silio
502 770 580 810 est,
603 770 664 809 ut,
687 761 720 800 si
756 762 925 815 quaudo
956 776 1158 816 umquam
1190 777 1333 804 severo
1359 762 1487 803 ullum
1510 763 1690 817 imperio
1711 760 1799 802 bel-

373 816 464 857 lum
498 817 838 857 administratum
872 826 994 870 esset,
1029 827 1130 859 tunc
1163 820 1223 859 uti
1255 819 1478 875 disciplina
1514 819 1708 859 militaris
1745 816 1799 858 ad

375 873 539 928 priscos
561 874 820 928 redigeretur
851 889 1000 916 mores.
1061 875 1218 916 Curam
1240 877 1433 927 acuebat,
1454 875 1568 930 quod
1600 875 1799 916 adversus

380 930 556 970 Latinos
588 930 827 971 bellandum
860 941 964 981 erat,
987 931 1145 985 lingua,
1169 933 1370 984 moribus,
1396 947 1607 974 armorum
1631 945 1800 987 genere,

377 986 586 1027 institutis
607 997 705 1027 ante
726 988 870 1028 omnia
901 988 1152 1029 militaribus
1173 1000 1482 1045 congruentes:
1515 989 1667 1029 milites
1690 987 1800 1028 mili·
1860 997 1866 1001 ¹

378 1044 509 1094 tibus,
530 1043 848 1084 centurionibus
883 1045 1166 1095 centuriones,
1192 1046 1352 1086 tribuni
1381 1046 1560 1087 tribunis
1580 1058 1799 1100 compares

379 1099 655 1156 collegaeque,
675 1100 870 1141 2⁵iisdem
901 1102 1123 1157 praesidiis,
1146 1116 1260 1157 saepe
1289 1103 1437 1144 iisdem
1460 1101 1683 1157 manipulis
1706 1115 1799 1156 per·-

378 1157 506 1198 mixti
541 1156 722 1197 fuerant.
758 1171 833 1212 per
862 1157 956 1200 haec
987 1173 1039 1199 ne
1068 1173 1152 1213 quo
1183 1173 1321 1200 errore
1353 1160 1505 1200 milites
1535 1167 1800 1214 caperentur,

378 1215 553 1255 edicunt
575 1213 782 1265 consules,
805 1227 856 1254 ne
887 1215 981 1270 quis
1011 1225 1133 1257 extra
1161 1216 1353 1258 ordinem
1383 1217 1427 1257 in
1448 1216 1614 1257 hostem
1637 1229 1802 1271 pugna-

376 1279 456 1313 ret.

436 1326 541 1368 VII.
573 1327 700 1383 Forte
723 1328 832 1369 inter
852 1337 1014 1370 ceteros
1038 1338 1267 1371 turmarum
1296 1328 1536 1384 praefectos,
1558 1328 1628 1384 qui
1652 1326 1802 1382 explo-

377 1393 518 1426 ratum
549 1385 592 1426 in
623 1387 770 1425 omnes
803 1396 942 1440 partes
974 1386 1136 1427 dimissi
1168 1396 1301 1437 erant,
1320 1385 1370 1427 T.
1394 1386 1583 1426 Manlius
1617 1384 1802 1426 consulis

379 1441 491 1482 filius
515 1456 639 1497 super
661 1450 798 1482 castra
830 1442 1015 1483 hostium
1051 1458 1147 1484 cum
1181 1443 1266 1484 suis
1300 1443 1548 1483 turmalibus
1575 1441 1722 1492 evasit,
1745 1441 1806 1481 ita

380 1508 430 1539 ut
450 1499 523 1539 vix
547 1497 618 1538 teli
645 1498 765 1552 jactu
788 1499 842 1539 ab
865 1500 1046 1540 statione
1068 1501 1265 1555 proxima
1284 1500 1462 1539 abesset.
1494 1499 1552 1540 ibi
1575 1497 1804 1543 Tusculani

380 1564 499 1595 erant
535 1555 712 1609 equites.
757 1565 934 1610 praeerat
968 1554 1205 1598 Geminus¹
1239 1556 1415 1606 Metius,
1437 1556 1501 1596 vir
1533 1565 1623 1596 tum
1653 1568 1808 1610 genere

381 1612 490 1653 inter
513 1626 625 1662 suos,
647 1621 738 1652 tum
769 1612 908 1663 factis,
929 1613 1078 1653 clarus.
1141 1613 1181 1654 Is
1206 1614 1278 1653 ubi
1304 1612 1521 1653 Romanos
1542 1611 1720 1666 equiteS‚
1742 1612 1806 1652 in-

382 1669 632 1724 signemque
656 1669 763 1709 inter
783 1683 855 1709 eos
878 1670 1185 1724 praecedentem
1208 1669 1391 1711 consulis
1411 1669 1560 1719 filium,
1577 1673 1694 1721 (nain
1714 1681 1808 1708 om·

382 1739 457 1765 nes
497 1726 607 1766 inter
643 1739 700 1775 se,
737 1725 882 1781 utique
920 1726 1112 1767 inlustres
1155 1727 1248 1777 viri,
1286 1727 1375 1766 noti
1410 1728 1549 1775 erant)
1586 1724 1807 1780 cognovit,

391 1780 546 1832 Unane,
568 1782 642 1832 ait,
663 1789 796 1822 turma
830 1781 1010 1823 Romam·
1041 1797 1128 1824 cnm
1158 1782 1320 1823 Latinis
1345 1782 1536 1837 sociisque
1558 1780 1702 1829 bellum
1718 1795 1808 1837 ges-

386 1838 473 1879 turi
492 1837 616 1879 estis?
645 1838 746 1893 quid
763 1839 913 1879 interea
946 1839 1133 1890 consules,
1155 1840 1256 1895 quid
1271 1839 1348 1880 duo
1368 1839 1558 1880 exercitus
1583 1836 1807 1878 consulares

387 1893 543 1950 agent?
573 1894 761 1936 Aderant
788 1896 829 1935 in
853 1902 1036 1951 tempore,
1059 1895 1248 1937 Manlius
1277 1896 1428 1950 inquit,
1449 1903 1486 1937 et
1505 1894 1696 1936 cumillis
1715 1894 1809 1935 ade·

387 1953 446 1992 rit
476 1951 640 2007 Jupiter
670 1952 764 2006 ipse,
773 1951 979 2008 foederum
1009 1967 1033 1993 a
1063 1953 1174 1994 vobis
1202 1952 1442 1993 violatorum
1470 1952 1591 2001 testis,
1621 1951 1692 2006 qui
1714 1950 1810 2006 plus

378 2015 528 2064 potest,
547 2007 762 2064 polletque.
795 2007 842 2049 Si
863 2009 918 2049 ad
939 2008 1145 2064 Regillum
1167 2008 1297 2050 lacum
1323 2008 1378 2049 ad
1397 2009 1618 2050 satietatem
1640 2014 1811 2054 vestram

379 2066 672 2121 pugtzavimu3‚
709 2065 771 2106 hic
812 2080 965 2122 quoque
1003 2066 1207 2120 efficiemus
1239 2065 1435 2122 profecto,
1471 2080 1518 2107 ne
1556 2065 1675 2105 nimis
1710 2064 1812 2106 acies

387 2123 499 2163 vobis
527 2128 563 2162 et
584 2121 743 2162 conlata
763 2122 879 2178 signa
911 2122 1112 2163 nobiscum
1135 2122 1247 2163 cordi
1275 2125 1368 2163 sint.
1427 2122 1494 2163 Ad
1517 2136 1566 2162 ea
1588 2121 1812 2173 Geminus,

388 2178 622 2234 paullulum
656 2179 709 2219 ab
741 2180 827 2219 suis
858 2184 1002 2234 equo¹¹¹
1034 2189 1274 2234 provectus,
1301 2178 1417 2219 Visne
1446 2179 1588 2235 igitur,
1609 2178 1704 2218 dum
1732 2177 1814 2219 dies

388 2236 467 2276 ista
485 2234 604 2285 venit,
625 2244 705 2290 qua
726 2250 871 2291 magno
894 2243 1037 2276 conata
1059 2237 1249 2276 exercitus
1273 2237 1475 2286 moveatis,
1496 2236 1645 2276 interea
1667 2242 1711 2275 lu
1731 2234 1812 2289 ipse

390 2291 577 2347 congredi
606 2306 769 2342 mecum,
790 2299 837 2331 nt
867 2300 1000 2332 nostro
1029 2292 1196 2333 duorum
1213 2294 1310 2348 jam
1340 2292 1431 2334 hinc
1451 2299 1592 2333 eventu
1612 2297 1813 2342 cernatur,

391 2354 590 2403 quantum
624 2362 734 2402 eques
778 2348 951 2389 Latinus
990 2347 1172 2389 Romano
1203 2348 1391 2403 prcestet‘!
1441 2348 1594 2390 Movet
1626 2348 1811 2389 ferocem

393 2405 769 2460 animumjuvenis
801 2419 871 2445 seu
903 2406 978 2455 ira,
1000 2419 1070 2446 seu
1101 2406 1362 2447 detrectandi
1393 2405 1636 2446 certaminis
1664 2404 1814 2460 pudor,

671 2493 678 2513 ¹
703 2497 868 2526 Geminius.
883 2497 925 2526 sic
941 2506 1060 2536 semper
1071 2498 1165 2526 Gron.
1179 2498 1269 2527 Crev.
1354 2502 1377 2518 ¹²²
1399 2507 1433 2527 eo
1447 2498 1544 2526 Gron.

439 2569 790 2611 ⁶2³*AvcrruncmadoeJ
837 2570 971 2601 veteres
1015 2582 1084 2601 ver·
1127 2581 1169 2600 ne
1185 2572 1234 2601 vel
1253 2576 1289 2602 ut
1305 2577 1410 2608 vacet,
1426 2571 1476 2602 vel
1497 2572 1554 2602 uti.
1600 2570 1670 2601 Nec
1693 2571 1813 2610 impro-

395 2622 536 2643 runcare
550 2613 702 2644 <licebant
725 2623 784 2653 pro
807 2619 929 2644 vertere
944 2622 976 2644 vt
994 2625 1085 2643 ηυντ·
1127 2614 1242 2644 babilis
1269 2616 1458 2651 conjectura
1484 2621 1544 2644 est.
1598 2613 1725 2644 'samen
1748 2623 1812 2644 non

395 2665 536 2686 runcare
554 2666 611 2695 pro
626 2661 782 2687 avertere.
820 2658 926 2696 Atque
944 2657 998 2687 illu
1016 2668 1085 2687 ver·
1129 2667 1202 2688 rara
1236 2664 1416 2688 occurrunt
1452 2657 1603 2696 exempla
1635 2659 1814 2696 geminatae

398 2699 438 2728 ba
453 2700 583 2738 propria
602 2707 795 2730 manserunt
812 2701 843 2729 in
862 2702 972 2730 sacris.
1129 2701 1299 2740 partit-ulte
1317 2705 1364 2738 nt,
1381 2700 1436 2731 ubi
1459 2700 1561 2730 serncl
1579 2710 1732 2739 expressa
1747 2699 1818 2730 suf-

441 2744 482 2773 24
504 2743 678 2781 Aginnum
702 2745 798 2773 etiam
828 2746 859 2772 in
882 2746 1007 2774 consitio
1029 2748 1086 2779 est,
1133 2745 1257 2773 ficeret.
1291 2744 1364 2774 vid.
1382 2750 1449 2773 not.
1466 2743 1506 2773 ad
1523 2743 1629 2773 xxti.
1651 2746 1697 2773 ll.

398 2788 436 2814 ut
450 2805 477 2814 ..
492 2806 500 2813 .
512 2806 520 2814 .
533 2789 611 2814 tunc
640 2788 688 2815 nti
719 2786 898 2826 disciplina]
934 2788 1088 2825 Sigonius
1175 2787 1243 2817 95*
1257 2787 1366 2816 Iisdem
1381 2786 1550 2826 pra’sidiis]
1578 2786 1697 2817 Iisdem
1715 2787 1748 2816 in
1766 2796 1819 2816 ex-

402 2827 558 2858 admonet
581 2828 758 2866 legendnm
782 2839 850 2858 csse
867 2834 945 2859 tuuc·
969 2831 1087 2870 ulique,
1133 2830 1300 2861 ert-itibus.
1348 2830 1422 2861 Vid.
1446 2830 1530 2860 infra
1555 2835 1623 2862 not.
1653 2833 1678 2860 1.
1703 2829 1742 2859 ad
1760 2829 1818 2860 lx.

401 2871 488 2910 quod
504 2877 566 2909 est,
579 2876 659 2901 tuuc
675 2873 822 2911 omnino,
834 2878 913 2902 tune
927 2875 1087 2903 maxime:
1134 2873 1186 2903 524.
