1925 3239
639 119 760 158 LIB.
786 117 837 157 X.
873 118 999 157 CAP.
1027 118 1173 157 XXVI.
1507 125 1583 162 583

145 217 372 275 sociumque
387 217 550 273 imperii
570 216 728 268 darent,
749 230 923 272 quonam
951 216 1067 257 modo
1097 231 1138 257 se
1167 216 1348 260 oblivisci
1369 217 1426 259 P.
1449 217 1576 262 Decii
1591 230 1630 262 U.
1649 230 1687 262 C.
1703 234 1778 266 457.

142 274 316 316 consulis
328 290 402 331 per
421 281 480 316 tot
500 273 671 329 collegia
693 274 845 328 experti
860 271 1003 328 posse.2
1026 271 1234 314 Neminem
1255 276 1431 316 oninium
1449 291 1575 319 secum
1590 275 1627 306 A.
1644 274 1681 305 c·
1698 277 1773 311 995·

142 333 330 388 cctjutegz
353 332 494 373 malle.-
523 338 560 372 et
582 331 790 386 copiarum
810 330 907 371 satis
935 329 1014 370 sibi
1043 345 1130 371 cum
1152 330 1208 371 P.
1229 329 1372 382 Decio,
1393 340 1430 373 et
1459 348 1574 375 nnm-

144 402 266 442 qimm
286 388 454 430 namium
474 387 643 430 hostium
659 387 773 443 joi-,e
834 385 910 427 Sin
930 385 1081 443 collega
1104 387 1205 442 quid
1234 386 1350 428 aliud
1378 389 1509 441 malit,
1529 397 1575 433 at

138 444 217 485 sibi
242 444 292 486 L.
318 443 575 486 Volumnium
595 444 737 486 darent
757 443 994 499 αιῇιιίοιᾛεηι
1031 443 1261 485 Omnium
1290 458 1428 487 rerum
1460 448 1573 489 arbi-

140 501 266 542 trium
297 512 340 542 et
369 517 393 543 a
423 502 597 556 populo,
627 510 670 542 et
699 516 724 541 a
754 510 916 550 senatu,
947 510 989 541 et
1020 501 1073 541 ab
1104 501 1197 555 ipso
1227 500 1407 557 collega,
1438 502 1573 546 Fabio

140 558 389 611 permissum
424 568 500 599 est.
533 569 575 599 et
607 572 739 613 quum
774 557 822 599 P
851 556 1008 598 Decius
1040 571 1084 598 se
1113 558 1156 598 in
1192 535 1417 600 Samnium
1441 560 1573 604 velia

142 611 351 655 Etruriam
384 614 595 669 proficisci
629 624 819 670 paratum
851 627 941 654 esse
970 614 1238 665 ostendisset,
1270 624 1389 655 tanta
1418 614 1573 658 laetitia

138 684 188 710 ac
211 671 438 725 gratulatio
461 672 556 721 fuit,
578 674 608 698 ⁹³
625 682 670 711 ut
702 671 1002 725 praeciperetur
1025 672 1202 712 victoria
1231 671 1399 722 animis,
1421 673 1571 715 trium-

139 726 348 782 pinusque,
369 742 453 768 non
477 703 649 778 bellum,
670 728 885 769 decretum
908 727 1154 768 consulibus
1176 728 1403 769 videthtur
1445 728 1573 772 Inve-

138 783 210 823 nio
239 786 350 839 apud
383 785 604 840 quosdam,
625 784 857 839 extemplo,
877 783 1098 825 consulatu
1134 785 1257 836 inito,
1278 785 1493 848 profectos
1527 787 1571 829 in

138 837 351 882 Etruriam
394 841 575 882 Fabium
622 841 904 905 Deciumque,
935 842 1025 881 sine
1064 841 1145 881 ulla
1187 842 1403 882 mentione
1444 844 1570 885 sortis

137 899 449 950 provinciarum
484 899 849 952 certaminumque
881 898 990 939 inter
1022 897 1223 953 collegas,
1244 913 1340 953 quae
1372 901 1567 954 exposui.

137 954 261 1018 Sunt,
282 955 436 1010 quibus
457 969 510 995 ne
531 955 623 996 baec
645 955 815 1010 quidem
838 954 1072 995 certamina
1096 968 1310 1009 exponere
1344 955 1444 995 satis
1478 956 1571 998 fue-

134 1011 206 1052 rit.
229 1012 474 1069 adjecerunt
493 1023 536 1052 et
557 1011 687 1067 Appii
719 1012 1035 1052 criminationes
1056 1011 1108 1052 de
1141 1011 1276 1052 Fabio
1309 1012 1484 1053 absente
1515 1015 1568 1057 ad

135 1068 356 1122 populum,
396 1078 439 1109 et
492 1069 770 1131 pertinaciam
818 1068 1016 1110 adversus
1060 1077 1310 1123 praesentem
1351 1069 1571 1113 consulem

135 1125 344 1179 praetoris,
374 1125 779 1180 contentionemque
817 1124 942 1166 aliam
985 1125 1096 1166 inter
1136 1124 1335 1180 collegas,
1367 1126 1569 1169 tendente

135 1179 290 1244 Decio,
313 1193 360 1222 ut
382 1196 468 1223 suae
489 1183 668 1237 quisque
693 1181 922 1237 provinciae
945 1190 1099 1222 sontem
1124 1191 1327 1223 tueretur.
1359 1181 1569 1225 Constare

133 1250 198 1278 res
221 1238 372 1294 incipit
396 1252 450 1279 ex
483 1253 534 1278 eo
567 1247 770 1293 tempore,
792 1252 877 1293 quo
911 1237 1091 1293 profecti
1125 1240 1252 1279 ambo
1286 1238 1481 1279 consules
1513 1242 1565 1282 ad

132 1293 290 1335 bellum
311 1305 424 1336 sunt.
469 1294 684 1345 Ceterum,
706 1305 930 1350 antequam
955 1295 1179 1335 consules
1171 1309 1213 1336 tn
1238 1294 1450 1337 Etruriam
1474 1311 1566 1352 per-

132 1352 340 1402 venirent,
363 1352 550 1393 Senones
574 1351 687 1392 Galli
710 1351 980 1393 multitudine
1002 1351 1163 1407 ingenti
1192 1351 1243 1393 ad
1277 1352 1471 1393 Clusium
1495 1368 1566 1395 ve-

134 1418 302 1458 nerunt,
322 1408 533 1465 legionem
558 1409 796 1450 Romanam
815 1418 1036 1462 castraque
1058 1409 1768 1471 obpuouiituiiSelpio,(;„11,1eg;0⁴

131 1465 205 1518 qui
236 1466 385 1506 castris
415 1476 608 1529 praeerat‚
638 1466 734 1506 loco
764 1466 1047 1529 adjuvandam
1091 1466 1347 1520 paucitatem
1390 1480 1560 1508 suorum
1576 1474 1771 1503 nemRoma-

133 1521 319 1563 militum
351 1532 481 1572 ratus,
502 1523 590 1563 ⁹⁹in
622 1522 768 1572 colley,
789 1522 862 1577 qui
897 1523 1006 1562 inter
1037 1523 1185 1563 urbem
1218 1532 1262 1562 et
1293 1532 1429 1563 castra
1460 1535 1561 1575 erat,
1576 1525 1647 1544 nam
1663 1526 1722 1545 ⁰¹¹

133 1578 270 1620 aciem
291 1579 445 1620 erexit.
503 1578 601 1629 S‹d,
625 1590 669 1621 ut
692 1580 733 1619 in
756 1593 800 1620 re
820 1579 974 1628 subita,
997 1593 1145 1632 paium
1165 1578 1389 1633 explorato
1411 1568 1732 1633 itinereztxpvem-

134 1634 220 1675 ad
202 1649 358 1691 jugum
382 1637 582 1690 perrexit,
603 1636 716 1691 quod
740 1635 882 1676 hostes
904 1644 1118 1689 ceperant,
1140 1645 1260 1690 parte
1282 1636 1361 1676 alia
1390 1638 1563 1692 egressi.

132 1690 194 1733 ita
214 1706 327 1733 caesa
346 1694 400 1733 ab
423 1702 543 1756 tergo
565 1692 694 1748 legio,
716 1704 842 1747 atque
866 1693 906 1732 in
931 1692 1085 1742 medio,
1108 1707 1238 1747 quum
1273 1691 1406 1732 hostis
1416 1670 1564 1735 bundi-

129 1762 212 1802 que
240 1758 454 1813 urgueret,
473 1750 779 1791 circumventa.
842 1748 1036 1790 Deletam
1059 1763 1230 1803 quoque
1252 1749 1311 1789 ibi
1332 1749 1562 1804 legionem,

127 1804 190 1845 ita
216 1814 264 1846 ut
294 1806 475 1846 nuncius
508 1820 593 1847 non
627 1815 876 1862 superesset,
898 1805 1072 1860 quidam
1105 1816 1296 1846 auctores
1330 1816 1453 1858 sunt3
1485 1822 1563 1849 nec

128 1869 226 1902 ante
247 1862 298 1903 ad
321 1862 529 1913 consules,
550 1863 623 1918 qui
640 1877 732 1917 jam
756 1863 867 1903 haud
892 1861 1037 1917 procul
1060 1877 1083 1902 a
1106 1861 1253 1903 Clusio
1285 1862 1474 1913 aberant,
1498 1863 1562 1904 fa—

125 1931 242 1959 mam
262 1919 354 1983 ejus
376 1919 507 1960 cladis
529 1919 749 1975 perlatam,
771 1933 897 1974 quam
922 1933 964 1959 in
996 1928 1228 1974 conspectu
1263 1918 1378 1959 fuere
1413 1919 1560 1961 Gallo-

127 1988 219 2015 rum
240 1975 420 2030 equiteS‚
443 1977 686 2032 pectoribus
707 1990 912 2031 equorum
935 1990 1183 2030 suspensae,
1159 1984 1371 2016 <restantes
1401 1977 1559 2032 capita,

126 2041 169 2071 et
188 2031 345 2073 lanceis
369 2033 517 2082 infixa,
538 2043 798 2088 ovantesque
819 2032 946 2073 moris
978 2047 1040 2072 sui
1075 2033 1277 2073 carmine.
1338 2032 1461 2083 Sunt,
1484 2036 1558 2088 qui

124 2087 312 2129 Umbros
333 2088 486 2153 fuisse,
498 2104 581 2130 non
598 2090 776 2153 Gallos,
798 2089 990 2142 tradant3
1022 2103 1099 2128 nec
1130 2098 1295 2129 tantum
1327 2088 1458 2129 cladis
1488 2105 1558 2132 ac·

122 2156 320 2200 ceptum·
368 2157 410 2186 et
451 2146 753 2187 circumventis
795 2145 1114 2200 pabulatoribus
1156 2159 1252 2185 cum
1296 2144 1345 2185 L.
1388 2144 1557 2188 Manlio

122 2199 338 2264 Torquato
359 2202 500 2257 legato
529 2202 772 2257 Scipionem
807 2212 1108 2258 propraetorem
1144 2201 1379 2242 subsidium
1408 2216 1431 2242 e
1465 2217 1557 2243 cas-

126 2257 199 2298 tris
221 2258 381 2308 tulisse,
403 2259 668 2314 victoresque
689 2259 892 2309 Umbros,
914 2259 1201 2313 redintegrato
1224 2258 1395 2313 pioelio,
1419 2259 1554 2302 victos

123 2327 229 2364 esse,
251 2329 301 2355 ca
335 2317 529 2370 tivosque
557 2316 616 2356 eis
648 2331 699 2357 ac
733 2317 917 2377 praedam
952 2316 1180 2364 ademtam.
1240 2314 1428 2355 Similius
1452 2329 1555 2374 velo

123 2381 202 2420 est,
235 2385 260 2411 a
292 2329 418 2412 gallo
451 2373 586 2423 hoste,
616 2387 744 2427 quam
778 2372 958 2421 Umbro,
985 2386 1076 2412 eam
1111 2371 1271 2412 cladem
1307 2381 1553 2426 acceptam3

123 2427 252 2482 quod,
275 2441 403 2482 quum
429 2442 542 2492 saepe
563 2428 679 2478 alias,
703 2441 792 2471 tum
814 2442 864 2468 eo
887 2443 1013 2476 anno,
1038 2427 1193 2468 Gallici
1217 2428 1420 2468 tumultus
1443 2442 1552 2483 prae·

121 2498 272 2539 cipuus
314 2495 446 2526 terror
475 2486 692 2527 civitatem
731 2486 881 2527 tenuit.
942 2484 1092 2540 Itaque
1125 2495 1404 2540 praeterquam
1437 2485 1552 2540 quod

707 2597 721 2618 1
743 2593 848 2621 collem
864 2593 953 2622 Crev.

152 2675 272 2709 95¹¹*Ue
283 2678 514 2718 proect'peretur
527 2679 628 2708 zzctm
629 2688 662 2708 ια
675 2677 808 2717 animm]
853 2677 900 2707 tio
928 2676 981 2706 vel
1009 2676 1128 2706 soloeca
1152 2678 1214 2712 est,
1241 2675 1301 2705 vel
1317 2680 1406 2706 certe
1431 2686 1548 2716 parum

120 2717 168 2748 Ut
182 2719 230 2748 vi·
226 2720 351 2750 toi-iam
365 2722 483 2751 animis
495 2727 529 2751 et
544 2731 600 2762 spe
614 2730 728 2751 omnes
739 2723 810 2760 jam
854 2720 934 2750 clari
949 2729 1075 2750 set.1sus
1121 2719 1240 2757 Igitur,
1257 2720 1447 2750 auctoribus
1469 2720 1549 2752 duo·

118 2765 200 2791 tunc
215 2762 275 2792 sibi
292 2763 547 2803 desponderent.
855 2763 914 2793 bus
928 2763 1072 2802 scriptis,
1088 2762 1192 2792 altero
1208 2762 1359 2800 Hem-nii,
1373 2768 1485 2793 nostro
1503 2761 1547 2792 al-

160 2808 202 2838 99
226 2805 267 2835 In
279 2808 388 2836 callem
406 2828 414 2837 .
425 2828 434 2836 .
448 2830 456 2838 .
470 2810 571 2838 aciem
587 2805 704 2845 erexit]
722 2807 812 2847 Quo·
853 2811 939 2843 tero,
956 2806 1104 2836 dedimus
1121 2807 1155 2835 iu
1170 2807 1290 2835 collem.

113 2847 211 2878 nodo
224 2848 384 2880 hactenus
397 2849 581 2890 legebatur,
593 2853 624 2881 in
641 2853 727 2888 colle,
741 2860 811 2881 ora-

861 2898 983 2947 ιρὰ
