<?xml version="1.0" encoding="UTF-8"?>
<!DOCTYPE html PUBLIC "-//W3C//DTD XHTML 1.0 Transitional//EN"
    "http://www.w3.org/TR/xhtml1/DTD/xhtml1-transitional.dtd">
<html xmlns="http://www.w3.org/1999/xhtml" xml:lang="en" lang="en">
 <head>
  <title>
</title>
<meta http-equiv="Content-Type" content="text/html;charset=utf-8" />
  <meta name='ocr-system' content='tesseract 3.04.00' />
  <meta name='ocr-capabilities' content='ocr_page ocr_carea ocr_par ocr_line ocrx_word'/>
</head>
<body>
  <div class='ocr_page' id='page_1' title='image "./historiarumaburb01livyuoft_0072.png"; bbox 0 0 1991 3250; ppageno 0'>
   <div class='ocr_carea' id='block_1_1' title="bbox 369 128 421 161">
    <p class='ocr_par' dir='ltr' id='par_1_1' title="bbox 369 128 421 161">
     <span class='ocr_line' id='line_1_1' title="bbox 369 128 421 161; baseline -0.019 0"><span class='ocrx_word' id='word_1_1' title='bbox 369 128 421 161; x_wconf 82' lang='lat'>60</span> 
     </span>
    </p>
   </div>
   <div class='ocr_carea' id='block_1_2' title="bbox 917 117 1273 156">
    <p class='ocr_par' dir='ltr' id='par_1_2' title="bbox 917 117 1273 156">
     <span class='ocr_line' id='line_1_2' title="bbox 917 117 1273 156; baseline 0 0"><span class='ocrx_word' id='word_1_2' title='bbox 917 117 1060 156; x_wconf 90' lang='grc' dir='ltr'><strong>ΤΙΤΙ</strong></span> <span class='ocrx_word' id='word_1_3' title='bbox 1097 117 1273 156; x_wconf 89' lang='lat' dir='ltr'><strong>LIVII</strong></span> 
     </span>
    </p>
   </div>
   <div class='ocr_carea' id='block_1_3' title="bbox 371 219 1798 337">
    <p class='ocr_par' dir='ltr' id='par_1_3' title="bbox 371 219 1798 337">
     <span class='ocr_line' id='line_1_3' title="bbox 371 219 1797 285; baseline 0 -23"><span class='ocrx_word' id='word_1_4' title='bbox 371 223 446 279; x_wconf 89' lang='lat' dir='ltr'>qui</span> <span class='ocrx_word' id='word_1_5' title='bbox 468 235 581 263; x_wconf 88' lang='lat' dir='ltr'>nunc</span> <span class='ocrx_word' id='word_1_6' title='bbox 604 228 681 273; x_wconf 83' lang='lat' dir='ltr'>est,</span> <span class='ocrx_word' id='word_1_7' title='bbox 703 228 800 278; x_wconf 83' lang='lat' dir='ltr'>post</span> <span class='ocrx_word' id='word_1_8' title='bbox 817 219 1010 277; x_wconf 83' lang='lat' dir='ltr'>expletas</span> <span class='ocrx_word' id='word_1_9' title='bbox 1033 220 1222 285; x_wconf 72' lang='lat' dir='ltr'>quinque</span> <span class='ocrx_word' id='word_1_10' title='bbox 1243 227 1286 260; x_wconf 88' lang='lat' dir='ltr'>et</span> <span class='ocrx_word' id='word_1_11' title='bbox 1307 219 1487 275; x_wconf 84' lang='lat' dir='ltr'>triginta</span> <span class='ocrx_word' id='word_1_12' title='bbox 1507 221 1656 273; x_wconf 87' lang='lat' dir='ltr'>tribus,</span> <span class='ocrx_word' id='word_1_13' title='bbox 1676 221 1797 262; x_wconf 70' lang='lat' dir='ltr'>³²du-</span> 
     </span>
     <span class='ocr_line' id='line_1_4' title="bbox 372 277 1798 337; baseline 0 -16"><span class='ocrx_word' id='word_1_14' title='bbox 372 280 532 337; x_wconf 86' lang='lat' dir='ltr'>plicato</span> <span class='ocrx_word' id='word_1_15' title='bbox 555 293 700 321; x_wconf 84' lang='lat' dir='ltr'>earum</span> <span class='ocrx_word' id='word_1_16' title='bbox 721 293 914 330; x_wconf 86' lang='lat' dir='ltr'>numero,</span> <span class='ocrx_word' id='word_1_17' title='bbox 936 277 1139 319; x_wconf 89' lang='lat' dir='ltr'>centuriis</span> <span class='ocrx_word' id='word_1_18' title='bbox 1157 277 1382 334; x_wconf 87' lang='lat' dir='ltr'>juniorum</span> <span class='ocrx_word' id='word_1_19' title='bbox 1411 277 1722 335; x_wconf 82' lang='lat' dir='ltr'>seniorumque,</span> <span class='ocrx_word' id='word_1_20' title='bbox 1744 278 1798 321; x_wconf 82' lang='lat' dir='ltr'>ad</span> 
     </span>
    </p>
   </div>
   <div class='ocr_carea' id='block_1_4' title="bbox 368 381 1071 2851">
    <p class='ocr_par' dir='ltr' id='par_1_4' title="bbox 368 381 1068 1584">
     <span class='ocr_line' id='line_1_5' title="bbox 371 381 1064 420; baseline -0.003 -8"><span class='ocrx_word' id='word_1_21' title='bbox 371 382 540 412; x_wconf 81' lang='lat' dir='ltr'>centurias</span> <span class='ocrx_word' id='word_1_22' title='bbox 563 381 732 412; x_wconf 91' lang='lat' dir='ltr'>seniorum</span> <span class='ocrx_word' id='word_1_23' title='bbox 750 381 989 420; x_wconf 85' lang='lat' dir='ltr'>juniorumque</span> <span class='ocrx_word' id='word_1_24' title='bbox 1013 388 1064 410; x_wconf 91' lang='lat' dir='ltr'>se-</span> 
     </span>
     <span class='ocr_line' id='line_1_6' title="bbox 371 424 1065 456; baseline -0.003 -1"><span class='ocrx_word' id='word_1_25' title='bbox 371 425 521 456; x_wconf 87' lang='lat' dir='ltr'>cundum</span> <span class='ocrx_word' id='word_1_26' title='bbox 551 425 744 455; x_wconf 86' lang='lat' dir='ltr'>institutam</span> <span class='ocrx_word' id='word_1_27' title='bbox 770 424 810 453; x_wconf 90' lang='lat' dir='ltr'>ab</span> <span class='ocrx_word' id='word_1_28' title='bbox 835 424 948 453; x_wconf 85' lang='lat' dir='ltr'>Servio</span> <span class='ocrx_word' id='word_1_29' title='bbox 974 433 1065 454; x_wconf 88' lang='lat' dir='ltr'>sum-</span> 
     </span>
     <span class='ocr_line' id='line_1_7' title="bbox 370 466 1065 508; baseline -0.003 -10"><span class='ocrx_word' id='word_1_30' title='bbox 370 478 476 505; x_wconf 86' lang='lat' dir='ltr'>mam,</span> <span class='ocrx_word' id='word_1_31' title='bbox 492 473 681 508; x_wconf 84' lang='lat' dir='ltr'>postquam,</span> <span class='ocrx_word' id='word_1_32' title='bbox 697 466 836 507; x_wconf 82' lang='lat' dir='ltr'>expletis</span> <span class='ocrx_word' id='word_1_33' title='bbox 860 467 1006 505; x_wconf 89' lang='lat' dir='ltr'>quinque</span> <span class='ocrx_word' id='word_1_34' title='bbox 1030 471 1065 496; x_wconf 88' lang='lat' dir='ltr'>et</span> 
     </span>
     <span class='ocr_line' id='line_1_8' title="bbox 369 509 1063 552; baseline -0.003 -10"><span class='ocrx_word' id='word_1_35' title='bbox 369 512 512 552; x_wconf 78' lang='lat' dir='ltr'>triginta</span> <span class='ocrx_word' id='word_1_36' title='bbox 540 511 705 547; x_wconf 84' lang='lat' dir='ltr'>tribubus,</span> <span class='ocrx_word' id='word_1_37' title='bbox 735 519 835 550; x_wconf 83' lang='lat' dir='ltr'>prope</span> <span class='ocrx_word' id='word_1_38' title='bbox 873 509 1063 549; x_wconf 82' lang='lat' dir='ltr'>duplicatus</span> 
     </span>
     <span class='ocr_line' id='line_1_9' title="bbox 370 554 1063 593; baseline -0.004 -8"><span class='ocrx_word' id='word_1_39' title='bbox 370 561 422 585; x_wconf 78' lang='lat' dir='ltr'>est</span> <span class='ocrx_word' id='word_1_40' title='bbox 437 565 566 591; x_wconf 80' lang='lat' dir='ltr'>earum,</span> <span class='ocrx_word' id='word_1_41' title='bbox 584 563 704 593; x_wconf 85' lang='lat' dir='ltr'>nempe</span> <span class='ocrx_word' id='word_1_42' title='bbox 715 554 880 590; x_wconf 83' lang='lat' dir='ltr'>tribuum,</span> <span class='ocrx_word' id='word_1_43' title='bbox 893 562 1063 583; x_wconf 86' lang='lat' dir='ltr'>numerus.</span> 
     </span>
     <span class='ocr_line' id='line_1_10' title="bbox 370 596 1063 635; baseline -0.003 -7"><span class='ocrx_word' id='word_1_44' title='bbox 370 599 503 629; x_wconf 80' lang='lat' dir='ltr'>Servius</span> <span class='ocrx_word' id='word_1_45' title='bbox 527 598 632 634; x_wconf 92' lang='lat' dir='ltr'>enirn,</span> <span class='ocrx_word' id='word_1_46' title='bbox 650 596 885 635; x_wconf 83' lang='lat' dir='ltr'>quadrifariam</span> <span class='ocrx_word' id='word_1_47' title='bbox 910 596 990 626; x_wconf 86' lang='lat' dir='ltr'>urbe</span> <span class='ocrx_word' id='word_1_48' title='bbox 1014 596 1063 626; x_wconf 92' lang='lat' dir='ltr'>di-</span> 
     </span>
     <span class='ocr_line' id='line_1_11' title="bbox 369 639 1063 680; baseline 0 -11"><span class='ocrx_word' id='word_1_49' title='bbox 369 643 441 671; x_wconf 62' lang='lat' dir='ltr'>visa</span> <span class='ocrx_word' id='word_1_50' title='bbox 478 640 668 680; x_wconf 82' lang='lat' dir='ltr'>regionibus</span> <span class='ocrx_word' id='word_1_51' title='bbox 707 639 924 678; x_wconf 89' lang='lat' dir='ltr'>collibusque,</span> <span class='ocrx_word' id='word_1_52' title='bbox 956 639 1063 670; x_wconf 88' lang='lat' dir='ltr'>tribus</span> 
     </span>
     <span class='ocr_line' id='line_1_12' title="bbox 370 682 1064 725; baseline -0.003 -11"><span class='ocrx_word' id='word_1_53' title='bbox 370 683 551 725; x_wconf 78' lang='lat' dir='ltr'>appellavit</span> <span class='ocrx_word' id='word_1_54' title='bbox 565 693 618 713; x_wconf 84' lang='lat' dir='ltr'>eas</span> <span class='ocrx_word' id='word_1_55' title='bbox 634 687 759 723; x_wconf 85' lang='lat' dir='ltr'>partes,</span> <span class='ocrx_word' id='word_1_56' title='bbox 775 691 848 721; x_wconf 86' lang='lat' dir='ltr'>quae</span> <span class='ocrx_word' id='word_1_57' title='bbox 869 682 1064 712; x_wconf 85' lang='lat' dir='ltr'>habitaban-</span> 
     </span>
     <span class='ocr_line' id='line_1_13' title="bbox 368 725 1065 765; baseline -0.003 -8"><span class='ocrx_word' id='word_1_58' title='bbox 368 734 445 758; x_wconf 76' lang='lat' dir='ltr'>tur:</span> <span class='ocrx_word' id='word_1_59' title='bbox 470 729 517 757; x_wconf 88' lang='lat' dir='ltr'>ita</span> <span class='ocrx_word' id='word_1_60' title='bbox 531 731 570 757; x_wconf 86' lang='lat' dir='ltr'>ut</span> <span class='ocrx_word' id='word_1_61' title='bbox 585 726 637 757; x_wconf 80' lang='lat' dir='ltr'>hae</span> <span class='ocrx_word' id='word_1_62' title='bbox 652 726 818 757; x_wconf 78' lang='lat' dir='ltr'>Servianae</span> <span class='ocrx_word' id='word_1_63' title='bbox 833 725 942 756; x_wconf 84' lang='lat' dir='ltr'>tribus</span> <span class='ocrx_word' id='word_1_64' title='bbox 959 726 1065 765; x_wconf 85' lang='lat' dir='ltr'>regio-</span> 
     </span>
     <span class='ocr_line' id='line_1_14' title="bbox 370 769 1064 809; baseline -0.004 -8"><span class='ocrx_word' id='word_1_65' title='bbox 370 771 470 801; x_wconf 84' lang='lat' dir='ltr'>nibus</span> <span class='ocrx_word' id='word_1_66' title='bbox 500 777 535 800; x_wconf 76' lang='lat' dir='ltr'>et</span> <span class='ocrx_word' id='word_1_67' title='bbox 564 769 644 800; x_wconf 87' lang='lat' dir='ltr'>locis</span> <span class='ocrx_word' id='word_1_68' title='bbox 683 769 858 809; x_wconf 84' lang='lat' dir='ltr'>descriptae</span> <span class='ocrx_word' id='word_1_69' title='bbox 887 769 970 806; x_wconf 89' lang='lat' dir='ltr'>sint,</span> <span class='ocrx_word' id='word_1_70' title='bbox 998 779 1064 799; x_wconf 89' lang='lat' dir='ltr'>non</span> 
     </span>
     <span class='ocr_line' id='line_1_15' title="bbox 370 813 1064 853; baseline -0.001 -9"><span class='ocrx_word' id='word_1_71' title='bbox 370 815 474 844; x_wconf 86' lang='lat' dir='ltr'>etiam</span> <span class='ocrx_word' id='word_1_72' title='bbox 504 813 681 853; x_wconf 86' lang='lat' dir='ltr'>generibus</span> <span class='ocrx_word' id='word_1_73' title='bbox 712 813 901 850; x_wconf 88' lang='lat' dir='ltr'>hominum,</span> <span class='ocrx_word' id='word_1_74' title='bbox 923 822 1064 852; x_wconf 90' lang='lat' dir='ltr'>quorum</span> 
     </span>
     <span class='ocr_line' id='line_1_16' title="bbox 369 855 1066 895; baseline -0.004 -7"><span class='ocrx_word' id='word_1_75' title='bbox 369 857 487 888; x_wconf 84' lang='lat' dir='ltr'>habita</span> <span class='ocrx_word' id='word_1_76' title='bbox 509 857 594 887; x_wconf 90' lang='lat' dir='ltr'>ratio</span> <span class='ocrx_word' id='word_1_77' title='bbox 608 856 719 887; x_wconf 80' lang='lat' dir='ltr'>fuerat</span> <span class='ocrx_word' id='word_1_78' title='bbox 738 857 772 886; x_wconf 93' lang='lat' dir='ltr'>in</span> <span class='ocrx_word' id='word_1_79' title='bbox 790 856 936 895; x_wconf 84' lang='lat' dir='ltr'>antiquis</span> <span class='ocrx_word' id='word_1_80' title='bbox 959 855 1066 886; x_wconf 89' lang='lat' dir='ltr'>tribu-</span> 
     </span>
     <span class='ocr_line' id='line_1_17' title="bbox 368 899 1065 937; baseline -0.006 -5"><span class='ocrx_word' id='word_1_81' title='bbox 368 901 431 932; x_wconf 90' lang='lat' dir='ltr'>bus</span> <span class='ocrx_word' id='word_1_82' title='bbox 455 900 711 937; x_wconf 86' lang='lat' dir='ltr'>Ramnensium,</span> <span class='ocrx_word' id='word_1_83' title='bbox 728 900 943 936; x_wconf 82' lang='lat' dir='ltr'>Titiensium,</span> <span class='ocrx_word' id='word_1_84' title='bbox 960 899 1065 929; x_wconf 90' lang='lat' dir='ltr'>Luce-</span> 
     </span>
     <span class='ocr_line' id='line_1_18' title="bbox 370 942 1061 985; baseline -0.003 -11"><span class='ocrx_word' id='word_1_85' title='bbox 370 955 458 975; x_wconf 81' lang='lat' dir='ltr'>rum.</span> <span class='ocrx_word' id='word_1_86' title='bbox 481 944 568 985; x_wconf 83' lang='lat' dir='ltr'>(Vid.</span> <span class='ocrx_word' id='word_1_87' title='bbox 585 949 656 974; x_wconf 84' lang='lat' dir='ltr'>not.</span> <span class='ocrx_word' id='word_1_88' title='bbox 677 944 730 978; x_wconf 85' lang='lat'>96.</span> <span class='ocrx_word' id='word_1_89' title='bbox 757 944 798 974; x_wconf 88' lang='lat' dir='ltr'>ad</span> <span class='ocrx_word' id='word_1_90' title='bbox 814 953 842 973; x_wconf 91' lang='lat' dir='ltr'>c.</span> <span class='ocrx_word' id='word_1_91' title='bbox 863 946 910 974; x_wconf 85' lang='lat'>13.</span> <span class='ocrx_word' id='word_1_92' title='bbox 935 942 1061 982; x_wconf 86' lang='lat' dir='ltr'>supra.)</span> 
     </span>
     <span class='ocr_line' id='line_1_19' title="bbox 369 985 1065 1027; baseline -0.004 -9"><span class='ocrx_word' id='word_1_93' title='bbox 369 987 490 1018; x_wconf 83' lang='lat' dir='ltr'>Tribus</span> <span class='ocrx_word' id='word_1_94' title='bbox 514 988 617 1027; x_wconf 84' lang='lat' dir='ltr'>igitur</span> <span class='ocrx_word' id='word_1_95' title='bbox 632 997 651 1017; x_wconf 87' lang='lat' dir='ltr'>a</span> <span class='ocrx_word' id='word_1_96' title='bbox 666 987 778 1018; x_wconf 87' lang='lat' dir='ltr'>Servio</span> <span class='ocrx_word' id='word_1_97' title='bbox 799 986 963 1016; x_wconf 65' lang='lat' dir='ltr'>institutae</span> <span class='ocrx_word' id='word_1_98' title='bbox 982 985 1065 1016; x_wconf 90' lang='lat' dir='ltr'>nihil</span> 
     </span>
     <span class='ocr_line' id='line_1_20' title="bbox 370 1030 1065 1071; baseline -0.004 -9"><span class='ocrx_word' id='word_1_99' title='bbox 370 1031 552 1071; x_wconf 86' lang='lat' dir='ltr'>quidquam</span> <span class='ocrx_word' id='word_1_100' title='bbox 580 1030 621 1061; x_wconf 91' lang='lat' dir='ltr'>ad</span> <span class='ocrx_word' id='word_1_101' title='bbox 649 1031 878 1061; x_wconf 84' lang='lat' dir='ltr'>centuriarum</span> <span class='ocrx_word' id='word_1_102' title='bbox 909 1030 1065 1060; x_wconf 86' lang='lat' dir='ltr'>distribu-</span> 
     </span>
     <span class='ocr_line' id='line_1_21' title="bbox 369 1073 1067 1113; baseline -0.004 -8"><span class='ocrx_word' id='word_1_103' title='bbox 369 1076 499 1106; x_wconf 86' lang='lat' dir='ltr'>tionem</span> <span class='ocrx_word' id='word_1_104' title='bbox 526 1083 770 1113; x_wconf 82' lang='lat' dir='ltr'>numerumque</span> <span class='ocrx_word' id='word_1_105' title='bbox 795 1074 891 1103; x_wconf 90' lang='lat' dir='ltr'>initio</span> <span class='ocrx_word' id='word_1_106' title='bbox 917 1073 1067 1112; x_wconf 87' lang='lat' dir='ltr'>pertinu-</span> 
     </span>
     <span class='ocr_line' id='line_1_22' title="bbox 371 1116 1066 1159; baseline -0.004 -10"><span class='ocrx_word' id='word_1_107' title='bbox 371 1129 438 1149; x_wconf 86' lang='lat' dir='ltr'>ere.</span> <span class='ocrx_word' id='word_1_108' title='bbox 482 1120 527 1149; x_wconf 89' lang='lat' dir='ltr'>At</span> <span class='ocrx_word' id='word_1_109' title='bbox 543 1123 658 1159; x_wconf 81' lang='lat' dir='ltr'>postea</span> <span class='ocrx_word' id='word_1_110' title='bbox 673 1118 707 1148; x_wconf 91' lang='lat' dir='ltr'>in</span> <span class='ocrx_word' id='word_1_111' title='bbox 728 1118 767 1148; x_wconf 89' lang='lat' dir='ltr'>iis</span> <span class='ocrx_word' id='word_1_112' title='bbox 784 1118 942 1147; x_wconf 86' lang='lat' dir='ltr'>centuriae</span> <span class='ocrx_word' id='word_1_113' title='bbox 959 1116 1066 1147; x_wconf 87' lang='lat' dir='ltr'>inclu-</span> 
     </span>
     <span class='ocr_line' id='line_1_23' title="bbox 371 1161 1066 1198; baseline -0.003 -6"><span class='ocrx_word' id='word_1_114' title='bbox 371 1172 416 1192; x_wconf 87' lang='lat' dir='ltr'>sae</span> <span class='ocrx_word' id='word_1_115' title='bbox 433 1167 523 1193; x_wconf 87' lang='lat' dir='ltr'>sunt.</span> <span class='ocrx_word' id='word_1_116' title='bbox 570 1161 666 1191; x_wconf 83' lang='lat' dir='ltr'>Unde</span> <span class='ocrx_word' id='word_1_117' title='bbox 686 1161 812 1191; x_wconf 85' lang='lat' dir='ltr'>factum</span> <span class='ocrx_word' id='word_1_118' title='bbox 835 1165 899 1198; x_wconf 88' lang='lat' dir='ltr'>est,</span> <span class='ocrx_word' id='word_1_119' title='bbox 916 1164 953 1190; x_wconf 84' lang='lat' dir='ltr'>ut</span> <span class='ocrx_word' id='word_1_120' title='bbox 968 1165 1066 1190; x_wconf 90' lang='lat' dir='ltr'>aucto</span> 
     </span>
     <span class='ocr_line' id='line_1_24' title="bbox 370 1203 1067 1244; baseline -0.003 -9"><span class='ocrx_word' id='word_1_121' title='bbox 370 1206 520 1236; x_wconf 82' lang='lat' dir='ltr'>tribuum</span> <span class='ocrx_word' id='word_1_122' title='bbox 537 1215 690 1242; x_wconf 90' lang='lat' dir='ltr'>numero,</span> <span class='ocrx_word' id='word_1_123' title='bbox 707 1205 821 1244; x_wconf 87' lang='lat' dir='ltr'>augeri</span> <span class='ocrx_word' id='word_1_124' title='bbox 845 1213 978 1234; x_wconf 83' lang='lat' dir='ltr'>necesse</span> <span class='ocrx_word' id='word_1_125' title='bbox 995 1203 1067 1233; x_wconf 91' lang='lat' dir='ltr'>fue—</span> 
     </span>
     <span class='ocr_line' id='line_1_25' title="bbox 372 1247 1066 1280; baseline -0.004 0"><span class='ocrx_word' id='word_1_126' title='bbox 372 1249 418 1280; x_wconf 87' lang='lat' dir='ltr'>rit</span> <span class='ocrx_word' id='word_1_127' title='bbox 444 1253 478 1279; x_wconf 86' lang='lat' dir='ltr'>et</span> <span class='ocrx_word' id='word_1_128' title='bbox 508 1249 734 1278; x_wconf 87' lang='lat' dir='ltr'>centuriarum</span> <span class='ocrx_word' id='word_1_129' title='bbox 767 1257 958 1278; x_wconf 85' lang='lat' dir='ltr'>numerum.</span> <span class='ocrx_word' id='word_1_130' title='bbox 1005 1247 1066 1277; x_wconf 85' lang='lat' dir='ltr'>His</span> 
     </span>
     <span class='ocr_line' id='line_1_26' title="bbox 372 1290 1068 1330; baseline -0.003 -8"><span class='ocrx_word' id='word_1_131' title='bbox 372 1299 487 1323; x_wconf 85' lang='lat' dir='ltr'>antem</span> <span class='ocrx_word' id='word_1_132' title='bbox 511 1293 676 1329; x_wconf 84' lang='lat' dir='ltr'>tribubus,</span> <span class='ocrx_word' id='word_1_133' title='bbox 701 1292 735 1321; x_wconf 90' lang='lat' dir='ltr'>in</span> <span class='ocrx_word' id='word_1_134' title='bbox 758 1301 839 1330; x_wconf 88' lang='lat' dir='ltr'>quas</span> <span class='ocrx_word' id='word_1_135' title='bbox 861 1291 939 1321; x_wconf 90' lang='lat' dir='ltr'>urbs</span> <span class='ocrx_word' id='word_1_136' title='bbox 964 1290 1068 1321; x_wconf 85' lang='lat' dir='ltr'>divisa</span> 
     </span>
     <span class='ocr_line' id='line_1_27' title="bbox 373 1334 1067 1375; baseline -0.004 -9"><span class='ocrx_word' id='word_1_137' title='bbox 373 1341 458 1374; x_wconf 88' lang='lat' dir='ltr'>erat,</span> <span class='ocrx_word' id='word_1_138' title='bbox 483 1345 622 1375; x_wconf 86' lang='lat' dir='ltr'>quaeque</span> <span class='ocrx_word' id='word_1_139' title='bbox 650 1335 723 1365; x_wconf 89' lang='lat' dir='ltr'>ideo</span> <span class='ocrx_word' id='word_1_140' title='bbox 749 1336 884 1365; x_wconf 75' lang='lat' dir='ltr'>urbanae</span> <span class='ocrx_word' id='word_1_141' title='bbox 912 1334 1067 1364; x_wconf 83' lang='lat' dir='ltr'>diceban-</span> 
     </span>
     <span class='ocr_line' id='line_1_28' title="bbox 371 1377 1068 1417; baseline -0.004 -7"><span class='ocrx_word' id='word_1_142' title='bbox 371 1386 442 1417; x_wconf 85' lang='lat' dir='ltr'>tur,</span> <span class='ocrx_word' id='word_1_143' title='bbox 467 1379 603 1409; x_wconf 89' lang='lat' dir='ltr'>nomina</span> <span class='ocrx_word' id='word_1_144' title='bbox 625 1378 746 1409; x_wconf 88' lang='lat' dir='ltr'>indidit</span> <span class='ocrx_word' id='word_1_145' title='bbox 769 1378 899 1408; x_wconf 84' lang='lat' dir='ltr'>Servius</span> <span class='ocrx_word' id='word_1_146' title='bbox 923 1377 1026 1407; x_wconf 85' lang='lat' dir='ltr'>ducta</span> <span class='ocrx_word' id='word_1_147' title='bbox 1048 1387 1068 1408; x_wconf 89' lang='lat' dir='ltr'>a</span> 
     </span>
     <span class='ocr_line' id='line_1_29' title="bbox 374 1421 1068 1463; baseline -0.004 -10"><span class='ocrx_word' id='word_1_148' title='bbox 374 1423 564 1463; x_wconf 82' lang='lat' dir='ltr'>regionibus</span> <span class='ocrx_word' id='word_1_149' title='bbox 588 1422 692 1459; x_wconf 85' lang='lat' dir='ltr'>urhis,</span> <span class='ocrx_word' id='word_1_150' title='bbox 715 1431 788 1461; x_wconf 74' lang='lat' dir='ltr'>qnae</span> <span class='ocrx_word' id='word_1_151' title='bbox 812 1421 992 1460; x_wconf 87' lang='lat' dir='ltr'>unicuique</span> <span class='ocrx_word' id='word_1_152' title='bbox 1017 1429 1068 1450; x_wconf 90' lang='lat' dir='ltr'>as-</span> 
     </span>
     <span class='ocr_line' id='line_1_30' title="bbox 371 1464 1066 1506; baseline -0.003 -10"><span class='ocrx_word' id='word_1_153' title='bbox 371 1467 514 1506; x_wconf 62' lang='lat' dir='ltr'>signatae</span> <span class='ocrx_word' id='word_1_154' title='bbox 529 1472 624 1496; x_wconf 85' lang='lat' dir='ltr'>erant</span> <span class='ocrx_word' id='word_1_155' title='bbox 638 1479 643 1495; x_wconf 92' lang='lat'>:</span> <span class='ocrx_word' id='word_1_156' title='bbox 662 1465 930 1503; x_wconf 87' lang='lat' dir='ltr'>Palatinamque,</span> <span class='ocrx_word' id='word_1_157' title='bbox 941 1464 1066 1494; x_wconf 86' lang='lat' dir='ltr'>Subur-</span> 
     </span>
     <span class='ocr_line' id='line_1_31' title="bbox 372 1508 1066 1548; baseline -0.004 -8"><span class='ocrx_word' id='word_1_158' title='bbox 372 1520 502 1548; x_wconf 85' lang='lat' dir='ltr'>ranam,</span> <span class='ocrx_word' id='word_1_159' title='bbox 527 1508 706 1548; x_wconf 83' lang='lat' dir='ltr'>Collinam,</span> <span class='ocrx_word' id='word_1_160' title='bbox 723 1512 757 1539; x_wconf 87' lang='lat' dir='ltr'>et</span> <span class='ocrx_word' id='word_1_161' title='bbox 779 1508 986 1548; x_wconf 70' lang='lat' dir='ltr'>Esquilinam</span> <span class='ocrx_word' id='word_1_162' title='bbox 1011 1517 1066 1537; x_wconf 84' lang='lat' dir='ltr'>vo-</span> 
     </span>
     <span class='ocr_line' id='line_1_32' title="bbox 371 1555 470 1584; baseline 0.01 -1"><span class='ocrx_word' id='word_1_163' title='bbox 371 1555 470 1584; x_wconf 77' lang='lat' dir='ltr'>cavit.</span> 
     </span>
    </p>

    <p class='ocr_par' dir='ltr' id='par_1_5' title="bbox 371 1595 1070 2496">
     <span class='ocr_line' id='line_1_33' title="bbox 415 1595 1065 1637; baseline -0.006 -9"><span class='ocrx_word' id='word_1_164' title='bbox 415 1599 457 1628; x_wconf 73' lang='lat'>32</span> <span class='ocrx_word' id='word_1_165' title='bbox 480 1596 673 1637; x_wconf 70' lang='lat' dir='ltr'>Duplicato]</span> <span class='ocrx_word' id='word_1_166' title='bbox 706 1596 858 1636; x_wconf 73' lang='lat' dir='ltr'>Quatuor</span> <span class='ocrx_word' id='word_1_167' title='bbox 879 1595 986 1626; x_wconf 75' lang='lat' dir='ltr'>tribus</span> <span class='ocrx_word' id='word_1_168' title='bbox 1010 1605 1065 1624; x_wconf 91' lang='lat' dir='ltr'>ur-</span> 
     </span>
     <span class='ocr_line' id='line_1_34' title="bbox 372 1639 1064 1671; baseline -0.004 -1"><span class='ocrx_word' id='word_1_169' title='bbox 372 1641 475 1671; x_wconf 79' lang='lat' dir='ltr'>banas</span> <span class='ocrx_word' id='word_1_170' title='bbox 500 1641 650 1671; x_wconf 82' lang='lat' dir='ltr'>instituit</span> <span class='ocrx_word' id='word_1_171' title='bbox 679 1640 820 1669; x_wconf 81' lang='lat' dir='ltr'>Servius.</span> <span class='ocrx_word' id='word_1_172' title='bbox 865 1639 1064 1670; x_wconf 80' lang='lat' dir='ltr'>Universum</span> 
     </span>
     <span class='ocr_line' id='line_1_35' title="bbox 373 1681 1066 1723; baseline -0.003 -10"><span class='ocrx_word' id='word_1_173' title='bbox 373 1694 504 1723; x_wconf 88' lang='lat' dir='ltr'>quoque</span> <span class='ocrx_word' id='word_1_174' title='bbox 528 1694 643 1723; x_wconf 79' lang='lat' dir='ltr'>agrum</span> <span class='ocrx_word' id='word_1_175' title='bbox 663 1684 851 1714; x_wconf 87' lang='lat' dir='ltr'>Romanum</span> <span class='ocrx_word' id='word_1_176' title='bbox 877 1683 1002 1722; x_wconf 80' lang='lat' dir='ltr'>pariter</span> <span class='ocrx_word' id='word_1_177' title='bbox 1017 1681 1066 1712; x_wconf 87' lang='lat' dir='ltr'>di-</span> 
     </span>
     <span class='ocr_line' id='line_1_36' title="bbox 371 1726 1067 1766; baseline -0.003 -10"><span class='ocrx_word' id='word_1_178' title='bbox 371 1728 469 1757; x_wconf 79' lang='lat' dir='ltr'>visit:</span> <span class='ocrx_word' id='word_1_179' title='bbox 495 1735 577 1766; x_wconf 88' lang='lat' dir='ltr'>quot</span> <span class='ocrx_word' id='word_1_180' title='bbox 599 1737 674 1757; x_wconf 82' lang='lat' dir='ltr'>vero</span> <span class='ocrx_word' id='word_1_181' title='bbox 698 1727 731 1756; x_wconf 88' lang='lat' dir='ltr'>in</span> <span class='ocrx_word' id='word_1_182' title='bbox 757 1732 879 1766; x_wconf 78' lang='lat' dir='ltr'>partes,</span> <span class='ocrx_word' id='word_1_183' title='bbox 898 1735 963 1755; x_wconf 86' lang='lat' dir='ltr'>non</span> <span class='ocrx_word' id='word_1_184' title='bbox 988 1726 1067 1755; x_wconf 84' lang='lat' dir='ltr'>satis</span> 
     </span>
     <span class='ocr_line' id='line_1_37' title="bbox 372 1769 1067 1804; baseline -0.006 -3"><span class='ocrx_word' id='word_1_185' title='bbox 372 1772 462 1801; x_wconf 80' lang='lat' dir='ltr'>inter</span> <span class='ocrx_word' id='word_1_186' title='bbox 499 1779 651 1800; x_wconf 82' lang='lat' dir='ltr'>auctores</span> <span class='ocrx_word' id='word_1_187' title='bbox 696 1776 839 1800; x_wconf 83' lang='lat' dir='ltr'>constat.</span> <span class='ocrx_word' id='word_1_188' title='bbox 895 1769 1067 1804; x_wconf 83' lang='lat' dir='ltr'>Ceterum,</span> 
     </span>
     <span class='ocr_line' id='line_1_38' title="bbox 372 1812 1067 1853; baseline -0.003 -9"><span class='ocrx_word' id='word_1_189' title='bbox 372 1824 477 1853; x_wconf 86' lang='lat' dir='ltr'>quum</span> <span class='ocrx_word' id='word_1_190' title='bbox 502 1815 614 1844; x_wconf 83' lang='lat' dir='ltr'>Livius</span> <span class='ocrx_word' id='word_1_191' title='bbox 637 1814 743 1844; x_wconf 88' lang='lat' dir='ltr'>tribus</span> <span class='ocrx_word' id='word_1_192' title='bbox 768 1823 869 1843; x_wconf 80' lang='lat' dir='ltr'>unam</span> <span class='ocrx_word' id='word_1_193' title='bbox 892 1818 925 1842; x_wconf 88' lang='lat' dir='ltr'>et</span> <span class='ocrx_word' id='word_1_194' title='bbox 949 1812 1067 1849; x_wconf 67' lang='lat' dir='ltr'>viginti</span> 
     </span>
     <span class='ocr_line' id='line_1_39' title="bbox 371 1855 1065 1890; baseline -0.003 -2"><span class='ocrx_word' id='word_1_195' title='bbox 371 1859 478 1888; x_wconf 78' lang='lat' dir='ltr'>factas</span> <span class='ocrx_word' id='word_1_196' title='bbox 494 1858 616 1888; x_wconf 77' lang='lat' dir='ltr'>scribat</span> <span class='ocrx_word' id='word_1_197' title='bbox 639 1867 727 1887; x_wconf 84' lang='lat' dir='ltr'>anno</span> <span class='ocrx_word' id='word_1_198' title='bbox 745 1867 777 1886; x_wconf 91' lang='lat' dir='ltr'>u.</span> <span class='ocrx_word' id='word_1_199' title='bbox 795 1867 823 1887; x_wconf 90' lang='lat' dir='ltr'>c.</span> <span class='ocrx_word' id='word_1_200' title='bbox 845 1859 919 1890; x_wconf 69' lang='lat'><strong>²359.</strong></span> <span class='ocrx_word' id='word_1_201' title='bbox 937 1855 958 1885; x_wconf 81' lang='lat' dir='ltr'>l.</span> <span class='ocrx_word' id='word_1_202' title='bbox 977 1856 1019 1885; x_wconf 88' lang='lat' dir='ltr'>ll.</span> <span class='ocrx_word' id='word_1_203' title='bbox 1036 1866 1065 1886; x_wconf 86' lang='lat' dir='ltr'>c.</span> 
     </span>
     <span class='ocr_line' id='line_1_40' title="bbox 373 1899 1067 1940; baseline -0.004 -8"><span class='ocrx_word' id='word_1_204' title='bbox 373 1903 426 1933; x_wconf 75' lang='lat'>21.</span> <span class='ocrx_word' id='word_1_205' title='bbox 452 1901 582 1940; x_wconf 80' lang='lat' dir='ltr'>adjecta</span> <span class='ocrx_word' id='word_1_206' title='bbox 603 1905 690 1938; x_wconf 86' lang='lat' dir='ltr'>tum,</span> <span class='ocrx_word' id='word_1_207' title='bbox 707 1905 745 1930; x_wconf 91' lang='lat' dir='ltr'>ut</span> <span class='ocrx_word' id='word_1_208' title='bbox 767 1900 911 1938; x_wconf 77' lang='lat' dir='ltr'>videtur,</span> <span class='ocrx_word' id='word_1_209' title='bbox 927 1899 1067 1929; x_wconf 88' lang='lat' dir='ltr'>Claudia</span> 
     </span>
     <span class='ocr_line' id='line_1_41' title="bbox 372 1942 1066 1982; baseline -0.004 -7"><span class='ocrx_word' id='word_1_210' title='bbox 372 1945 477 1982; x_wconf 88' lang='lat' dir='ltr'>tribu,</span> <span class='ocrx_word' id='word_1_211' title='bbox 505 1955 565 1974; x_wconf 86' lang='lat' dir='ltr'>nec</span> <span class='ocrx_word' id='word_1_212' title='bbox 592 1950 692 1975; x_wconf 83' lang='lat' dir='ltr'>antea</span> <span class='ocrx_word' id='word_1_213' title='bbox 718 1944 925 1974; x_wconf 72' lang='lat' dir='ltr'>mentionem</span> <span class='ocrx_word' id='word_1_214' title='bbox 950 1942 1066 1973; x_wconf 73' lang='lat' dir='ltr'>fecerit</span> 
     </span>
     <span class='ocr_line' id='line_1_42' title="bbox 373 1986 1066 2025; baseline -0.003 -7"><span class='ocrx_word' id='word_1_215' title='bbox 373 1989 464 2018; x_wconf 71' lang='lat' dir='ltr'>aucti</span> <span class='ocrx_word' id='word_1_216' title='bbox 491 1989 639 2019; x_wconf 86' lang='lat' dir='ltr'>tribuum</span> <span class='ocrx_word' id='word_1_217' title='bbox 671 1988 824 2024; x_wconf 76' lang='lat' dir='ltr'>numeri3</span> <span class='ocrx_word' id='word_1_218' title='bbox 856 1986 1066 2025; x_wconf 82' lang='lat' dir='ltr'>eundemque</span> 
     </span>
     <span class='ocr_line' id='line_1_43' title="bbox 372 2030 1067 2071; baseline 0 -11"><span class='ocrx_word' id='word_1_219' title='bbox 372 2032 521 2062; x_wconf 80' lang='lat' dir='ltr'>tribuum</span> <span class='ocrx_word' id='word_1_220' title='bbox 540 2041 717 2062; x_wconf 85' lang='lat' dir='ltr'>numerum</span> <span class='ocrx_word' id='word_1_221' title='bbox 735 2030 879 2071; x_wconf 87' lang='lat' dir='ltr'>appellet</span> <span class='ocrx_word' id='word_1_222' title='bbox 894 2030 1067 2069; x_wconf 80' lang='lat' dir='ltr'>injudicio</span> 
     </span>
     <span class='ocr_line' id='line_1_44' title="bbox 374 2072 1067 2114; baseline -0.003 -9"><span class='ocrx_word' id='word_1_223' title='bbox 374 2075 543 2105; x_wconf 76' lang='lat' dir='ltr'>Coriolani</span> <span class='ocrx_word' id='word_1_224' title='bbox 570 2075 762 2114; x_wconf 73' lang='lat' dir='ltr'>Dionysius,</span> <span class='ocrx_word' id='word_1_225' title='bbox 790 2074 810 2104; x_wconf 93' lang='lat' dir='ltr'>l.</span> <span class='ocrx_word' id='word_1_226' title='bbox 842 2073 917 2105; x_wconf 79' lang='lat' dir='ltr'>vll.</span> <span class='ocrx_word' id='word_1_227' title='bbox 954 2072 1067 2103; x_wconf 83' lang='lat' dir='ltr'>admo-</span> 
     </span>
     <span class='ocr_line' id='line_1_45' title="bbox 374 2117 1069 2157; baseline -0.001 -10"><span class='ocrx_word' id='word_1_228' title='bbox 374 2118 453 2147; x_wconf 83' lang='lat' dir='ltr'>dum</span> <span class='ocrx_word' id='word_1_229' title='bbox 483 2118 659 2148; x_wconf 82' lang='lat' dir='ltr'>verisimile</span> <span class='ocrx_word' id='word_1_230' title='bbox 689 2124 739 2149; x_wconf 83' lang='lat' dir='ltr'>est</span> <span class='ocrx_word' id='word_1_231' title='bbox 768 2118 886 2157; x_wconf 81' lang='lat' dir='ltr'>viginti</span> <span class='ocrx_word' id='word_1_232' title='bbox 912 2117 1018 2147; x_wconf 86' lang='lat' dir='ltr'>tribus</span> <span class='ocrx_word' id='word_1_233' title='bbox 1050 2126 1069 2146; x_wconf 92' lang='lat' dir='ltr'>a</span> 
     </span>
     <span class='ocr_line' id='line_1_46' title="bbox 374 2161 1067 2200; baseline -0.003 -9"><span class='ocrx_word' id='word_1_234' title='bbox 374 2163 487 2191; x_wconf 77' lang='lat' dir='ltr'>Servio</span> <span class='ocrx_word' id='word_1_235' title='bbox 516 2162 665 2192; x_wconf 84' lang='lat' dir='ltr'>relictas:</span> <span class='ocrx_word' id='word_1_236' title='bbox 706 2172 770 2200; x_wconf 90' lang='lat' dir='ltr'>quo</span> <span class='ocrx_word' id='word_1_237' title='bbox 799 2172 839 2190; x_wconf 81' lang='lat' dir='ltr'>ex</span> <span class='ocrx_word' id='word_1_238' title='bbox 872 2170 1011 2191; x_wconf 87' lang='lat' dir='ltr'>numero</span> <span class='ocrx_word' id='word_1_239' title='bbox 1041 2161 1067 2189; x_wconf 82' lang='lat' dir='ltr'>si</span> 
     </span>
     <span class='ocr_line' id='line_1_47' title="bbox 375 2205 1069 2244; baseline -0.001 -11"><span class='ocrx_word' id='word_1_240' title='bbox 375 2206 489 2236; x_wconf 77' lang='lat' dir='ltr'>«lenias</span> <span class='ocrx_word' id='word_1_241' title='bbox 508 2206 648 2235; x_wconf 76' lang='lat' dir='ltr'>urbanas</span> <span class='ocrx_word' id='word_1_242' title='bbox 665 2213 821 2244; x_wconf 85' lang='lat' dir='ltr'>quatuor,</span> <span class='ocrx_word' id='word_1_243' title='bbox 839 2205 982 2234; x_wconf 71' lang='lat' dir='ltr'>efficitur</span> <span class='ocrx_word' id='word_1_244' title='bbox 998 2213 1069 2233; x_wconf 82' lang='lat' dir='ltr'>rus-</span> 
     </span>
     <span class='ocr_line' id='line_1_48' title="bbox 375 2247 1067 2279; baseline -0.004 -1"><span class='ocrx_word' id='word_1_245' title='bbox 375 2250 459 2279; x_wconf 72' lang='lat' dir='ltr'>ticas</span> <span class='ocrx_word' id='word_1_246' title='bbox 494 2249 600 2279; x_wconf 85' lang='lat' dir='ltr'>tribus</span> <span class='ocrx_word' id='word_1_247' title='bbox 637 2248 802 2278; x_wconf 75' lang='lat' dir='ltr'>sexdecim</span> <span class='ocrx_word' id='word_1_248' title='bbox 835 2248 930 2277; x_wconf 86' lang='lat' dir='ltr'>initio</span> <span class='ocrx_word' id='word_1_249' title='bbox 957 2247 1067 2277; x_wconf 84' lang='lat' dir='ltr'>fuisse.</span> 
     </span>
     <span class='ocr_line' id='line_1_49' title="bbox 373 2291 1069 2332; baseline -0.004 -10"><span class='ocrx_word' id='word_1_250' title='bbox 373 2293 457 2332; x_wconf 66' lang='lat' dir='ltr'>Qua:</span> <span class='ocrx_word' id='word_1_251' title='bbox 482 2301 595 2322; x_wconf 70' lang='lat' dir='ltr'>autem</span> <span class='ocrx_word' id='word_1_252' title='bbox 626 2292 745 2328; x_wconf 85' lang='lat' dir='ltr'>tribus,</span> <span class='ocrx_word' id='word_1_253' title='bbox 769 2301 873 2330; x_wconf 85' lang='lat' dir='ltr'>quum</span> <span class='ocrx_word' id='word_1_254' title='bbox 906 2291 1000 2320; x_wconf 88' lang='lat' dir='ltr'>initio</span> <span class='ocrx_word' id='word_1_255' title='bbox 1025 2291 1069 2319; x_wconf 87' lang='lat' dir='ltr'>vi-</span> 
     </span>
     <span class='ocr_line' id='line_1_50' title="bbox 376 2334 1070 2380; baseline -0.003 -15"><span class='ocrx_word' id='word_1_256' title='bbox 376 2336 460 2372; x_wconf 70' lang='lat' dir='ltr'>ginti</span> <span class='ocrx_word' id='word_1_257' title='bbox 485 2336 624 2372; x_wconf 72' lang='lat' dir='ltr'>fuerint,</span> <span class='ocrx_word' id='word_1_258' title='bbox 641 2335 681 2365; x_wconf 85' lang='lat' dir='ltr'>ad</span> <span class='ocrx_word' id='word_1_259' title='bbox 704 2336 851 2380; x_wconf 82' lang='lat' dir='ltr'>quinque</span> <span class='ocrx_word' id='word_1_260' title='bbox 873 2339 907 2363; x_wconf 85' lang='lat' dir='ltr'>et</span> <span class='ocrx_word' id='word_1_261' title='bbox 931 2334 1070 2371; x_wconf 74' lang='lat' dir='ltr'>triginta</span> 
     </span>
     <span class='ocr_line' id='line_1_51' title="bbox 377 2377 1070 2418; baseline -0.001 -11"><span class='ocrx_word' id='word_1_262' title='bbox 377 2383 491 2418; x_wconf 84' lang='lat' dir='ltr'>postea</span> <span class='ocrx_word' id='word_1_263' title='bbox 506 2390 622 2409; x_wconf 58' lang='lat' dir='ltr'>exeret</span> <span class='ocrx_word' id='word_1_264' title='bbox 625 2389 692 2416; x_wconf 85' lang='lat' dir='ltr'>ere,</span> <span class='ocrx_word' id='word_1_265' title='bbox 709 2388 822 2408; x_wconf 84' lang='lat' dir='ltr'>carum</span> <span class='ocrx_word' id='word_1_266' title='bbox 842 2377 929 2408; x_wconf 83' lang='lat' dir='ltr'>haud</span> <span class='ocrx_word' id='word_1_267' title='bbox 952 2379 1070 2407; x_wconf 82' lang='lat' dir='ltr'>imme-</span> 
     </span>
     <span class='ocr_line' id='line_1_52' title="bbox 377 2421 1069 2463; baseline -0.001 -12"><span class='ocrx_word' id='word_1_268' title='bbox 377 2423 440 2452; x_wconf 86' lang='lat' dir='ltr'>rito</span> <span class='ocrx_word' id='word_1_269' title='bbox 464 2423 526 2453; x_wconf 88' lang='lat' dir='ltr'>dici</span> <span class='ocrx_word' id='word_1_270' title='bbox 559 2430 667 2463; x_wconf 72' lang='lat' dir='ltr'>potest</span> <span class='ocrx_word' id='word_1_271' title='bbox 689 2421 878 2462; x_wconf 84' lang='lat' dir='ltr'>duplicatus</span> <span class='ocrx_word' id='word_1_272' title='bbox 910 2421 1069 2459; x_wconf 85' lang='lat' dir='ltr'>quodam-</span> 
     </span>
     <span class='ocr_line' id='line_1_53' title="bbox 379 2465 664 2496; baseline 0 0"><span class='ocrx_word' id='word_1_273' title='bbox 379 2465 477 2496; x_wconf 78' lang='lat' dir='ltr'>modo</span> <span class='ocrx_word' id='word_1_274' title='bbox 495 2475 664 2496; x_wconf 86' lang='lat' dir='ltr'>numerus.</span> 
     </span>
    </p>

    <p class='ocr_par' dir='ltr' id='par_1_6' title="bbox 376 2507 1071 2851">
     <span class='ocr_line' id='line_1_54' title="bbox 419 2507 1068 2548; baseline -0.003 -10"><span class='ocrx_word' id='word_1_275' title='bbox 419 2509 602 2548; x_wconf 79' lang='lat' dir='ltr'>Explicatis</span> <span class='ocrx_word' id='word_1_276' title='bbox 619 2510 689 2546; x_wconf 77' lang='lat' dir='ltr'>iam</span> <span class='ocrx_word' id='word_1_277' title='bbox 713 2508 851 2547; x_wconf 77' lang='lat' dir='ltr'>singulis</span> <span class='ocrx_word' id='word_1_278' title='bbox 877 2516 959 2548; x_wconf 82' lang='lat' dir='ltr'>pene</span> <span class='ocrx_word' id='word_1_279' title='bbox 985 2507 1068 2537; x_wconf 76' lang='lat' dir='ltr'>diffi-</span> 
     </span>
     <span class='ocr_line' id='line_1_55' title="bbox 376 2551 1068 2591; baseline 0 -11"><span class='ocrx_word' id='word_1_280' title='bbox 376 2551 492 2582; x_wconf 80' lang='lat' dir='ltr'>cillimi</span> <span class='ocrx_word' id='word_1_281' title='bbox 518 2552 616 2591; x_wconf 77' lang='lat' dir='ltr'>hujus</span> <span class='ocrx_word' id='word_1_282' title='bbox 638 2552 699 2583; x_wconf 89' lang='lat' dir='ltr'>loci</span> <span class='ocrx_word' id='word_1_283' title='bbox 724 2552 871 2587; x_wconf 75' lang='lat' dir='ltr'>vocibus,</span> <span class='ocrx_word' id='word_1_284' title='bbox 888 2551 1068 2591; x_wconf 82' lang='lat' dir='ltr'>explanan-</span> 
     </span>
     <span class='ocr_line' id='line_1_56' title="bbox 376 2594 1068 2635; baseline 0 -12"><span class='ocrx_word' id='word_1_285' title='bbox 376 2594 455 2624; x_wconf 85' lang='lat' dir='ltr'>dum</span> <span class='ocrx_word' id='word_1_286' title='bbox 483 2602 646 2635; x_wconf 80' lang='lat' dir='ltr'>superest,</span> <span class='ocrx_word' id='word_1_287' title='bbox 669 2596 748 2634; x_wconf 87' lang='lat' dir='ltr'>quid</span> <span class='ocrx_word' id='word_1_288' title='bbox 770 2595 814 2624; x_wconf 80' lang='lat' dir='ltr'>sit</span> <span class='ocrx_word' id='word_1_289' title='bbox 842 2595 875 2624; x_wconf 88' lang='lat' dir='ltr'>id</span> <span class='ocrx_word' id='word_1_290' title='bbox 901 2594 989 2633; x_wconf 82' lang='lat' dir='ltr'>quod</span> <span class='ocrx_word' id='word_1_291' title='bbox 1017 2594 1068 2624; x_wconf 82' lang='lat' dir='ltr'>liic</span> 
     </span>
     <span class='ocr_line' id='line_1_57' title="bbox 377 2638 1070 2678; baseline 0.001 -11"><span class='ocrx_word' id='word_1_292' title='bbox 377 2639 583 2677; x_wconf 71' lang='lat' dir='ltr'>paucissimis</span> <span class='ocrx_word' id='word_1_293' title='bbox 613 2639 732 2676; x_wconf 74' lang='lat' dir='ltr'>verbis,</span> <span class='ocrx_word' id='word_1_294' title='bbox 764 2643 863 2678; x_wconf 81' lang='lat' dir='ltr'>atque</span> <span class='ocrx_word' id='word_1_295' title='bbox 894 2638 976 2668; x_wconf 83' lang='lat' dir='ltr'>adeo</span> <span class='ocrx_word' id='word_1_296' title='bbox 1014 2638 1070 2668; x_wconf 92' lang='lat' dir='ltr'>ob-</span> 
     </span>
     <span class='ocr_line' id='line_1_58' title="bbox 376 2681 1069 2718; baseline 0.001 -8"><span class='ocrx_word' id='word_1_297' title='bbox 376 2691 472 2711; x_wconf 79' lang='lat' dir='ltr'>scure</span> <span class='ocrx_word' id='word_1_298' title='bbox 488 2691 507 2711; x_wconf 90' lang='lat' dir='ltr'>a</span> <span class='ocrx_word' id='word_1_299' title='bbox 524 2681 615 2711; x_wconf 79' lang='lat' dir='ltr'>Livio</span> <span class='ocrx_word' id='word_1_300' title='bbox 631 2682 806 2712; x_wconf 82' lang='lat' dir='ltr'>indicatur.</span> <span class='ocrx_word' id='word_1_301' title='bbox 844 2681 1016 2718; x_wconf 75' lang='lat' dir='ltr'>Ceterum,</span> <span class='ocrx_word' id='word_1_302' title='bbox 1033 2688 1069 2711; x_wconf 82' lang='lat' dir='ltr'>ut</span> 
     </span>
     <span class='ocr_line' id='line_1_59' title="bbox 378 2724 1071 2764; baseline 0 -10"><span class='ocrx_word' id='word_1_303' title='bbox 378 2725 412 2754; x_wconf 84' lang='lat' dir='ltr'>in</span> <span class='ocrx_word' id='word_1_304' title='bbox 437 2734 470 2754; x_wconf 85' lang='lat' dir='ltr'>re</span> <span class='ocrx_word' id='word_1_305' title='bbox 497 2731 700 2764; x_wconf 76' lang='lat' dir='ltr'>pervetusta,</span> <span class='ocrx_word' id='word_1_306' title='bbox 720 2726 880 2763; x_wconf 85' lang='lat' dir='ltr'>cujusque</span> <span class='ocrx_word' id='word_1_307' title='bbox 909 2725 991 2754; x_wconf 71' lang='lat' dir='ltr'>levia</span> <span class='ocrx_word' id='word_1_308' title='bbox 1014 2724 1071 2754; x_wconf 83' lang='lat' dir='ltr'>ad-</span> 
     </span>
     <span class='ocr_line' id='line_1_60' title="bbox 378 2767 1070 2808; baseline -0.004 -10"><span class='ocrx_word' id='word_1_309' title='bbox 378 2767 514 2798; x_wconf 80' lang='lat' dir='ltr'>modum</span> <span class='ocrx_word' id='word_1_310' title='bbox 532 2768 619 2808; x_wconf 83' lang='lat' dir='ltr'>apud</span> <span class='ocrx_word' id='word_1_311' title='bbox 636 2769 789 2807; x_wconf 82' lang='lat' dir='ltr'>antiquos</span> <span class='ocrx_word' id='word_1_312' title='bbox 808 2769 984 2808; x_wconf 70' lang='lat' dir='ltr'>scriptores</span> <span class='ocrx_word' id='word_1_313' title='bbox 1001 2779 1070 2796; x_wconf 51' lang='lat' dir='ltr'>ws-</span> 
     </span>
     <span class='ocr_line' id='line_1_61' title="bbox 376 2811 1068 2851; baseline 0 -11"><span class='ocrx_word' id='word_1_314' title='bbox 376 2812 462 2850; x_wconf 76' lang='lat' dir='ltr'>tigia</span> <span class='ocrx_word' id='word_1_315' title='bbox 486 2816 616 2848; x_wconf 81' lang='lat' dir='ltr'>extent,</span> <span class='ocrx_word' id='word_1_316' title='bbox 643 2811 888 2851; x_wconf 81' lang='lat' dir='ltr'>expectandum</span> <span class='ocrx_word' id='word_1_317' title='bbox 917 2822 981 2841; x_wconf 88' lang='lat' dir='ltr'>non</span> <span class='ocrx_word' id='word_1_318' title='bbox 1006 2818 1068 2848; x_wconf 79' lang='lat' dir='ltr'>est,</span> 
     </span>
    </p>
   </div>
   <div class='ocr_carea' id='block_1_5' title="bbox 1107 379 1813 2850">
    <p class='ocr_par' dir='ltr' id='par_1_7' title="bbox 1107 379 1813 2850">
     <span class='ocr_line' id='line_1_62' title="bbox 1107 379 1799 421; baseline 0.004 -12"><span class='ocrx_word' id='word_1_319' title='bbox 1107 379 1142 410; x_wconf 90' lang='lat' dir='ltr'>Si</span> <span class='ocrx_word' id='word_1_320' title='bbox 1165 390 1232 419; x_wconf 90' lang='lat' dir='ltr'>qua</span> <span class='ocrx_word' id='word_1_321' title='bbox 1253 380 1287 410; x_wconf 91' lang='lat' dir='ltr'>in</span> <span class='ocrx_word' id='word_1_322' title='bbox 1304 389 1376 410; x_wconf 89' lang='lat' dir='ltr'>eam</span> <span class='ocrx_word' id='word_1_323' title='bbox 1400 388 1471 409; x_wconf 87' lang='lat' dir='ltr'>rem</span> <span class='ocrx_word' id='word_1_324' title='bbox 1492 383 1552 409; x_wconf 83' lang='lat' dir='ltr'>aut</span> <span class='ocrx_word' id='word_1_325' title='bbox 1573 385 1666 410; x_wconf 86' lang='lat' dir='ltr'>certa</span> <span class='ocrx_word' id='word_1_326' title='bbox 1686 381 1799 421; x_wconf 86' lang='lat' dir='ltr'>plane,</span> 
     </span>
     <span class='ocr_line' id='line_1_63' title="bbox 1109 422 1798 464; baseline 0.001 -10"><span class='ocrx_word' id='word_1_327' title='bbox 1109 430 1168 454; x_wconf 86' lang='lat' dir='ltr'>aut</span> <span class='ocrx_word' id='word_1_328' title='bbox 1182 423 1300 454; x_wconf 82' lang='lat' dir='ltr'>saltem</span> <span class='ocrx_word' id='word_1_329' title='bbox 1318 422 1499 464; x_wconf 86' lang='lat' dir='ltr'>probabilia</span> <span class='ocrx_word' id='word_1_330' title='bbox 1514 433 1553 452; x_wconf 81' lang='lat' dir='ltr'>ex</span> <span class='ocrx_word' id='word_1_331' title='bbox 1569 427 1716 454; x_wconf 87' lang='lat' dir='ltr'>veterum</span> <span class='ocrx_word' id='word_1_332' title='bbox 1728 435 1798 455; x_wconf 82' lang='lat' dir='ltr'>rno—</span> 
     </span>
     <span class='ocr_line' id='line_1_64' title="bbox 1110 465 1799 505; baseline 0.001 -9"><span class='ocrx_word' id='word_1_333' title='bbox 1110 467 1281 497; x_wconf 79' lang='lat' dir='ltr'>numentis</span> <span class='ocrx_word' id='word_1_334' title='bbox 1311 473 1473 496; x_wconf 85' lang='lat' dir='ltr'>eruerunt</span> <span class='ocrx_word' id='word_1_335' title='bbox 1512 465 1693 496; x_wconf 81' lang='lat' dir='ltr'>doctissimi</span> <span class='ocrx_word' id='word_1_336' title='bbox 1726 468 1799 505; x_wconf 87' lang='lat' dir='ltr'>viri,</span> 
     </span>
     <span class='ocr_line' id='line_1_65' title="bbox 1107 509 1798 549; baseline 0.001 -9"><span class='ocrx_word' id='word_1_337' title='bbox 1107 509 1273 549; x_wconf 81' lang='lat' dir='ltr'>Sigonius,</span> <span class='ocrx_word' id='word_1_338' title='bbox 1290 510 1455 540; x_wconf 86' lang='lat' dir='ltr'>Gruchius</span> <span class='ocrx_word' id='word_1_339' title='bbox 1479 509 1539 539; x_wconf 69' lang='grc' dir='ltr'>ἃς.</span> <span class='ocrx_word' id='word_1_340' title='bbox 1555 519 1594 539; x_wconf 85' lang='lat' dir='ltr'>ea</span> <span class='ocrx_word' id='word_1_341' title='bbox 1615 510 1798 541; x_wconf 81' lang='lat' dir='ltr'>afferemus.</span> 
     </span>
     <span class='ocr_line' id='line_1_66' title="bbox 1107 553 1797 592; baseline 0 -9"><span class='ocrx_word' id='word_1_342' title='bbox 1107 553 1219 583; x_wconf 86' lang='lat' dir='ltr'>Primo</span> <span class='ocrx_word' id='word_1_343' title='bbox 1236 554 1339 592; x_wconf 85' lang='lat' dir='ltr'>igitur</span> <span class='ocrx_word' id='word_1_344' title='bbox 1355 554 1452 583; x_wconf 86' lang='lat' dir='ltr'>docet</span> <span class='ocrx_word' id='word_1_345' title='bbox 1473 553 1585 583; x_wconf 89' lang='lat' dir='ltr'>Livius</span> <span class='ocrx_word' id='word_1_346' title='bbox 1603 554 1797 584; x_wconf 87' lang='lat' dir='ltr'>institutum</span> 
     </span>
     <span class='ocr_line' id='line_1_67' title="bbox 1108 596 1800 636; baseline 0.001 -10"><span class='ocrx_word' id='word_1_347' title='bbox 1108 596 1149 626; x_wconf 86' lang='lat' dir='ltr'>ab</span> <span class='ocrx_word' id='word_1_348' title='bbox 1171 597 1282 627; x_wconf 88' lang='lat' dir='ltr'>Servio</span> <span class='ocrx_word' id='word_1_349' title='bbox 1303 597 1391 627; x_wconf 82' lang='lat' dir='ltr'>circa</span> <span class='ocrx_word' id='word_1_350' title='bbox 1414 597 1594 633; x_wconf 80' lang='lat' dir='ltr'>centurias,</span> <span class='ocrx_word' id='word_1_351' title='bbox 1611 604 1645 626; x_wconf 83' lang='lat' dir='ltr'>et</span> <span class='ocrx_word' id='word_1_352' title='bbox 1667 596 1800 636; x_wconf 78' lang='lat' dir='ltr'>classes,</span> 
     </span>
     <span class='ocr_line' id='line_1_68' title="bbox 1107 639 1801 676; baseline 0 -7"><span class='ocrx_word' id='word_1_353' title='bbox 1107 643 1142 669; x_wconf 85' lang='lat' dir='ltr'>et</span> <span class='ocrx_word' id='word_1_354' title='bbox 1171 639 1307 670; x_wconf 86' lang='lat' dir='ltr'>comitia</span> <span class='ocrx_word' id='word_1_355' title='bbox 1332 640 1532 676; x_wconf 79' lang='lat' dir='ltr'>centuriata,</span> <span class='ocrx_word' id='word_1_356' title='bbox 1562 639 1712 670; x_wconf 85' lang='lat' dir='ltr'>ordinem</span> <span class='ocrx_word' id='word_1_357' title='bbox 1740 641 1801 670; x_wconf 88' lang='lat' dir='ltr'>im-</span> 
     </span>
     <span class='ocr_line' id='line_1_69' title="bbox 1108 682 1801 723; baseline 0 -10"><span class='ocrx_word' id='word_1_358' title='bbox 1108 688 1279 713; x_wconf 80' lang='lat' dir='ltr'>mutatum</span> <span class='ocrx_word' id='word_1_359' title='bbox 1305 690 1422 723; x_wconf 86' lang='lat' dir='ltr'>postea</span> <span class='ocrx_word' id='word_1_360' title='bbox 1445 682 1566 713; x_wconf 80' lang='lat' dir='ltr'>fuisse:</span> <span class='ocrx_word' id='word_1_361' title='bbox 1600 683 1687 722; x_wconf 75' lang='lat' dir='ltr'>qnod</span> <span class='ocrx_word' id='word_1_362' title='bbox 1712 683 1801 713; x_wconf 89' lang='lat' dir='ltr'>idem</span> 
     </span>
     <span class='ocr_line' id='line_1_70' title="bbox 1108 726 1802 766; baseline 0.001 -10"><span class='ocrx_word' id='word_1_363' title='bbox 1108 731 1256 756; x_wconf 86' lang='lat' dir='ltr'>testatur</span> <span class='ocrx_word' id='word_1_364' title='bbox 1279 727 1473 766; x_wconf 71' lang='lat' dir='ltr'>Dionysius,</span> <span class='ocrx_word' id='word_1_365' title='bbox 1497 727 1552 765; x_wconf 88' lang='lat' dir='ltr'>qui</span> <span class='ocrx_word' id='word_1_366' title='bbox 1578 728 1680 756; x_wconf 82' lang='lat' dir='ltr'>etiam</span> <span class='ocrx_word' id='word_1_367' title='bbox 1709 726 1802 757; x_wconf 86' lang='lat' dir='ltr'>addit</span> 
     </span>
     <span class='ocr_line' id='line_1_71' title="bbox 1110 769 1803 808; baseline 0.001 -8"><span class='ocrx_word' id='word_1_368' title='bbox 1110 771 1334 800; x_wconf 85' lang='lat' dir='ltr'>mutationem</span> <span class='ocrx_word' id='word_1_369' title='bbox 1350 769 1442 799; x_wconf 86' lang='lat' dir='ltr'>illam</span> <span class='ocrx_word' id='word_1_370' title='bbox 1459 770 1619 808; x_wconf 86' lang='lat' dir='ltr'>ejusmodi</span> <span class='ocrx_word' id='word_1_371' title='bbox 1635 770 1748 808; x_wconf 81' lang='lat' dir='ltr'>fuisse,</span> <span class='ocrx_word' id='word_1_372' title='bbox 1763 775 1803 801; x_wconf 86' lang='lat' dir='ltr'>ut</span> 
     </span>
     <span class='ocr_line' id='line_1_72' title="bbox 1110 812 1799 852; baseline 0.003 -10"><span class='ocrx_word' id='word_1_373' title='bbox 1110 822 1181 842; x_wconf 89' lang='lat' dir='ltr'>rem</span> <span class='ocrx_word' id='word_1_374' title='bbox 1204 813 1239 842; x_wconf 93' lang='lat' dir='ltr'>in</span> <span class='ocrx_word' id='word_1_375' title='bbox 1256 823 1390 843; x_wconf 82' lang='lat' dir='ltr'>causam</span> <span class='ocrx_word' id='word_1_376' title='bbox 1415 812 1517 852; x_wconf 81' lang='lat' dir='ltr'>plebis</span> <span class='ocrx_word' id='word_1_377' title='bbox 1545 813 1731 844; x_wconf 80' lang='lat' dir='ltr'>inclinaret.</span> <span class='ocrx_word' id='word_1_378' title='bbox 1754 816 1799 844; x_wconf 73' lang='lat'>⁶2⁰.</span> 
     </span>
     <span class='ocr_line' id='line_1_73' title="bbox 1110 855 1800 896; baseline 0.003 -10"><span class='ocrx_word' id='word_1_379' title='bbox 1110 855 1161 886; x_wconf 83' lang='lat' dir='ltr'>Ex</span> <span class='ocrx_word' id='word_1_380' title='bbox 1189 856 1294 886; x_wconf 87' lang='lat' dir='ltr'>verbis</span> <span class='ocrx_word' id='word_1_381' title='bbox 1322 856 1409 886; x_wconf 88' lang='lat' dir='ltr'>Livii</span> <span class='ocrx_word' id='word_1_382' title='bbox 1444 855 1598 895; x_wconf 83' lang='lat' dir='ltr'>colligere</span> <span class='ocrx_word' id='word_1_383' title='bbox 1628 866 1800 896; x_wconf 87' lang='lat' dir='ltr'>possumus</span> 
     </span>
     <span class='ocr_line' id='line_1_74' title="bbox 1109 899 1801 937; baseline 0.001 -8"><span class='ocrx_word' id='word_1_384' title='bbox 1109 899 1201 929; x_wconf 87' lang='lat' dir='ltr'>illam</span> <span class='ocrx_word' id='word_1_385' title='bbox 1225 900 1447 930; x_wconf 86' lang='lat' dir='ltr'>mutationem</span> <span class='ocrx_word' id='word_1_386' title='bbox 1471 910 1508 928; x_wconf 73' lang='lat' dir='ltr'>vx</span> <span class='ocrx_word' id='word_1_387' title='bbox 1533 910 1572 930; x_wconf 93' lang='lat' dir='ltr'>eo</span> <span class='ocrx_word' id='word_1_388' title='bbox 1585 905 1692 930; x_wconf 84' lang='lat' dir='ltr'>ortam</span> <span class='ocrx_word' id='word_1_389' title='bbox 1718 910 1801 937; x_wconf 83' lang='lat' dir='ltr'>esse,</span> 
     </span>
     <span class='ocr_line' id='line_1_75' title="bbox 1109 943 1799 983; baseline 0.003 -11"><span class='ocrx_word' id='word_1_390' title='bbox 1109 943 1209 981; x_wconf 86' lang='lat' dir='ltr'>quod,</span> <span class='ocrx_word' id='word_1_391' title='bbox 1226 943 1385 972; x_wconf 87' lang='lat' dir='ltr'>centuriis</span> <span class='ocrx_word' id='word_1_392' title='bbox 1409 943 1443 972; x_wconf 90' lang='lat' dir='ltr'>in</span> <span class='ocrx_word' id='word_1_393' title='bbox 1458 943 1565 972; x_wconf 77' lang='lat' dir='ltr'>tribus</span> <span class='ocrx_word' id='word_1_394' title='bbox 1588 943 1799 983; x_wconf 88' lang='lat' dir='ltr'>postmodum</span> 
     </span>
     <span class='ocr_line' id='line_1_76' title="bbox 1108 986 1801 1026; baseline 0.003 -10"><span class='ocrx_word' id='word_1_395' title='bbox 1108 986 1258 1024; x_wconf 85' lang='lat' dir='ltr'>inclusis,</span> <span class='ocrx_word' id='word_1_396' title='bbox 1275 987 1390 1025; x_wconf 87' lang='lat' dir='ltr'>augeri</span> <span class='ocrx_word' id='word_1_397' title='bbox 1405 995 1470 1016; x_wconf 87' lang='lat' dir='ltr'>non</span> <span class='ocrx_word' id='word_1_398' title='bbox 1492 988 1636 1026; x_wconf 82' lang='lat' dir='ltr'>potuerit</span> <span class='ocrx_word' id='word_1_399' title='bbox 1653 987 1801 1018; x_wconf 87' lang='lat' dir='ltr'>tribuum</span> 
     </span>
     <span class='ocr_line' id='line_1_77' title="bbox 1111 1030 1803 1074; baseline 0 -14"><span class='ocrx_word' id='word_1_400' title='bbox 1111 1039 1284 1068; x_wconf 87' lang='lat' dir='ltr'>numerus,</span> <span class='ocrx_word' id='word_1_401' title='bbox 1301 1030 1382 1069; x_wconf 89' lang='lat' dir='ltr'>quin</span> <span class='ocrx_word' id='word_1_402' title='bbox 1405 1030 1505 1059; x_wconf 83' lang='lat' dir='ltr'>simul</span> <span class='ocrx_word' id='word_1_403' title='bbox 1521 1036 1555 1059; x_wconf 90' lang='lat' dir='ltr'>et</span> <span class='ocrx_word' id='word_1_404' title='bbox 1573 1030 1803 1074; x_wconf 51' lang='lat' dir='ltr'>centuriarum</span> 
     </span>
     <span class='ocr_line' id='line_1_78' title="bbox 1109 1073 1801 1113; baseline 0.001 -10"><span class='ocrx_word' id='word_1_405' title='bbox 1109 1082 1270 1103; x_wconf 86' lang='lat' dir='ltr'>numerus</span> <span class='ocrx_word' id='word_1_406' title='bbox 1300 1080 1489 1112; x_wconf 81' lang='lat' dir='ltr'>augeretur.</span> <span class='ocrx_word' id='word_1_407' title='bbox 1541 1073 1638 1113; x_wconf 69' lang='lat' dir='ltr'>Quod</span> <span class='ocrx_word' id='word_1_408' title='bbox 1669 1073 1801 1112; x_wconf 86' lang='lat' dir='ltr'>quidem</span> 
     </span>
     <span class='ocr_line' id='line_1_79' title="bbox 1110 1117 1803 1157; baseline 0.003 -11"><span class='ocrx_word' id='word_1_409' title='bbox 1110 1117 1272 1147; x_wconf 66' lang='lat' dir='ltr'>centuriae,</span> <span class='ocrx_word' id='word_1_410' title='bbox 1294 1117 1391 1147; x_wconf 84' lang='lat' dir='ltr'>factae</span> <span class='ocrx_word' id='word_1_411' title='bbox 1413 1118 1483 1146; x_wconf 91' lang='lat' dir='ltr'>sint</span> <span class='ocrx_word' id='word_1_412' title='bbox 1504 1117 1654 1147; x_wconf 87' lang='lat' dir='ltr'>tribuum</span> <span class='ocrx_word' id='word_1_413' title='bbox 1677 1122 1803 1157; x_wconf 82' lang='lat' dir='ltr'>parteS,</span> 
     </span>
     <span class='ocr_line' id='line_1_80' title="bbox 1110 1160 1803 1200; baseline 0.001 -10"><span class='ocrx_word' id='word_1_414' title='bbox 1110 1160 1144 1190; x_wconf 91' lang='lat' dir='ltr'>id</span> <span class='ocrx_word' id='word_1_415' title='bbox 1167 1160 1300 1190; x_wconf 86' lang='lat' dir='ltr'>aliunde</span> <span class='ocrx_word' id='word_1_416' title='bbox 1328 1161 1428 1190; x_wconf 82' lang='lat' dir='ltr'>etiam</span> <span class='ocrx_word' id='word_1_417' title='bbox 1457 1161 1633 1200; x_wconf 86' lang='lat' dir='ltr'>probatur:</span> <span class='ocrx_word' id='word_1_418' title='bbox 1665 1167 1739 1191; x_wconf 89' lang='lat' dir='ltr'>tum</span> <span class='ocrx_word' id='word_1_419' title='bbox 1763 1171 1803 1191; x_wconf 85' lang='lat' dir='ltr'>ex</span> 
     </span>
     <span class='ocr_line' id='line_1_81' title="bbox 1111 1203 1805 1244; baseline 0.001 -11"><span class='ocrx_word' id='word_1_420' title='bbox 1111 1214 1149 1234; x_wconf 90' lang='lat' dir='ltr'>eo</span> <span class='ocrx_word' id='word_1_421' title='bbox 1172 1204 1260 1243; x_wconf 85' lang='lat' dir='ltr'>quod</span> <span class='ocrx_word' id='word_1_422' title='bbox 1275 1213 1349 1242; x_wconf 82' lang='lat' dir='ltr'>quae</span> <span class='ocrx_word' id='word_1_423' title='bbox 1366 1205 1527 1234; x_wconf 83' lang='lat' dir='ltr'>centuriae</span> <span class='ocrx_word' id='word_1_424' title='bbox 1543 1214 1563 1233; x_wconf 86' lang='lat' dir='ltr'>a</span> <span class='ocrx_word' id='word_1_425' title='bbox 1578 1203 1673 1234; x_wconf 82' lang='lat' dir='ltr'>Livio</span> <span class='ocrx_word' id='word_1_426' title='bbox 1693 1203 1805 1244; x_wconf 82' lang='lat' dir='ltr'>appel-</span> 
     </span>
     <span class='ocr_line' id='line_1_82' title="bbox 1110 1246 1802 1286; baseline 0.001 -9"><span class='ocrx_word' id='word_1_427' title='bbox 1110 1247 1236 1285; x_wconf 83' lang='lat' dir='ltr'>lantur,</span> <span class='ocrx_word' id='word_1_428' title='bbox 1255 1246 1389 1286; x_wconf 86' lang='lat' dir='ltr'>(XXIV.</span> <span class='ocrx_word' id='word_1_429' title='bbox 1401 1250 1434 1281; x_wconf 84' lang='lat'>7.</span> <span class='ocrx_word' id='word_1_430' title='bbox 1451 1247 1802 1286; x_wconf 80' lang='lat' dir='ltr'>Aniensisjuniorum:</span> 
     </span>
     <span class='ocr_line' id='line_1_83' title="bbox 1111 1290 1806 1328; baseline 0.001 -8"><span class='ocrx_word' id='word_1_431' title='bbox 1111 1291 1234 1321; x_wconf 74' lang='lat' dir='ltr'>XXVI.</span> <span class='ocrx_word' id='word_1_432' title='bbox 1247 1292 1299 1321; x_wconf 76' lang='lat'>⁴22.</span> <span class='ocrx_word' id='word_1_433' title='bbox 1311 1291 1643 1328; x_wconf 88' lang='lat' dir='ltr'>Veturiajuniorum,</span> <span class='ocrx_word' id='word_1_434' title='bbox 1657 1294 1691 1320; x_wconf 90' lang='lat' dir='ltr'>et</span> <span class='ocrx_word' id='word_1_435' title='bbox 1700 1290 1806 1321; x_wconf 88' lang='lat' dir='ltr'>Vetu-</span> 
     </span>
     <span class='ocr_line' id='line_1_84' title="bbox 1111 1333 1804 1374; baseline 0 -10"><span class='ocrx_word' id='word_1_436' title='bbox 1111 1334 1160 1364; x_wconf 89' lang='lat' dir='ltr'>ria</span> <span class='ocrx_word' id='word_1_437' title='bbox 1173 1335 1340 1364; x_wconf 89' lang='lat' dir='ltr'>seniorum</span> <span class='ocrx_word' id='word_1_438' title='bbox 1356 1347 1362 1363; x_wconf 90' lang='lat'>:</span> <span class='ocrx_word' id='word_1_439' title='bbox 1388 1333 1530 1364; x_wconf 83' lang='lat' dir='ltr'>XXVII.</span> <span class='ocrx_word' id='word_1_440' title='bbox 1552 1335 1583 1364; x_wconf 81' lang='lat'>6.</span> <span class='ocrx_word' id='word_1_441' title='bbox 1600 1333 1731 1365; x_wconf 87' lang='lat' dir='ltr'>Galeria</span> <span class='ocrx_word' id='word_1_442' title='bbox 1746 1335 1804 1374; x_wconf 44' lang='lat' dir='ltr'>jur</span> 
     </span>
     <span class='ocr_line' id='line_1_85' title="bbox 1111 1376 1805 1418; baseline 0.001 -11"><span class='ocrx_word' id='word_1_443' title='bbox 1111 1376 1258 1416; x_wconf 90' lang='lat' dir='ltr'>niorum)</span> <span class='ocrx_word' id='word_1_444' title='bbox 1278 1387 1325 1407; x_wconf 80' lang='lat' dir='ltr'>eae</span> <span class='ocrx_word' id='word_1_445' title='bbox 1340 1387 1455 1408; x_wconf 87' lang='lat' dir='ltr'>omnes</span> <span class='ocrx_word' id='word_1_446' title='bbox 1476 1377 1628 1407; x_wconf 87' lang='lat' dir='ltr'>tribubus</span> <span class='ocrx_word' id='word_1_447' title='bbox 1645 1379 1712 1408; x_wconf 84' lang='lat' dir='ltr'>sint</span> <span class='ocrx_word' id='word_1_448' title='bbox 1729 1387 1805 1418; x_wconf 85' lang='lat' dir='ltr'>eog-</span> 
     </span>
     <span class='ocr_line' id='line_1_86' title="bbox 1111 1420 1803 1460; baseline 0.001 -10"><span class='ocrx_word' id='word_1_449' title='bbox 1111 1421 1285 1451; x_wconf 84' lang='lat' dir='ltr'>nomines:</span> <span class='ocrx_word' id='word_1_450' title='bbox 1309 1424 1383 1450; x_wconf 90' lang='lat' dir='ltr'>tum</span> <span class='ocrx_word' id='word_1_451' title='bbox 1400 1430 1440 1450; x_wconf 86' lang='lat' dir='ltr'>ex</span> <span class='ocrx_word' id='word_1_452' title='bbox 1463 1430 1502 1450; x_wconf 93' lang='lat' dir='ltr'>eo</span> <span class='ocrx_word' id='word_1_453' title='bbox 1517 1420 1603 1459; x_wconf 88' lang='lat' dir='ltr'>quod</span> <span class='ocrx_word' id='word_1_454' title='bbox 1627 1422 1748 1460; x_wconf 83' lang='lat' dir='ltr'>passim</span> <span class='ocrx_word' id='word_1_455' title='bbox 1769 1422 1803 1451; x_wconf 89' lang='lat' dir='ltr'>in</span> 
     </span>
     <span class='ocr_line' id='line_1_87' title="bbox 1109 1464 1807 1495; baseline 0.001 -1"><span class='ocrx_word' id='word_1_456' title='bbox 1109 1464 1253 1494; x_wconf 86' lang='lat' dir='ltr'>comitiis</span> <span class='ocrx_word' id='word_1_457' title='bbox 1282 1464 1478 1494; x_wconf 87' lang='lat' dir='ltr'>centuriatis</span> <span class='ocrx_word' id='word_1_458' title='bbox 1507 1464 1634 1494; x_wconf 84' lang='lat' dir='ltr'>mentio</span> <span class='ocrx_word' id='word_1_459' title='bbox 1660 1465 1807 1495; x_wconf 85' lang='lat' dir='ltr'>occurrit</span> 
     </span>
     <span class='ocr_line' id='line_1_88' title="bbox 1109 1507 1806 1547; baseline 0.001 -10"><span class='ocrx_word' id='word_1_460' title='bbox 1109 1508 1286 1545; x_wconf 83' lang='lat' dir='ltr'>tribuum;</span> <span class='ocrx_word' id='word_1_461' title='bbox 1316 1511 1355 1537; x_wconf 83' lang='lat' dir='ltr'>ut</span> <span class='ocrx_word' id='word_1_462' title='bbox 1377 1507 1466 1547; x_wconf 88' lang='lat' dir='ltr'>apud</span> <span class='ocrx_word' id='word_1_463' title='bbox 1489 1512 1654 1546; x_wconf 88' lang='lat' dir='ltr'>nostrum,</span> <span class='ocrx_word' id='word_1_464' title='bbox 1671 1507 1692 1538; x_wconf 91' lang='lat' dir='ltr'>l.</span> <span class='ocrx_word' id='word_1_465' title='bbox 1714 1507 1754 1539; x_wconf 90' lang='lat' dir='ltr'>V.</span> <span class='ocrx_word' id='word_1_466' title='bbox 1776 1517 1806 1538; x_wconf 89' lang='lat' dir='ltr'>c.</span> 
     </span>
     <span class='ocr_line' id='line_1_89' title="bbox 1115 1550 1805 1591; baseline 0.003 -11"><span class='ocrx_word' id='word_1_467' title='bbox 1115 1553 1163 1582; x_wconf 85' lang='grc'>18.</span> <span class='ocrx_word' id='word_1_468' title='bbox 1195 1551 1283 1591; x_wconf 88' lang='lat' dir='ltr'>apud</span> <span class='ocrx_word' id='word_1_469' title='bbox 1315 1551 1383 1581; x_wconf 88' lang='lat' dir='ltr'>Cic.</span> <span class='ocrx_word' id='word_1_470' title='bbox 1415 1550 1476 1581; x_wconf 73' lang='lat'><em>11³.</em></span> <span class='ocrx_word' id='word_1_471' title='bbox 1514 1551 1665 1590; x_wconf 78' lang='lat' dir='ltr'>Agraria,</span> <span class='ocrx_word' id='word_1_472' title='bbox 1703 1561 1736 1582; x_wconf 91' lang='lat' dir='ltr'>n.</span> <span class='ocrx_word' id='word_1_473' title='bbox 1773 1553 1805 1582; x_wconf 79' lang='lat'>4.</span> 
     </span>
     <span class='ocr_line' id='line_1_90' title="bbox 1108 1594 1804 1635; baseline 0.001 -11"><span class='ocrx_word' id='word_1_474' title='bbox 1108 1598 1183 1625; x_wconf 85' lang='lat' dir='ltr'>tum</span> <span class='ocrx_word' id='word_1_475' title='bbox 1206 1605 1244 1624; x_wconf 82' lang='lat' dir='ltr'>ex</span> <span class='ocrx_word' id='word_1_476' title='bbox 1263 1604 1301 1624; x_wconf 90' lang='lat' dir='ltr'>eo</span> <span class='ocrx_word' id='word_1_477' title='bbox 1325 1594 1481 1633; x_wconf 83' lang='lat' dir='ltr'>denique,</span> <span class='ocrx_word' id='word_1_478' title='bbox 1497 1594 1586 1633; x_wconf 90' lang='lat' dir='ltr'>quod</span> <span class='ocrx_word' id='word_1_479' title='bbox 1606 1595 1722 1625; x_wconf 80' lang='lat' dir='ltr'>Cicero</span> <span class='ocrx_word' id='word_1_480' title='bbox 1745 1605 1804 1635; x_wconf 88' lang='lat' dir='ltr'>pro</span> 
     </span>
     <span class='ocr_line' id='line_1_91' title="bbox 1111 1637 1804 1678; baseline 0.001 -10"><span class='ocrx_word' id='word_1_481' title='bbox 1111 1637 1258 1674; x_wconf 74' lang='lat' dir='ltr'>Plancio,</span> <span class='ocrx_word' id='word_1_482' title='bbox 1275 1647 1308 1668; x_wconf 89' lang='lat' dir='ltr'>n.</span> <span class='ocrx_word' id='word_1_483' title='bbox 1325 1641 1377 1672; x_wconf 72' lang='lat'>49.</span> <span class='ocrx_word' id='word_1_484' title='bbox 1402 1637 1587 1668; x_wconf 86' lang='lat' dir='ltr'>centuriam</span> <span class='ocrx_word' id='word_1_485' title='bbox 1612 1641 1706 1668; x_wconf 83' lang='lat' dir='ltr'>vocet</span> <span class='ocrx_word' id='word_1_486' title='bbox 1729 1648 1804 1678; x_wconf 82' lang='lat' dir='ltr'>par-</span> 
     </span>
     <span class='ocr_line' id='line_1_92' title="bbox 1109 1680 1803 1712; baseline 0.001 -1"><span class='ocrx_word' id='word_1_487' title='bbox 1109 1686 1179 1712; x_wconf 90' lang='lat' dir='ltr'>tem</span> <span class='ocrx_word' id='word_1_488' title='bbox 1196 1681 1314 1711; x_wconf 85' lang='lat' dir='ltr'>tribus.</span> <span class='ocrx_word' id='word_1_489' title='bbox 1332 1684 1376 1712; x_wconf 77' lang='lat'>3⁰.</span> <span class='ocrx_word' id='word_1_490' title='bbox 1400 1680 1571 1711; x_wconf 87' lang='lat' dir='ltr'>Probabile</span> <span class='ocrx_word' id='word_1_491' title='bbox 1590 1681 1722 1712; x_wconf 83' lang='lat' dir='ltr'>videtur</span> <span class='ocrx_word' id='word_1_492' title='bbox 1738 1691 1803 1712; x_wconf 89' lang='lat' dir='ltr'>non</span> 
     </span>
     <span class='ocr_line' id='line_1_93' title="bbox 1111 1724 1805 1755; baseline 0 -1"><span class='ocrx_word' id='word_1_493' title='bbox 1111 1725 1159 1754; x_wconf 84' lang='lat' dir='ltr'>ita</span> <span class='ocrx_word' id='word_1_494' title='bbox 1181 1731 1319 1755; x_wconf 86' lang='lat' dir='ltr'>auctum</span> <span class='ocrx_word' id='word_1_495' title='bbox 1342 1734 1412 1754; x_wconf 85' lang='lat' dir='ltr'>esse</span> <span class='ocrx_word' id='word_1_496' title='bbox 1435 1724 1662 1754; x_wconf 86' lang='lat' dir='ltr'>centuriarum</span> <span class='ocrx_word' id='word_1_497' title='bbox 1687 1735 1805 1755; x_wconf 88' lang='lat' dir='ltr'>nume-</span> 
     </span>
     <span class='ocr_line' id='line_1_94' title="bbox 1112 1767 1804 1808; baseline 0 -10"><span class='ocrx_word' id='word_1_498' title='bbox 1112 1778 1200 1806; x_wconf 89' lang='lat' dir='ltr'>rum,</span> <span class='ocrx_word' id='word_1_499' title='bbox 1218 1773 1257 1798; x_wconf 92' lang='lat' dir='ltr'>ut</span> <span class='ocrx_word' id='word_1_500' title='bbox 1279 1767 1419 1807; x_wconf 69' lang='lat' dir='ltr'>singulae</span> <span class='ocrx_word' id='word_1_501' title='bbox 1435 1767 1554 1798; x_wconf 83' lang='lat' dir='ltr'>classes</span> <span class='ocrx_word' id='word_1_502' title='bbox 1570 1777 1630 1808; x_wconf 86' lang='lat' dir='ltr'>pro</span> <span class='ocrx_word' id='word_1_503' title='bbox 1653 1769 1804 1808; x_wconf 78' lang='lat' dir='ltr'>portione</span> 
     </span>
     <span class='ocr_line' id='line_1_95' title="bbox 1113 1811 1803 1842; baseline 0 0"><span class='ocrx_word' id='word_1_504' title='bbox 1113 1815 1320 1842; x_wconf 80' lang='lat' dir='ltr'>crescerent:</span> <span class='ocrx_word' id='word_1_505' title='bbox 1348 1812 1404 1841; x_wconf 86' lang='lat' dir='ltr'>sed</span> <span class='ocrx_word' id='word_1_506' title='bbox 1428 1811 1694 1842; x_wconf 87' lang='lat' dir='ltr'>additamentum</span> <span class='ocrx_word' id='word_1_507' title='bbox 1720 1811 1803 1842; x_wconf 86' lang='lat' dir='ltr'>illud</span> 
     </span>
     <span class='ocr_line' id='line_1_96' title="bbox 1111 1854 1804 1894; baseline 0.001 -9"><span class='ocrx_word' id='word_1_508' title='bbox 1111 1856 1158 1885; x_wconf 81' lang='lat' dir='ltr'>ita</span> <span class='ocrx_word' id='word_1_509' title='bbox 1188 1855 1328 1885; x_wconf 86' lang='lat' dir='ltr'>divisum</span> <span class='ocrx_word' id='word_1_510' title='bbox 1353 1854 1468 1892; x_wconf 72' lang='lat' dir='ltr'>fuisse,</span> <span class='ocrx_word' id='word_1_511' title='bbox 1494 1860 1532 1884; x_wconf 88' lang='lat' dir='ltr'>ut</span> <span class='ocrx_word' id='word_1_512' title='bbox 1557 1856 1664 1894; x_wconf 83' lang='lat' dir='ltr'>prima</span> <span class='ocrx_word' id='word_1_513' title='bbox 1691 1855 1804 1886; x_wconf 85' lang='lat' dir='ltr'>classis</span> 
     </span>
     <span class='ocr_line' id='line_1_97' title="bbox 1109 1897 1805 1938; baseline 0 -9"><span class='ocrx_word' id='word_1_514' title='bbox 1109 1898 1342 1938; x_wconf 83' lang='lat' dir='ltr'>suffragiorum</span> <span class='ocrx_word' id='word_1_515' title='bbox 1358 1908 1498 1929; x_wconf 88' lang='lat' dir='ltr'>numero</span> <span class='ocrx_word' id='word_1_516' title='bbox 1517 1897 1658 1937; x_wconf 81' lang='lat' dir='ltr'>reliquas</span> <span class='ocrx_word' id='word_1_517' title='bbox 1673 1899 1805 1930; x_wconf 88' lang='lat' dir='ltr'>univcr-</span> 
     </span>
     <span class='ocr_line' id='line_1_98' title="bbox 1110 1941 1805 1972; baseline -0.001 0"><span class='ocrx_word' id='word_1_518' title='bbox 1110 1952 1161 1972; x_wconf 84' lang='lat' dir='ltr'>sas</span> <span class='ocrx_word' id='word_1_519' title='bbox 1178 1943 1309 1972; x_wconf 80' lang='lat' dir='ltr'>vincere</span> <span class='ocrx_word' id='word_1_520' title='bbox 1328 1941 1503 1972; x_wconf 85' lang='lat' dir='ltr'>desineret.</span> <span class='ocrx_word' id='word_1_521' title='bbox 1550 1941 1588 1972; x_wconf 88' lang='lat' dir='ltr'>Id</span> <span class='ocrx_word' id='word_1_522' title='bbox 1603 1941 1741 1972; x_wconf 72' lang='lat' dir='ltr'>suadere</span> <span class='ocrx_word' id='word_1_523' title='bbox 1758 1942 1805 1972; x_wconf 89' lang='lat' dir='ltr'>vi-</span> 
     </span>
     <span class='ocr_line' id='line_1_99' title="bbox 1111 1985 1804 2025; baseline 0 -9"><span class='ocrx_word' id='word_1_524' title='bbox 1111 1986 1210 2016; x_wconf 87' lang='lat' dir='ltr'>detur</span> <span class='ocrx_word' id='word_1_525' title='bbox 1240 1986 1330 2016; x_wconf 88' lang='lat' dir='ltr'>locus</span> <span class='ocrx_word' id='word_1_526' title='bbox 1360 1985 1498 2025; x_wconf 84' lang='lat' dir='ltr'>insignis</span> <span class='ocrx_word' id='word_1_527' title='bbox 1525 1995 1543 2016; x_wconf 91' lang='lat' dir='ltr'>e</span> <span class='ocrx_word' id='word_1_528' title='bbox 1573 1985 1655 2016; x_wconf 84' lang='lat' dir='ltr'>Phil.</span> <span class='ocrx_word' id='word_1_529' title='bbox 1679 1986 1745 2016; x_wconf 72' lang='lat'>11⁸.</span> <span class='ocrx_word' id='word_1_530' title='bbox 1769 1995 1804 2016; x_wconf 89' lang='lat' dir='ltr'>n.</span> 
     </span>
     <span class='ocr_line' id='line_1_100' title="bbox 1112 2028 1803 2068; baseline 0.001 -9"><span class='ocrx_word' id='word_1_531' title='bbox 1112 2031 1164 2060; x_wconf 70' lang='lat'>82.</span> <span class='ocrx_word' id='word_1_532' title='bbox 1192 2029 1225 2059; x_wconf 92' lang='lat' dir='ltr'>in</span> <span class='ocrx_word' id='word_1_533' title='bbox 1252 2039 1317 2068; x_wconf 90' lang='lat' dir='ltr'>quo</span> <span class='ocrx_word' id='word_1_534' title='bbox 1341 2028 1456 2059; x_wconf 91' lang='lat' dir='ltr'>Cicero</span> <span class='ocrx_word' id='word_1_535' title='bbox 1481 2032 1594 2060; x_wconf 86' lang='lat' dir='ltr'>narrat</span> <span class='ocrx_word' id='word_1_536' title='bbox 1619 2028 1803 2060; x_wconf 71' lang='lat' dir='ltr'>Dolabellae</span> 
     </span>
     <span class='ocr_line' id='line_1_101' title="bbox 1111 2072 1805 2112; baseline 0 -10"><span class='ocrx_word' id='word_1_537' title='bbox 1111 2073 1254 2103; x_wconf 84' lang='lat' dir='ltr'>comitiis</span> <span class='ocrx_word' id='word_1_538' title='bbox 1283 2082 1349 2103; x_wconf 91' lang='lat' dir='ltr'>non</span> <span class='ocrx_word' id='word_1_539' title='bbox 1379 2073 1519 2112; x_wconf 84' lang='lat' dir='ltr'>primam</span> <span class='ocrx_word' id='word_1_540' title='bbox 1550 2072 1661 2109; x_wconf 88' lang='lat' dir='ltr'>modo,</span> <span class='ocrx_word' id='word_1_541' title='bbox 1687 2072 1743 2102; x_wconf 91' lang='lat' dir='ltr'>sed</span> <span class='ocrx_word' id='word_1_542' title='bbox 1770 2076 1805 2103; x_wconf 88' lang='lat' dir='ltr'>et.</span> 
     </span>
     <span class='ocr_line' id='line_1_102' title="bbox 1112 2115 1804 2154; baseline 0 -8"><span class='ocrx_word' id='word_1_543' title='bbox 1112 2116 1292 2146; x_wconf 87' lang='lat' dir='ltr'>secundam</span> <span class='ocrx_word' id='word_1_544' title='bbox 1317 2115 1455 2146; x_wconf 76' lang='lat' dir='ltr'>classem</span> <span class='ocrx_word' id='word_1_545' title='bbox 1473 2116 1512 2146; x_wconf 84' lang='lat' dir='ltr'>ad</span> <span class='ocrx_word' id='word_1_546' title='bbox 1531 2116 1687 2154; x_wconf 75' lang='lat' dir='ltr'>suffragia</span> <span class='ocrx_word' id='word_1_547' title='bbox 1709 2125 1804 2146; x_wconf 87' lang='lat' dir='ltr'>voca-</span> 
     </span>
     <span class='ocr_line' id='line_1_103' title="bbox 1111 2159 1813 2190; baseline 0.001 -1"><span class='ocrx_word' id='word_1_548' title='bbox 1111 2164 1182 2190; x_wconf 87' lang='lat' dir='ltr'>tam</span> <span class='ocrx_word' id='word_1_549' title='bbox 1205 2159 1317 2189; x_wconf 80' lang='lat' dir='ltr'>fuisse.</span> <span class='ocrx_word' id='word_1_550' title='bbox 1362 2160 1550 2190; x_wconf 80' lang='lat' dir='ltr'>Admodum</span> <span class='ocrx_word' id='word_1_551' title='bbox 1577 2160 1667 2189; x_wconf 91' lang='lat' dir='ltr'>enim</span> <span class='ocrx_word' id='word_1_552' title='bbox 1693 2160 1813 2190; x_wconf 56' lang='lat' dir='ltr'>verisi-&#39;</span> 
     </span>
     <span class='ocr_line' id='line_1_104' title="bbox 1112 2202 1803 2233; baseline 0.001 -1"><span class='ocrx_word' id='word_1_553' title='bbox 1112 2202 1191 2233; x_wconf 89' lang='lat' dir='ltr'>mile</span> <span class='ocrx_word' id='word_1_554' title='bbox 1215 2209 1265 2233; x_wconf 83' lang='lat' dir='ltr'>est</span> <span class='ocrx_word' id='word_1_555' title='bbox 1280 2203 1330 2233; x_wconf 87' lang='lat' dir='ltr'>his</span> <span class='ocrx_word' id='word_1_556' title='bbox 1347 2204 1490 2233; x_wconf 85' lang='lat' dir='ltr'>comitiis</span> <span class='ocrx_word' id='word_1_557' title='bbox 1511 2202 1638 2233; x_wconf 82' lang='lat' dir='ltr'>nullam</span> <span class='ocrx_word' id='word_1_558' title='bbox 1662 2204 1803 2233; x_wconf 84' lang='lat' dir='ltr'>varieta-</span> 
     </span>
     <span class='ocr_line' id='line_1_105' title="bbox 1113 2245 1804 2287; baseline -0.001 -11"><span class='ocrx_word' id='word_1_559' title='bbox 1113 2252 1181 2276; x_wconf 71' lang='lat' dir='ltr'>tem</span> <span class='ocrx_word' id='word_1_560' title='bbox 1200 2246 1233 2276; x_wconf 89' lang='lat' dir='ltr'>in</span> <span class='ocrx_word' id='word_1_561' title='bbox 1248 2246 1412 2285; x_wconf 78' lang='lat' dir='ltr'>suffragiis</span> <span class='ocrx_word' id='word_1_562' title='bbox 1426 2247 1543 2287; x_wconf 86' lang='lat' dir='ltr'>primae</span> <span class='ocrx_word' id='word_1_563' title='bbox 1562 2247 1675 2276; x_wconf 81' lang='lat' dir='ltr'>classis</span> <span class='ocrx_word' id='word_1_564' title='bbox 1690 2245 1804 2283; x_wconf 81' lang='lat' dir='ltr'>fnisse,</span> 
     </span>
     <span class='ocr_line' id='line_1_106' title="bbox 1113 2289 1804 2328; baseline 0 -9"><span class='ocrx_word' id='word_1_565' title='bbox 1113 2299 1218 2328; x_wconf 85' lang='lat' dir='ltr'>quum</span> <span class='ocrx_word' id='word_1_566' title='bbox 1257 2290 1404 2320; x_wconf 76' lang='lat' dir='ltr'>dictator</span> <span class='ocrx_word' id='word_1_567' title='bbox 1449 2289 1558 2320; x_wconf 88' lang='lat' dir='ltr'>Caesar</span> <span class='ocrx_word' id='word_1_568' title='bbox 1596 2289 1804 2320; x_wconf 82' lang='lat' dir='ltr'>Dolabellam</span> 
     </span>
     <span class='ocr_line' id='line_1_107' title="bbox 1113 2333 1804 2373; baseline -0.001 -11"><span class='ocrx_word' id='word_1_569' title='bbox 1113 2333 1284 2363; x_wconf 84' lang='lat' dir='ltr'>consulein</span> <span class='ocrx_word' id='word_1_570' title='bbox 1302 2343 1371 2363; x_wconf 72' lang='lat' dir='ltr'>esse</span> <span class='ocrx_word' id='word_1_571' title='bbox 1391 2334 1535 2373; x_wconf 86' lang='lat' dir='ltr'>juberet,</span> <span class='ocrx_word' id='word_1_572' title='bbox 1551 2336 1590 2363; x_wconf 86' lang='lat' dir='ltr'>ut</span> <span class='ocrx_word' id='word_1_573' title='bbox 1607 2333 1723 2362; x_wconf 89' lang='lat' dir='ltr'>Cicero</span> <span class='ocrx_word' id='word_1_574' title='bbox 1739 2339 1804 2363; x_wconf 80' lang='lat' dir='ltr'>tes-</span> 
     </span>
     <span class='ocr_line' id='line_1_108' title="bbox 1113 2375 1805 2416; baseline -0.001 -10"><span class='ocrx_word' id='word_1_575' title='bbox 1113 2381 1206 2406; x_wconf 77' lang='lat' dir='ltr'>tatur</span> <span class='ocrx_word' id='word_1_576' title='bbox 1222 2377 1370 2416; x_wconf 83' lang='lat' dir='ltr'>ejusdem</span> <span class='ocrx_word' id='word_1_577' title='bbox 1387 2377 1544 2407; x_wconf 87' lang='lat' dir='ltr'>orationis</span> <span class='ocrx_word' id='word_1_578' title='bbox 1563 2385 1595 2405; x_wconf 93' lang='lat' dir='ltr'>n.</span> <span class='ocrx_word' id='word_1_579' title='bbox 1610 2379 1661 2406; x_wconf 80' lang='lat'>80.</span> <span class='ocrx_word' id='word_1_580' title='bbox 1678 2375 1711 2405; x_wconf 72' lang='lat' dir='ltr'>Si</span> <span class='ocrx_word' id='word_1_581' title='bbox 1727 2385 1805 2415; x_wconf 81' lang='lat' dir='ltr'>ergo</span> 
     </span>
     <span class='ocr_line' id='line_1_109' title="bbox 1114 2418 1803 2460; baseline 0.001 -11"><span class='ocrx_word' id='word_1_582' title='bbox 1114 2420 1164 2450; x_wconf 89' lang='lat' dir='ltr'>his</span> <span class='ocrx_word' id='word_1_583' title='bbox 1191 2421 1394 2459; x_wconf 81' lang='lat' dir='ltr'>temporibus</span> <span class='ocrx_word' id='word_1_584' title='bbox 1422 2420 1529 2460; x_wconf 86' lang='lat' dir='ltr'>prima</span> <span class='ocrx_word' id='word_1_585' title='bbox 1553 2419 1665 2449; x_wconf 78' lang='lat' dir='ltr'>classis</span> <span class='ocrx_word' id='word_1_586' title='bbox 1692 2418 1803 2459; x_wconf 87' lang='lat' dir='ltr'>plures</span> 
     </span>
     <span class='ocr_line' id='line_1_110' title="bbox 1115 2463 1804 2501; baseline 0 -8"><span class='ocrx_word' id='word_1_587' title='bbox 1115 2465 1282 2493; x_wconf 75' lang='lat' dir='ltr'>centurias</span> <span class='ocrx_word' id='word_1_588' title='bbox 1299 2465 1482 2494; x_wconf 82' lang='lat' dir='ltr'>etiamnum</span> <span class='ocrx_word' id='word_1_589' title='bbox 1504 2463 1686 2499; x_wconf 74' lang='lat' dir='ltr'>habuisset,</span> <span class='ocrx_word' id='word_1_590' title='bbox 1704 2472 1804 2501; x_wconf 86' lang='lat' dir='ltr'>quam</span> 
     </span>
     <span class='ocr_line' id='line_1_111' title="bbox 1114 2505 1807 2546; baseline 0.001 -11"><span class='ocrx_word' id='word_1_591' title='bbox 1114 2514 1232 2537; x_wconf 69' lang='lat' dir='ltr'>ceterae</span> <span class='ocrx_word' id='word_1_592' title='bbox 1249 2513 1393 2546; x_wconf 87' lang='lat' dir='ltr'>quatuor</span> <span class='ocrx_word' id='word_1_593' title='bbox 1403 2507 1577 2543; x_wconf 59' lang='lat' dir='ltr'>universae,</span> <span class='ocrx_word' id='word_1_594' title='bbox 1591 2505 1673 2536; x_wconf 86' lang='lat' dir='ltr'>nihil</span> <span class='ocrx_word' id='word_1_595' title='bbox 1689 2505 1807 2536; x_wconf 80' lang='lat' dir='ltr'>fuisset</span> 
     </span>
     <span class='ocr_line' id='line_1_112' title="bbox 1113 2549 1806 2590; baseline -0.001 -10"><span class='ocrx_word' id='word_1_596' title='bbox 1113 2560 1209 2590; x_wconf 81' lang='lat' dir='ltr'>opus,</span> <span class='ocrx_word' id='word_1_597' title='bbox 1228 2557 1266 2580; x_wconf 92' lang='lat' dir='ltr'>ut</span> <span class='ocrx_word' id='word_1_598' title='bbox 1289 2550 1433 2580; x_wconf 83' lang='lat' dir='ltr'>secunda</span> <span class='ocrx_word' id='word_1_599' title='bbox 1456 2549 1566 2579; x_wconf 79' lang='lat' dir='ltr'>classis</span> <span class='ocrx_word' id='word_1_600' title='bbox 1591 2552 1624 2579; x_wconf 87' lang='lat' dir='ltr'>in</span> <span class='ocrx_word' id='word_1_601' title='bbox 1649 2549 1806 2588; x_wconf 79' lang='lat' dir='ltr'>suffragia</span> 
     </span>
     <span class='ocr_line' id='line_1_113' title="bbox 1114 2593 1805 2632; baseline -0.003 -8"><span class='ocrx_word' id='word_1_602' title='bbox 1114 2595 1315 2624; x_wconf 83' lang='lat' dir='ltr'>mitteretur.</span> <span class='ocrx_word' id='word_1_603' title='bbox 1331 2597 1375 2623; x_wconf 66' lang='lat'>4⁰.</span> <span class='ocrx_word' id='word_1_604' title='bbox 1400 2593 1450 2623; x_wconf 88' lang='lat' dir='ltr'>De</span> <span class='ocrx_word' id='word_1_605' title='bbox 1467 2601 1629 2632; x_wconf 79' lang='lat' dir='ltr'>tempore,</span> <span class='ocrx_word' id='word_1_606' title='bbox 1646 2603 1711 2632; x_wconf 88' lang='lat' dir='ltr'>quo</span> <span class='ocrx_word' id='word_1_607' title='bbox 1728 2602 1805 2622; x_wconf 86' lang='lat' dir='ltr'>cen-</span> 
     </span>
     <span class='ocr_line' id='line_1_114' title="bbox 1117 2635 1806 2668; baseline -0.001 -1"><span class='ocrx_word' id='word_1_608' title='bbox 1117 2638 1213 2668; x_wconf 76' lang='lat' dir='ltr'>turiae</span> <span class='ocrx_word' id='word_1_609' title='bbox 1240 2637 1279 2666; x_wconf 87' lang='lat' dir='ltr'>ad</span> <span class='ocrx_word' id='word_1_610' title='bbox 1297 2637 1444 2666; x_wconf 88' lang='lat' dir='ltr'>tribuum</span> <span class='ocrx_word' id='word_1_611' title='bbox 1462 2636 1655 2666; x_wconf 83' lang='lat' dir='ltr'>divisionem</span> <span class='ocrx_word' id='word_1_612' title='bbox 1672 2635 1806 2667; x_wconf 81' lang='lat' dir='ltr'>traduc·</span> 
     </span>
     <span class='ocr_line' id='line_1_115' title="bbox 1115 2679 1805 2720; baseline -0.003 -9"><span class='ocrx_word' id='word_1_613' title='bbox 1115 2685 1160 2711; x_wconf 80' lang='lat' dir='ltr'>tae</span> <span class='ocrx_word' id='word_1_614' title='bbox 1189 2680 1295 2715; x_wconf 70' lang='lat' dir='ltr'>suere,</span> <span class='ocrx_word' id='word_1_615' title='bbox 1324 2679 1407 2709; x_wconf 88' lang='lat' dir='ltr'>nihil</span> <span class='ocrx_word' id='word_1_616' title='bbox 1437 2679 1519 2709; x_wconf 83' lang='lat' dir='ltr'>certi</span> <span class='ocrx_word' id='word_1_617' title='bbox 1547 2680 1661 2709; x_wconf 78' lang='lat' dir='ltr'>afferre</span> <span class='ocrx_word' id='word_1_618' title='bbox 1691 2689 1805 2720; x_wconf 84' lang='lat' dir='ltr'>possu-</span> 
     </span>
     <span class='ocr_line' id='line_1_116' title="bbox 1116 2722 1808 2761; baseline -0.001 -7"><span class='ocrx_word' id='word_1_619' title='bbox 1116 2733 1208 2754; x_wconf 76' lang='lat' dir='ltr'>mus:</span> <span class='ocrx_word' id='word_1_620' title='bbox 1244 2723 1306 2752; x_wconf 89' lang='lat' dir='ltr'>nisi</span> <span class='ocrx_word' id='word_1_621' title='bbox 1330 2722 1417 2761; x_wconf 87' lang='lat' dir='ltr'>quod</span> <span class='ocrx_word' id='word_1_622' title='bbox 1444 2722 1515 2753; x_wconf 83' lang='lat' dir='ltr'>haec</span> <span class='ocrx_word' id='word_1_623' title='bbox 1544 2723 1686 2753; x_wconf 82' lang='lat' dir='ltr'>mutatio</span> <span class='ocrx_word' id='word_1_624' title='bbox 1716 2722 1808 2754; x_wconf 75' lang='lat' dir='ltr'>sacta</span> 
     </span>
     <span class='ocr_line' id='line_1_117' title="bbox 1115 2767 1804 2797; baseline 0 -1"><span class='ocrx_word' id='word_1_625' title='bbox 1115 2767 1246 2796; x_wconf 87' lang='lat' dir='ltr'>videtur</span> <span class='ocrx_word' id='word_1_626' title='bbox 1268 2775 1337 2795; x_wconf 73' lang='lat' dir='ltr'>esse</span> <span class='ocrx_word' id='word_1_627' title='bbox 1364 2773 1440 2795; x_wconf 84' lang='lat' dir='ltr'>ante</span> <span class='ocrx_word' id='word_1_628' title='bbox 1468 2775 1595 2796; x_wconf 87' lang='lat' dir='ltr'>annum</span> <span class='ocrx_word' id='word_1_629' title='bbox 1619 2777 1651 2795; x_wconf 93' lang='lat' dir='ltr'>u.</span> <span class='ocrx_word' id='word_1_630' title='bbox 1677 2776 1705 2796; x_wconf 86' lang='lat' dir='ltr'>c.</span> <span class='ocrx_word' id='word_1_631' title='bbox 1728 2768 1804 2797; x_wconf 59' lang='lat'><strong>35¹3.</strong></span> 
     </span>
     <span class='ocr_line' id='line_1_118' title="bbox 1114 2808 1804 2850; baseline 0 -11"><span class='ocrx_word' id='word_1_632' title='bbox 1114 2820 1180 2850; x_wconf 86' lang='lat' dir='ltr'>quo</span> <span class='ocrx_word' id='word_1_633' title='bbox 1217 2808 1324 2839; x_wconf 80' lang='lat' dir='ltr'>Livius</span> <span class='ocrx_word' id='word_1_634' title='bbox 1363 2810 1396 2839; x_wconf 90' lang='lat' dir='ltr'>in</span> <span class='ocrx_word' id='word_1_635' title='bbox 1427 2810 1570 2839; x_wconf 78' lang='lat' dir='ltr'>comitiis</span> <span class='ocrx_word' id='word_1_636' title='bbox 1608 2809 1804 2839; x_wconf 69' lang='lat' dir='ltr'>centuriatis</span> 
     </span>
    </p>
   </div>
   <div class='ocr_carea' id='block_1_6' title="bbox 378 2853 1805 2894">
    <p class='ocr_par' dir='ltr' id='par_1_8' title="bbox 378 2853 1805 2894">
     <span class='ocr_line' id='line_1_119' title="bbox 378 2853 1805 2894; baseline -0.001 -10"><span class='ocrx_word' id='word_1_637' title='bbox 378 2862 415 2884; x_wconf 84' lang='lat' dir='ltr'>nt</span> <span class='ocrx_word' id='word_1_638' title='bbox 441 2854 540 2894; x_wconf 74' lang='lat' dir='ltr'>plana</span> <span class='ocrx_word' id='word_1_639' title='bbox 561 2855 675 2885; x_wconf 83' lang='lat' dir='ltr'>onmia</span> <span class='ocrx_word' id='word_1_640' title='bbox 697 2860 731 2885; x_wconf 82' lang='lat' dir='ltr'>ct</span> <span class='ocrx_word' id='word_1_641' title='bbox 758 2860 873 2893; x_wconf 76' lang='lat' dir='ltr'>aperta</span> <span class='ocrx_word' id='word_1_642' title='bbox 897 2854 1068 2885; x_wconf 76' lang='lat' dir='ltr'>faciamus.</span> <span class='ocrx_word' id='word_1_643' title='bbox 1105 2853 1393 2893; x_wconf 77' lang='lat' dir='ltr'>jure-vocatarum</span> <span class='ocrx_word' id='word_1_644' title='bbox 1417 2853 1567 2884; x_wconf 79' lang='lat' dir='ltr'>tribuum</span> <span class='ocrx_word' id='word_1_645' title='bbox 1597 2853 1805 2886; x_wconf 77' lang='lat' dir='ltr'>mentionem</span> 
     </span>
    </p>
   </div>
  </div>
 </body>
</html>
