1914 3239
560 93 684 135 LIB.
711 93 743 134 1.
771 93 902 133 CAP.
929 91 1041 132 XIX.
1168 110 1172 113 ·
1497 98 1550 139 27

105 195 148 238 in
173 194 372 245 Sabinos,
391 201 465 235 aut
485 199 572 250 quo
592 194 756 249 linguae
778 193 1054 244 commercio,
1073 206 1333 248 quemquam
1356 193 1408 235 ad
1431 196 1554 249 cupi-

103 253 281 292 ditatem
313 251 505 292 discendi
535 251 795 292 excivisset?
838 264 979 304 quove
1010 250 1210 314 praesidio
1241 264 1352 290 unus
1384 264 1458 304 per
1489 261 1553 293 tot

105 317 270 371 gentes,
289 308 433 349 disson
438 323 481 348 15
503 321 698 348 sermone
715 307 1007 361 moribusque,
1025 306 1314 361 pervenisset?
1338 312 1370 333 20
1389 308 1553 362 Suopte

104 364 236 420 igitur
259 365 434 420 ingenio
465 373 747 418 temperatum
769 364 961 403 animum
984 364 1211 404 xirtutibus
1243 363 1375 403 fuisse
1397 364 1552 418 opinor

103 422 268 476 magis3
307 423 647 475 instructumque
685 434 772 461 non
815 429 902 459 tam
939 420 1172 475 peregrinis
1209 420 1388 471 artibus,
1421 435 1553 474 quam

105 477 334 532 disciplina
364 477 514 517 tetrica
536 491 585 516 ac
609 477 714 517 tristi
737 477 928 516 'veterum
961 476 1236 516 Sabinorum.
1287 491 1374 531 quo
1397 490 1555 532 genere

104 534 268 575 nullum
292 534 509 588 quondam
535 533 820 588 incorruptius
839 532 941 572 fuit.
993 534 1155 573 Audito
1178 533 1354 576 nomine
1378 533 1553 582 Numae,

106 590 254 632 Patres
281 590 481 639 Romani,
507 603 768 644 quamquam
799 589 996 629 inclinari
1028 603 1130 643 opes
1154 590 1207 629 ad
1232 589 1431 640 Sabinos,
1452 604 1553 645 rege

104 647 203 688 inde
240 655 397 696 sumto,
435 646 703 696 videbantur,
737 656 897 695 tamen,
935 659 1075 700 neque
1113 659 1157 687 se
1196 647 1437 701 quisquam,
1473 661 1554 687 nec

105 703 304 744 factionis
327 717 415 744 suae
437 703 585 753 alium,
608 717 688 743 nee
710 703 894 756 denique
919 702 1096 743 Patrum
1121 711 1196 742 aut
1219 703 1380 744 civium
1403 717 1555 757 quem-

103 774 230 814 quam
254 759 452 814 pra-ferre
482 759 543 799 illi
574 760 664 800 xiro
687 761 792 809 ausi,
814 760 866 799 ad
899 774 1031 800 unum
1055 773 1205 800 omnes
1228 760 1387 803 Numae
1421 760 1553 800 Pom-

102 816 208 870 pilio
233 830 411 871 regnum
435 815 711 857 deferendum
736 816 986 856 decernunt.
1027 814 1227 866 Adcitus,
1250 816 1363 857 sicut
1385 816 1608 857 Romu-U.
1625 824 1660 854 c
1676 829 1729 856 39.

104 873 169 913 lus
209 882 419 928 augurato
462 873 567 912 urbe
603 873 830 914 condenda
866 886 1047 927 regnum
1083 873 1262 927 adeptus
1304 883 1384 924 est,
1414 873 1467 914 de
1507 867 1604 939 se}
1619 867 1656 897 C·
1672 872 1747 898 ⁷¹3·

101 944 274 984 quoque
308 929 424 970 Deos
456 929 622 970 consuli
645 930 791 985 jussit.
853 905 951 969 indoe
981 931 1037 970 ab
1068 944 1229 984 augure
1260 930 1350 981 (cui
1381 930 1550 981 demde,
1563 911 1771 984 Nnxfiazeurato

103 985 277 1026 honoris
302 1001 419 1050 ergo,
443 986 667 1041 publicum
691 987 733 1027 id
763 996 1106 1040 perpetuumque
1133 986 1420 1026 sacerdotium
1451 986 1553 1037 fuit)

100 1043 310 1083 deductus
344 1044 387 1083 in
410 1057 566 1094 arcem,
589 1044 633 1083 in
665 1043 807 1097 lapide
838 1043 890 1083 ad
914 1043 1135 1083 meridiem
1168 1057 1310 1084 versus
1342 1043 1552 1084 consedit.

101 1098 255 1154 Augur
284 1100 338 1140 ad
369 1099 523 1141 laevam
555 1100 664 1155 ejus,
693 1101 833 1154 capite
874 1099 1031 1151 velato,
1064 1099 1207 1140 sedem
1243 1100 1372 1154 cepit,
1404 1100 1556 1140 dextra

103 1170 234 1196 manu
274 1157 476 1197 baculum
512 1158 603 1198 sine
638 1157 754 1197 nodo
789 1157 1007 1197 aduncum
1041 1165 1205 1206 tenens,
1235 1171 1362 1212 quem
1399 1155 1554 1198 lituum

102 1212 440 1267 adpellaveruntl
501 1214 600 1254 inde
643 1214 732 1264 ubi,
771 1222 1000 1268 prospectu
1039 1213 1083 1253 in
1126 1214 1276 1254 urbem
1316 1228 1555 1269 agrumque

103 1277 246 1324 capto,
268 1269 385 1311 Deos
407 1280 620 1325 precatus,
642 1273 671 1293 ‘²¹
688 1272 886 1326 regiones
908 1271 961 1310 ab
994 1270 1156 1310 oriente
1180 1271 1233 1310 ad
1257 1284 1458 1310 occasum
1482 1271 1555 1310 de-

103 1327 371 1378 terminavit3
403 1332 435 1351 “³2
453 1327 623 1368 dextras
646 1327 699 1367 ad
732 1327 952 1367 meridiem
975 1336 1131 1381 partes,
1153 1326 1283 1367 laevas
1309 1327 1361 1367 ad
1385 1336 1556 1380 septen-

102 1383 284 1424 trionem
317 1398 407 1424 esse
428 1383 552 1425 dixit.
600 1387 631 1407 2³
653 1384 838 1439 Signum
870 1393 1033 1433 contra,
1056 1397 1142 1438 quo
1173 1383 1426 1438 longissime
1451 1398 1556 1423 con-

105 1448 300 1494 spectum
332 1440 445 1481 oculi
480 1439 690 1490 ferebant,
719 1441 865 1481 animo
898 1440 1055 1480 finivit.
1115 1440 1243 1490 Tum,
1265 1440 1372 1481 lituo
1405 1440 1448 1479 in
1480 1440 1555 1480 lae-

105 1511 204 1537 vam
237 1511 412 1538 manum
444 1497 661 1547 translato,
683 1497 880 1538 ⁰⁴dextra
908 1497 953 1537 in
985 1504 1140 1550 caputy
1171 1497 1329 1537 Numae
1355 1497 1555 1550 inposita,

102 1562 299 1607 precatus
335 1564 399 1594 est
433 1553 516 1594 ita:
578 1553 616 1594 J
618 1554 749 1607 upztet
785 1560 922 1608 pater,
955 1553 988 1594 si
1024 1559 1080 1593 est
1102 1553 1199 1609 fils,
1232 1553 1336 1594 hunc
1374 1553 1556 1593 §umam

104 1609 328 1664 Pompzlm
319 1625 372 1661 12,
400 1610 517 1665 czjus*
548 1624 618 1664 ego
653 1617 775 1664 caput
808 1617 933 1661 teneo,
961 1624 1089 1665 regem
1122 1608 1265 1650 Romae
1298 1624 1387 1660 esse,
1416 1609 1478 1649 uti
1510 1616 1556 1650 ttc

101 1680 220 1714 swna
250 1666 361 1707 uobis
390 1674 497 1707 certa
523 1666 763 1707 adclarassis
790 1667 896 1707 inter
925 1681 988 1707 eos
999 1645 1140 1721 01‘1'.,nec
1162 1681 1259 1721 quos
1274 1665 1382 1722 feci.
1441 1665 1555 1706 Tum

101 1725 315 1779 2⁵pe1·egit
346 1724 487 1766 verbis
521 1724 728 1778 auspicia,
750 1738 848 1778 quae
882 1723 997 1763 mitti
1027 1722 1169 1763 vellet.
1219 1724 1376 1779 quibus
1398 1723 1554 1773 missis,

103 1757 339 1820 declaratus
361 1794 435 1821 lex
460 1780 607 1821 Numa
627 1780 681 1821 de
703 1780 865 1834 templo
883 1780 1120 1821 descendit.

161 1835 302 1877 XIX.
348 1837 450 1887 Qui,
481 1851 615 1892 regno
646 1837 705 1877 ita
734 1838 913 1890 potitus,
945 1836 1094 1876 urbem
1127 1849 1300 1886 novam,
1332 1835 1550 1876 conditam
1565 1834 1676 1864 Numae

102 1891 143 1933 vi
165 1901 208 1933 et
228 1893 354 1934 armis
359 1894 482 1948 ,jule
507 1908 599 1934 eam
624 1893 878 1948 legibusque
900 1907 950 1933 ac
973 1893 1163 1934 mmibus
1187 1892 1240 1932 de
1258 1893 1426 1947 integro
1448 1907 1553 1933 cou-
1565 1879 1722 1912 1nt1tuta.

103 1949 201 1990 dele
223 1959 355 2004 parat.
407 1951 561 2005 quibus
585 1964 719 2005 quum
740 1950 849 1990 inter
872 1949 983 1990 bella
1004 1950 1256 1990 adsuescere
1275 1949 1438 1989 fideret
1466 1964 1556 1991 non

104 2020 242 2066 posse,
265 2007 426 2063 quippe
458 2007 701 2048 ⁰⁶efferatos
724 2006 891 2057 militia,
913 2007 1104 2048 animos:
1138 2006 1425 2061 mitigandum
1444 2004 1557 2047 fero·

703 2092 838 2130 ycapite
853 2091 898 2121 Gi·
901 2099 953 2121 on.

147 2160 216 2191 90*
227 2159 365 2199 Saepta.
385 2182 392 2189 .
409 2159 550 2199 ingenio]
574 2160 634 2191 Per
646 2161 805 2200 semetip-
850 2164 982 2195 rentur,
1012 2160 1061 2189 ita
1092 2163 1133 2189 ut
1172 2160 1263 2189 intra
1300 2158 1384 2189 illud
1422 2159 1559 2198 signum

103 2213 192 2241 sum,
209 2213 276 2233 11011
294 2203 402 2233 aliena
425 2204 587 2233 doctrina.
614 2205 806 2242 Jngem'um
850 2208 1002 2243 captaret
1018 2204 1178 2242 auspicia,
1193 2213 1253 2232 nec
1270 2202 1375 2232 ullam
1391 2203 1558 2232 rationem

102 2250 151 2276 est
168 2247 201 2277 id
217 2246 304 2285 quod
327 2247 514 2285 ingenitum
539 2250 601 2283 est,
617 2248 665 2276 vis
682 2248 804 2285 insita;
850 2246 990 2276 haberet
1005 2256 1121 2276 eorum
1139 2256 1213 2285 quae
1226 2245 1316 2276 ultra
1331 2251 1468 2285 possent
1480 2255 1558 2276 eon-

103 2295 138 2320 et
154 2290 336 2329 opponitur
354 2290 526 2327 doctrinae,
545 2290 619 2319 arti.

149 2335 185 2364 ΞΗ
199 2333 218 2350 ³¹
229 2332 399 2372 Regiones]
421 2331 503 2362 Coeli
520 2334 670 2371 regiones
688 2334 729 2363 ab
744 2334 807 2363 ori-

104 2381 181 2406 ente
207 2376 249 2406 ad
269 2386 425 2406 occasum
450 2376 548 2405 certis
573 2377 725 2406 terminis
751 2377 808 2406 de·

105 2419 207 2456 finiit,
232 2419 321 2449 inter
344 2429 425 2458 quos
449 2419 517 2448 sibi.
538 2420 686 2458 auspicia
715 2421 806 2450 mitti

103 2462 301 2502 postularet.
382 2458 385 2460 ’

149 2507 190 2535 92
224 2505 374 2536 Dextras
410 2505 456 2534 ad
493 2505 676 2543 meridIem]
718 2505 807 2535 Hinc

105 2553 200 2589 patet
223 2558 384 2587 augurem
409 2548 510 2578 fuisse
532 2558 626 2577 versa
642 2549 676 2577 in
699 2549 808 2577 orien-

105 2596 176 2621 tem
203 2591 297 2622 facie.
342 2591 440 2631 Quod
466 2591 600 2630 quidem
627 2591 808 2630 auguribus

104 2635 240 2665 solitum
257 2635 359 2665 etiam
382 2634 516 2664 aliunde
535 2638 678 2664 constat.

149 2679 190 2708 23
216 2678 358 2717 Signum
374 2677 501 2715 contra]
533 2678 581 2707 Ex
599 2678 734 2707 adverso
750 2677 807 2707 ob—

104 2721 247 2750 servavit
270 2721 395 2760 aliquid
411 2721 540 2759 insigne
564 2726 598 2750 et
616 2727 736 2750 notatu
760 2720 808 2750 fa-

105 2760 181 2802 cueg
207 2763 379 2802 voluitque
406 2763 469 2793 hoc
499 2773 570 2794 esse
597 2764 746 2803 signum,
772 2769 806 2792 et

104 2808 199 2846 quasi
225 2812 353 2838 metam
379 2817 446 2846 qua
472 2808 621 2848 auspicia
646 2808 807 2837 termina-

853 2291 999 2328 tingere.

897 2335 939 2363 94
964 2333 1095 2363 Dextra
1120 2334 1154 2362 z'n
1185 2337 1283 2371 caput
1308 2331 1435 2362 AVumoe
1458 2332 1560 2371 impo—

852 2377 933 2415 sita]
979 2377 1032 2405 Sic
1070 2376 1123 2405 edi
1155 2376 1334 2414 jussimus,
1366 2375 1559 2405 auctoribus

852 2420 999 2458 quinque
1024 2429 1042 2448 e
1062 2421 1184 2448 nostris
1209 2418 1302 2448 codd.
1338 2417 1558 2457 plurimisque

851 2462 1082 2494 Gronovianis.
1106 2461 1216 2500 Vulgo
1233 2463 1268 2491 iu
1282 2462 1398 2500 capite.
1553 2483 1558 2487 .

897 2508 937 2535 <25
963 2505 1100 2544 Peregre
1131 2506 1252 2544 verbis]
1287 2503 1428 2543 Singula
1451 2513 1559 2533 enun-

854 2548 966 2578 ciavit.

898 2591 940 2622 ‘26
973 2587 1153 2629 Effbratos.
1189 2612 1197 2621 .
1226 2612 1234 2619 .
1270 2590 1411 2628 animos]
1458 2589 1558 2619 Hanc

852 2633 1030 2664 lectionem
1048 2633 1205 2663 formavit
1222 2633 1419 2663 Gronovius.
1443 2633 1558 2663 Turba

852 2676 1021 2706 editorum
1034 2676 1179 2706 habebat
1190 2674 1337 2716 efferatis
1350 2699 1357 2706 .
1372 2699 1379 2706 .
1396 2698 1403 2706 .
1418 2677 1537 2705 animis
1548 2689 1556 2704 .-

852 2719 988 2758 quidam
1013 2720 1142 2758 scripti,
1160 2720 1248 2750 inter
1272 2729 1353 2758 quos
1377 2722 1445 2748 tres
1461 2728 1478 2748 e
1501 2728 1558 2747 no·

852 2763 942 2797 stris,
954 2760 1112 2801 efferari.
1131 2784 1139 2793 .
1151 2765 1293 2796 animos:
1312 2762 1380 2801 alii,
1394 2759 1510 2802 eff'eros
1526 2785 1530 2790 .
1550 2782 1555 2790 2

851 2815 983 2837 ammos.
1211 2813 1214 2815 '
