1925 3239
145 216 187 247 U.
206 216 243 247 C.
259 217 333 249 459.

145 262 185 290 A.
205 259 241 291 C.
258 261 332 293 293.

361 113 438 147 606
903 106 966 144 TI
982 106 1044 143 TI
1081 105 1145 142 Ll
1161 104 1223 142 VI
1237 104 1257 141 I

362 207 636 262 vallaresque,
657 220 707 246 ac
728 204 908 246 murales
931 214 1187 259 conspectas.
1248 201 1494 258 Inspectata
1514 201 1648 257 spolia
1669 202 1790 243 Sam-

361 264 538 305 nitium:
581 272 625 303 et
665 263 816 304 decore
847 277 897 303 ac
933 260 1247 316 pulchritudine
1281 259 1465 314 paternis
1500 257 1660 314 spoliis,
1691 275 1787 314 quae

357 331 460 361 nota
483 319 690 375 frequenti
717 318 984 375 publicorum
1008 327 1159 358 ornatu
1191 316 1378 357 locorum
1415 326 1548 366 erant,
1570 330 1789 371 comparu-

355 378 526 419 bantur.
548 375 711 417 nobiles
733 375 896 429 aliquot
927 374 1101 429 captivi,
1123 372 1224 414 clari
1255 374 1340 423 suis
1365 381 1616 428 patrumque
1650 372 1790 422 factis,

356 434 492 475 ducti.
524 437 557 458 ⁸⁸²
570 433 683 474 AEris
705 432 846 487 gravis
868 441 1108 471 transvecta
1128 430 1256 470 vicies
1275 440 1452 470 centena
1470 437 1511 469 et
1532 429 1584 469 ad
1610 429 1790 484 triginta

357 492 437 531 tria
458 488 630 531 milliax.
650 489 690 529 id
713 503 770 529 aes
793 488 1009 529 redactum
1033 501 1086 527 ex
1109 486 1290 542 captivis
1313 486 1548 526 dicebatur.
1561 489 1590 510 ⁸³
1605 486 1793 541 argenti,

355 547 468 604 quod
492 556 663 602 captum
688 560 740 585 ex
760 544 935 584 urbibus
956 553 1059 594 erat,
1075 544 1218 598 pondo
1241 543 1373 583 millia
1393 551 1578 592 trecenta
1597 541 1787 598 triginta.

353 618 479 645 omne
496 619 552 644 aes
572 611 882 658 argentumque
900 601 942 641 in
966 601 1158 641 aeraritrm
1179 600 1414 640 conditum.
1448 598 1664 639 Militibus
1681 598 1787 640 nibil

353 661 498 701 datum
519 674 570 699 ex
589 658 731 714 praeda
749 668 826 698 est.
848 668 1056 711 auctaque
1077 670 1126 696 ea
1148 657 1306 697 invidia
1322 665 1386 696 est
1404 656 1456 696 ad
1475 655 1656 710 plebem,
1672 652 1787 710 quod

353 718 561 758 tributum
584 716 710 756 etiam
743 715 785 755 in
808 713 1064 769 stipendium
1088 713 1270 753 militum
1290 712 1505 761 conlatum
1529 720 1616 752 est:
1640 707 1787 766 quum,

353 774 386 813 si
411 781 550 828 spreta
570 772 706 828 gloria
729 771 876 811 fuisset
898 770 1080 825 captiva:
1114 770 1304 825 pecuniae
1331 770 1371 810 in
1401 769 1595 810 aerarium
1628 768 1785 818 inlatae,

351 840 393 871 et
415 829 536 870 militi
564 838 650 869 turn
675 828 763 868 dari
787 841 838 868 ex
866 827 1022 882 pracda,
1044 837 1087 866 et
1110 827 1366 880 stipendium
1392 825 1571 866 militare
1596 826 1784 880 praestari

352 887 574 943 potuisset.
633 884 788 926 AEdem
814 884 1000 932 Quirini,
1022 889 1052 909 ⁸⁴
1070 897 1197 938 quam
1221 883 1261 922 in
1291 883 1381 938 ipsa
1412 882 1687 931 dimicatione
1712 897 1784 922 vo-

353 954 437 984 tam
479 942 593 998 apud
636 941 849 982 neminem
894 951 1076 980 veterem
1119 949 1337 980 auctorem
1379 939 1569 986 invenio,
1611 943 1783 993 (neque,

351 999 554 1050 Hercule,
579 1009 662 1039 tam
687 998 846 1053 exiguo
871 1007 1060 1052 tempore
1081 996 1281 1052 perficere
1313 995 1538 1051 potuisset)
1561 995 1614 1035 ab
1645 995 1782 1035 dicta-

351 1067 441 1097 tore
465 1067 582 1113 patre
606 1065 763 1107 votam,
785 1054 896 1095 filius
915 1053 1060 1095 consul
1093 1053 1321 1103 dedicavit,
1343 1052 1652 1106 exornavitque
1687 1052 1784 1092 lios-

351 1114 456 1154 tium
480 1112 641 1168 spoliis.
663 1125 844 1166 quorum
868 1119 986 1151 tanta
1006 1109 1237 1150 multitudo
1259 1108 1355 1159 fuit,
1380 1119 1426 1148 ut
1459 1122 1542 1149 non
1577 1109 1780 1164 templum

350 1180 516 1212 tantum
539 1168 764 1223 forumque
786 1168 850 1208 his
872 1177 1121 1218 ornaretur;
1143 1167 1213 1207 sed
1237 1166 1361 1207 sociis
1383 1165 1512 1206 etiam
1534 1164 1782 1222 colonisque

348 1227 559 1277 finitimis,
587 1225 638 1265 ad
671 1224 925 1281 templorum
957 1224 1231 1278 locorumque
1267 1222 1534 1279 publicorum
1570 1233 1782 1274 ornatum,

348 1284 652 1324 dividerentur.
711 1281 750 1322 A
781 1281 998 1336 triumpho
1030 1281 1263 1321 exercitum
1297 1280 1338 1320 in
1363 1293 1512 1334 agrum
1536 1278 1781 1330 Vescinum,
1826 1319 1830 1327 ,

348 1341 448 1395 quia
471 1340 588 1395 regio
610 1353 661 1379 ea
682 1338 835 1379 infesta
857 1339 910 1379 ab
934 1337 1199 1378 Samnitibus
1220 1347 1325 1388 erat,
1347 1336 1618 1377 hibernatum
1642 1336 1780 1378 duxit.

132 1408 286 1439 Troilium
304 1406 336 1436 in
351 1396 468 1438 Inter
499 1397 592 1438 haec
625 1394 835 1436 Carvilius
865 1394 1028 1444 consul,
1060 1394 1100 1434 in
1135 1392 1304 1434 Etruria
1343 1392 1549 1434 Troi'lium
1597 1393 1779 1447 primum

132 1451 263 1483 Etruria.

132 1498 258 1533 captum
273 1504 292 1523 a.

134 1537 280 1568 Carvilio.

133 1863 260 1896 Carvilii
271 1865 325 1894 tri-

133 1909 279 1950 nmphus.

348 1455 599 1510 obpugnare
639 1452 826 1502 adortus,
856 1451 1191 1507 quadringentos
1222 1450 1494 1506 septuaginta
1534 1449 1780 1502 ditissimos,

347 1511 530 1568 pecunia
552 1509 702 1565 grandi
725 1519 890 1565 pact08‚
913 1518 959 1549 ut
991 1508 1107 1549 abire
1141 1507 1237 1548 inde
1266 1508 1425 1556 liceret,
1446 1506 1607 1547 dimisit
1627 1523 1635 1547 :
1668 1519 1780 1548 cete-

346 1583 435 1610 ram
458 1566 774 1608 multitudinem
794 1566 1087 1621 oppidumque
1108 1564 1246 1620 ipsum
1271 1564 1311 1604 ri
1329 1564 1457 1618 cepit.
1476 1563 1573 1604 inde
1591 1563 1779 1618 quinque

345 1624 532 1675 castella,
554 1623 656 1665 locis
687 1623 768 1663 sita
798 1622 984 1673 munitis,
1005 1621 1285 1677 expugnavit.
1346 1620 1471 1661 Caesa
1501 1620 1558 1660 ibi
1591 1619 1778 1663 hostium

346 1683 431 1723 duo
453 1680 585 1722 millia
605 1679 933 1735 quadringenti;
958 1679 1095 1719 minus
1117 1680 1200 1719 duo
1224 1677 1356 1718 millia
1376 1676 1506 1732 capti.
1567 1675 1622 1717 Et
1648 1677 1778 1718 Falis-

346 1739 407 1780 cis
433 1751 579 1794 pacem
606 1736 848 1793 petentibus
879 1750 1039 1776 annuas
1069 1735 1260 1776 inducias
1290 1733 1420 1784 dedit,
1452 1742 1599 1789 pactus
1630 1740 1661 1759 81·
1675 1749 1774 1775 cen-

347 1806 437 1836 tum
472 1794 604 1836 millia
637 1793 778 1849 gravis
811 1793 920 1842 aeris,
942 1802 984 1833 et
1017 1792 1274 1847 stipendium
1306 1791 1398 1845 ejus
1428 1791 1526 1830 anni
1555 1785 1776 1832 militibus.

349 1852 432 1894 His
461 1852 585 1892 rebus
613 1851 720 1891 actis
751 1850 801 1890 ad
835 1849 1098 1904 triumphum
1131 1848 1325 1898 decessit,
1359 1856 1405 1886 ut
1445 1847 1583 1886 minus
1616 1846 1775 1888 clarum

345 1910 398 1951 de
420 1907 698 1958 Samnitibus,
719 1921 846 1961 quam
868 1906 1044 1961 collegae
1068 1905 1307 1960 triumphus
1339 1903 1491 1954 fuerat,
1514 1903 1573 1944 ita
1602 1905 1776 1946 cumulo

474 2037 488 2051 ¹⁵
514 2032 606 2062 vicies
624 2033 735 2061 centies
747 2031 862 2061 millies
876 2036 903 2060 et
921 2032 1093 2070 quingenta
1108 2030 1242 2067 triginta
1257 2030 1319 2058 tria
1334 2029 1434 2058 millia
1446 2029 1541 2058 Gron.
1560 2028 1651 2059 Crev.

388 2145 428 2174 8⁶2
451 2142 549 2174 AErt's
571 2143 684 2181 gravis
710 2161 739 2170 ..
754 2161 782 2170 ..
806 2141 899 2170 vicies
923 2141 1038 2170 centies
1080 2144 1130 2169 tes
1147 2139 1242 2172 3176.
1261 2148 1336 2168 cum
1356 2148 1471 2167 novem
1489 2140 1677 2169 semunciis.

346 2188 472 2224 millies,
495 2191 524 2216 et
547 2188 724 2225 quingenta
748 2185 814 2214 tria
829 2182 949 2222 millia]
971 2183 1036 2212 lm-
1124 2186 1162 2213 83
1180 2182 1339 2219 Argenti.
1352 2202 1358 2209 .
1377 2182 1479 2221 pondo
1494 2182 1541 2212 Μ.
1560 2182 1770 2224 CCFXXX]

346 2230 453 2260 manis
481 2238 623 2259 sumina.
662 2228 795 2260 Etenim
827 2227 900 2256 aeris
931 2227 1036 2264 gravis
1081 2225 1770 2258 Marcaenostratcsz’OTR.cuinunauncin.

345 2274 443 2304 vicies
460 2273 584 2302 centies
610 2271 727 2302 millies
752 2275 893 2300 centena
919 2269 1034 2306 millia,

346 2323 384 2347 ut
401 2315 608 2355 negligamus
623 2312 884 2353 quod‘excurrit,
900 2313 968 2342 sive
984 2322 1033 2342 as-

344 2370 395 2390 ses
435 2358 564 2389 librales
600 2360 866 2389 c200000000000.
903 2359 1036 2393 aequant

345 2403 496 2433 denarios
514 2404 758 2432 20000000000.
785 2400 882 2429 libras
906 2399 1033 2438 argenti

344 2446 509 2476 Romanas
526 2447 729 2476 200000000.
755 2451 881 2473 marcas
904 2443 1034 2479 argenti

346 2489 544 2519 parisienses
573 2490 776 2519 31‘2500000.
824 2486 938 2524 ltaque
963 2485 1033 2515 hsce

345 2532 456 2569 lectio,
479 2541 577 2570 quam
605 2531 730 2560 invexit
754 2530 919 2568 Sigonius,
946 2534 1033 2558 stare

344 2585 437 2615 posse⁴
456 2584 521 2604 non
539 2574 677 2604 videtur.
707 2573 891 2603 Gronovius
908 2582 947 2601 ex
965 2582 1033 2601 ves-

342 2619 432 2658 tigiis
450 2618 542 2648 MSS.
563 2618 692 2657 reponit
707 2629 712 2645 :
740 2616 838 2647 fEris
850 2616 964 2653 grai-is
982 2636 1008 2644 ..
1025 2637 1032 2644 .

338 2663 433 2692 vicies
447 2666 593 2696 centena,
609 2665 639 2690 et
654 2661 699 2690 ml
712 2661 852 2698 triginta
866 2660 933 2688 tria
956 2660 1028 2688 mil-

338 2707 396 2735 lia.
441 2704 506 2743 Qui
534 2709 612 2733 sunt
641 2713 726 2733 asses
752 2705 910 2733 9033000.
939 2701 1029 2731 librae

338 2747 468 2787 argenti
485 2746 642 2777 Romanae
658 2748 752 2777 2033.
766 2754 885 2776 niarcoe
903 2750 1028 2775 nostra-

1123 2269 1314 2309 84‘Quum
1345 2271 1377 2297 in
1401 2270 1467 2307 ipsu
1491 2269 1706 2308 dimicatione]
1735 2270 1772 2301 ln

1079 2313 1116 2342 iis
1134 2322 1206 2351 qua}
1225 2311 1441 2341 includuntur
1453 2313 1639 2350 parenthesi
1658 2313 1769 2343 Livius

1078 2355 1266 2395 opinionem
1287 2354 1405 2384 refellit
1433 2365 1546 2384 eornm
1575 2356 1630 2394 qui
1657 2357 1768 2387 crede-

1079 2405 1153 2428 rent
1169 2398 1272 2428 aedeni
1289 2398 1419 2437 Quirini
1434 2403 1541 2427 vot-‘nn
1560 2399 1600 2429 ab
1613 2399 1673 2429 hoc
1690 2409 1768 2430 con-

1078 2441 1148 2472 sule
1177 2443 1209 2471 in
1236 2442 1305 2480 ipsa
1332 2442 1372 2470 ad
1394 2441 1603 2479 Aquiloniam
1631 2443 1768 2473 dimica·

1077 2486 1179 2514 tione.
1227 2485 1342 2523 ltaque
1371 2494 1462 2513 mens
1494 2485 1666 2515 scribentis
1697 2486 1766 2516 lioec

1077 2528 1160 2557 fuit:
1185 2528 1310 2558 „Edem
1325 2527 1458 2567 ‚Quirini
1473 2529 1512 2558 ab
1534 2529 1688 2559 clietatmz’
1705 2540 1766 2569 ym-

1077 2576 1127 2601 tre
1144 2577 1262 2607 rotam,
1281 2580 1344 2600 non
1366 2571 1406 2600 ab
1423 2570 1483 2600 hoc
1499 2571 1649 2609 consule,
1668 2579 1765 2613 utpo-

1077 2622 1110 2644 te
1125 2624 1219 2654 quam
1236 2636 1244 2643 .
1256 2635 1264 2643 ,
1279 2635 1287 2642 .
1299 2635 1306 2643 .
1320 2614 1485 2643 dedicavit.

1128 2662 1167 2689 85
1211 2658 1341 2686 (lenium
1383 2658 1486 2686 millia
1520 2660 1637 2696 grai-is
1673 2658 1759 2697 mis]

1075 2701 1203 2730 Mart-as
1234 2701 1363 2738 argenti
1391 2706 1554 2731 nostrates
1591 2703 1659 2733 156.
1686 2712 1761 2733 cuin

1074 2744 1200 2774 duabus
1217 2744 1334 2773 unciis.
