1991 3250
554 73 679 113 LIB.
706 73 760 112 ΙΙ.
796 70 930 112 ΟΑῬ.’
951 71 1179 112 XXXVIII.
1226 109 1230 112 .
1521 75 1606 113 123.

151 176 302 219 eadem
344 174 416 217 illa
452 188 586 231 quum
629 174 832 216 Patribus
874 173 1040 229 ingenti
1071 173 1274 214 'omnium
1314 172 1794 219 admirationeu.c.2cs.

151 243 414 285 enarrasset;
465 247 566 275 ecce
605 231 721 274 aliud
760 231 1039 273 miraculum:
1084 232 1158 285 qui
1203 238 1354 285 captus
1396 231 1795 274 omnibusA·C·⁴⁸⁹·

149 292 355 334 membris
377 291 541 332 delatus
563 291 606 331 in
628 289 791 331 curiam
820 297 945 341 esset,
967 303 1064 329 eum
1088 288 1287 329 functum
1309 287 1456 330 officio
1478 290 1598 345 pedi-

148 350 230 391 bus
254 349 339 390 suis
362 349 538 390 domum
561 346 749 397 rediisse,
772 345 978 387 traditum
1002 346 1222 386 memoriae
1241 353 1321 386 est.

209 405 469 448 XXXVII.
503 404 612 446 Ludi
635 417 764 459 quam
789 403 1042 458 amplissimi
1075 413 1121 443 ut
1143 402 1308 454 fierent,
1332 411 1502 445 senatus
1524 404 1598 445 de-

149 464 286 505 crevit
298 468 328 505 ¹¹.
363 463 430 504 Ad
453 477 526 503 eos
547 461 686 513 ludos,
707 469 884 502 auctore
905 460 1030 501 Attio
1060 459 1203 510 Tullo,
1222 460 1286 501 vis
1318 470 1476 515 magna
1499 462 1794 517 Vol-{ttiisruui

150 535 320 563 scotum
353 520 484 562 venit.
545 518 800 573 Priusquam
833 519 1207 559 committerentur
1237 517 1341 568 ludi,
1366 517 1528 569 Tullus,
1552 508 1715 582 ut301¹⁵⁰¹

147 579 267 620 domi
302 576 591 633 compositum
625 590 725 617 cum
759 574 931 617 Marcio
968 575 1114 624 fuerat,
1147 575 1200 616 ad
1234 574 1431 616 consules
1464 577 1597 619 venit.
1631 563 1709 583 ουδ’

149 636 257 677 dicit
286 648 389 686 esse,
414 649 511 690 quae
546 642 711 674 secreto
741 646 867 689 agere
897 633 950 673 de
980 632 1202 688 republica
1233 632 1350 673 velit.
1409 633 1597 675 Arbitris

148 693 338 744 remotis,
377 690 554 743 Invitus,
587 691 741 746 inquit,
776 690 919 746 ⁹quod
952 690 1111 746 sequius
1142 690 1208 741 sit,
1241 689 1289 730 de
1318 690 1413 730 meis
1445 691 1600 732 civibus

149 749 304 806 loquor.
364 747 459 790 Non
495 755 629 790 tamen
663 747 876 789 admissum
913 748 1134 803 quidquam
1167 748 1220 789 ab
1253 747 1303 788 iis
1340 747 1599 791 criminatum

148 807 277 857 venio,
309 805 376 847 sed
406 812 583 857 cautum,
614 820 663 846 ne
697 804 932 846 admittant.
995 803 1136 845 Nimio
1167 803 1274 859 plus,
1309 818 1431 859 quam
1463 805 1598 857 velim,

149 870 374 904 nostrorum
394 863 560 919 *ingenia
580 869 672 904 sunt
701 862 882 903 mobilia,
943 861 1097 902 Multis
1125 861 1171 902 id
1191 861 1373 901 cladibus
1395 863 1596 904 sensimus.

151 919 311 976 Quippe
341 920 412 976 qui
441 935 522 962 non
548 928 682 962 nostro
712 920 867 970 merito,
888 918 955 960 sed
984 926 1113 959 vestra
1143 918 1360 972 patientia,
1383 917 1597 961 incolumes

144 977 279 1019 simus.
339 977 504 1034 [Magna
534 977 596 1018 hic
627 992 731 1018 meuc
770 975 1001 1018 Volscorum
1029 975 1244 1016 multitudo
1276 982 1347 1016 est.
1379 974 1467 1017 ludi
1487 985 1594 1018 sunt.

143 1034 363 1090 spectaculo
384 1035 538 1076 intenta
567 1035 710 1076 civitas
738 1034 827 1075 erit.
889 1032 1078 1083 IlIemini,
1101 1033 1201 1089 qnid
1223 1046 1300 1088 per
1323 1033 1499 1074 eatndem
1529 1050 1594 1075 oc-

144 1093 340 1133 casionem
379 1095 408 1116 ¹⁰
425 1093 478 1133 ab
512 1091 756 1133 Sabinorum
774 1092 993 1146 juventute
1024 1091 1066 1131 iu
1102 1091 1175 1131 leae
1211 1090 1309 1131 mn'le
1346 1091 1594 1133 commissum

143 1149 211 1192 sit.
249 1150 382 1191 horret
410 1150 583 1202 animus,
608 1163 656 1190 ne
687 1148 787 1205 quid
817 1148 1039 1190 inconsulte
1070 1163 1117 1189 ac
1151 1155 1292 1189 temere
1308 1147 1410 1202 fiat.
1472 1149 1592 1200 Haec,

143 1213 281 1248 nostra
318 1214 525 1263 vestraque
558 1221 712 1257 caussa,
741 1206 858 1262 prius
892 1205 1061 1247 dicenda
1100 1205 1223 1256 vobis,
1259 1205 1447 1256 consules,
1479 1214 1592 1248 ratus

142 1278 243 1306 snm.
306 1262 428 1308 Quod
446 1264 502 1305 ad
520 1279 580 1306 me
604 1264 773 1315 adtinet,
794 1263 986 1318 extemplo
1008 1263 1098 1304 hinc
1120 1262 1281 1304 domum
1301 1262 1414 1304 abire
1435 1263 1478 1304 in
1499 1265 1591 1305 ani-

142 1335 208 1362 mo
229 1329 296 1372 est,
328 1324 356 1345 ¹¹
374 1337 422 1363 ne
443 1320 678 1379 czgjusfacti
695 1321 841 1362 dictive
858 1321 1092 1376 contagione
1111 1334 1280 1376 prcesens
1294 1320 1435 1361 violer.
1478 1320 1591 1363 Haec

144 1378 316 1420 locutus
349 1380 473 1420 abiit.
535 1378 744 1420 Consules
774 1391 905 1434 quum
933 1379 986 1419 ad
1022 1378 1172 1419 Patres
1196 1392 1284 1418 rem
1307 1378 1482 1419 dubiam
1512 1382 1591 1420 sub

146 1444 321 1477 auctore
342 1445 458 1478 certo
482 1436 749 1487 detulissent,
771 1444 920 1477 auctor
943 1436 1097 1491 magis,
1119 1444 1166 1477 ut
1196 1435 1261 1486 fit,
1283 1449 1412 1490 quam
1435 1450 1515 1487 res,
1538 1437 1592 1478 ad

144 1494 478 1548 praecavendum
502 1494 566 1535 vel
590 1509 645 1535 ex
675 1507 940 1548 supervacuo
971 1494 1123 1534 movit.
1165 1491 1368 1547 factoque
1398 1504 1591 1534 senatus-

143 1550 355 1601 consulto,
378 1561 427 1592 ut
451 1552 598 1593 urbem
626 1551 891 1592 excederent
921 1550 1080 1601 Volsci,
1112 1564 1332 1606 praecones
1362 1549 1589 1593 dimittun-
1602 1566 1795 1598 volsciurbe

144 1616 225 1658 tur,
247 1609 316 1662 qui
340 1622 488 1650 omnes
505 1623 578 1649 eos
601 1608 816 1664 proficisci
841 1617 940 1649 ante
962 1617 1133 1649 noctem
1150 1608 1369 1662 juberent.
1428 1607 1588 1665 Ingens
1601 1612 1713 1642 exacti.

141 1678 276 1719 pavor
308 1666 446 1720 primo
479 1666 762 1708 discurrentes
796 1665 847 1706 ad
884 1680 978 1706 suas
1003 1679 1064 1706 res
1088 1665 1297 1706 tollendas
1322 1665 1367 1705 in
1400 1664 1592 1722 hospitia

142 1722 335 1777 perculit.
404 1722 784 1765 Proficiscentibus
825 1722 979 1764 deinde
1018 1723 1262 1779 indignatio
1300 1723 1476 1763 oborta:
1521 1723 1589 1776 Se,

142 1786 184 1819 ut
222 1779 502 1822 consceleratos
533 1781 919 1836 contaminatosque,
941 1779 990 1821 ab
1024 1779 1146 1831 ludis,
1161 1778 1284 1836 festis
1312 1779 1463 1833 diebus,
1487 1788 1590 1823 coetzc

141 1837 430 1892 quodammodo
448 1837 653 1879 hominum
676 1836 948 1894 Deorumque,
970 1837 1133 1878 abactos
1149 1852 1237 1879 esse.

201 1893 484 1936 XXXVIII.
525 1896 668 1942 Quum
702 1905 835 1952 pi‘ope
855 1896 1109 1936 continuato
1137 1894 1309 1951 agmine
1331 1894 1456 1946 irent,
1478 1909 1590 1951 prae-

143 1965 308 2006 gressus
333 1951 478 1993 Tullus
513 1954 565 1994 ad
602 1956 773 2008 12σειραὶ
803 1953 1094 2002 Ferentinum,
1125 1963 1172 1993 ut
1202 1952 1379 2007 quisque
1409 1954 1589 2004 veniret,

142 2009 348 2063 primores
382 2024 529 2051 eorum
569 2010 810 2066 excipiens,
845 2013 872 2034 ¹³
888 2011 1103 2065 querendo
1143 2009 1509 2065 indignandoque,
1546 2020 1590 2051 et

142 2079 214 2105 eos
246 2067 361 2122 ipsos
396 2073 425 2094 ¹4
442 2067 587 2108 sedulo
619 2068 838 2108 audientes
870 2068 1055 2108 secunda
1083 2067 1157 2108 irae
1183 2068 1326 2117 verba,
1349 2076 1392 2107 et
1421 2081 1495 2122 per
1516 2081 1589 2108 eos

141 2122 456 2165 multitudinem
478 2125 601 2166 aliam
625 2125 668 2166 in
693 2124 930 2180 subjectum
953 2125 1036 2166 viae
1058 2139 1257 2181 campum
1280 2124 1474 2165 deduxit,
1519 2123 1588 2165 Ibi

142 2179 185 2220 in
222 2181 443 2222 concionis
479 2182 655 2224 modum
689 2192 927 2224 orationem
967 2196 1159 2234 exorsus,
1200 2185 1228 2205 15
1253 2180 1408 2223 Veteres
1441 2181 1736 2237 PopuliATuno

660 2283 675 2297 ¹¹
698 2278 830 2308 decernit
847 2279 945 2309 Gron.
963 2277 1056 2309 Crev.
1599 2245 1756 2272 ‘'oflendu-

183 2349 203 2380 9
226 2345 324 2386 ‚Quod
347 2347 477 2386 sequius
499 2345 554 2386 sit]
590 2345 689 2387 Quod
712 2347 836 2378 civibus
883 2347 971 2387 pieio
987 2347 1128 2387 alicujus
1144 2347 1326 2378 inconsulti
1341 2346 1423 2378 dicti
1438 2346 1571 2377 factive.

141 2390 222 2418 meis
253 2390 362 2420 labem
391 2390 539 2429 aliquam
569 2397 732 2430 aspergat.
780 2390 838 2421 Se·
930 2393 967 2422 12
1008 2391 1112 2431 Capul
1144 2391 1371 2431 Ferentinum]
1408 2390 1484 2421 Vid.
1511 2397 1585 2421 not.

138 2434 243 2472 quior,
259 2435 386 2473 sequius
402 2434 488 2464 idem
507 2430 596 2472 qnod
619 2434 767 2472 deterior,
784 2435 836 2463 de·
881 2437 934 2469 79.
952 2435 993 2465 ad
1008 2445 1038 2465 c.
1057 2438 1108 2466 50.
1127 2434 1148 2465 l.
1166 2434 1194 2464 Ι.
1396 2466 1399 2468 ,

140 2478 259 2506 terius.-
292 2487 310 2506 τι
335 2488 411 2508 voce
434 2487 525 2507 secus
549 2487 622 2515 quae
646 2486 712 2506 non
736 2478 835 2507 modo
927 2481 964 2510 13
990 2477 1188 2519 Quoerendo]
1214 2477 1290 2509 Non
1311 2478 1421 2508 minus
1437 2477 1584 2519 placeret

140 2519 308 2559 significat
325 2523 436 2558 aliter,
452 2521 510 2550 sed
529 2521 630 2550 etiam
654 2526 838 2560 usurpatur
881 2524 1051 2562 querendo,

140 2574 198 2603 pro
213 2573 275 2594 nou
289 2565 375 2603 bene,
390 2566 445 2595 ubi
461 2574 531 2595 rem
545 2564 673 2594 mollire
686 2565 836 2594 oratione
930 2568 967 2596 14
1008 2565 1126 2596 Sedulo
1156 2565 1324 2595 audientes
1355 2565 1496 2596 secunda
1525 2566 1585 2596 irre

139 2616 221 2648 opus
236 2611 297 2638 est.
881 2608 993 2648 verba]
1029 2609 1115 2639 Cum
1140 2619 1221 2639 cura
1247 2614 1282 2638 et
1308 2609 1498 2639 attentione
1525 2618 1584 2638 an-

187 2654 223 2681 10
246 2652 295 2682 Ab
314 2651 513 2682 Sabinorum
526 2650 721 2694 juventute]
752 2650 835 2682 Vide
881 2651 1012 2682 dientes
1029 2653 1128 2682 verba
1143 2662 1218 2691 quae
1238 2651 1518 2690 obsecundarent,
1534 2651 1584 2682 fa-

139 2703 238 2734 supra
254 2705 282 2725 c.
303 2698 352 2726 18.
880 2699 995 2726 verent
1013 2696 1069 2725 irae
1086 2705 1152 2735 qua
1168 2696 1296 2727 incensi
1313 2702 1422 2726 erant.

186 2741 220 2768 rt
232 2738 316 2769 *Ne
338 2736 434 2779 enjus
447 2738 554 2779 sacti]
584 2738 650 2776 Ne,
673 2739 702 2768 si
728 2748 836 2769 rema·
876 2747 879 2750 ⁴
927 2742 964 2770 15
983 2739 1122 2770 Veteres.
1133 2760 1142 2770 .
1157 2760 1166 2770 .
1177 2759 1186 2770 .
1201 2738 1403 2779 Volscorum]
1420 2739 1500 2769 Haee
1510 2747 1583 2768 ver-

141 2789 236 2811 neam
253 2790 288 2812 et
303 2792 448 2821 praesens
473 2783 592 2820 adsim,
608 2783 643 2812 in
658 2792 712 2812 me
727 2787 837 2812 trans·
880 2782 922 2812 ba
951 2792 1019 2813 non
1050 2783 1234 2814 immerito.
1249 2786 1363 2814 censet
1396 2783 1584 2813 Gronovius

138 2830 192 2857 eat
209 2825 301 2857 velut
316 2836 357 2857 ex
380 2827 579 2867 contagione
596 2826 686 2858 labes
702 2836 741 2859 ae
764 2836 836 2857 sus·
879 2825 944 2858 dici
972 2836 1011 2858 ex
1038 2836 1180 2870 persona
1208 2827 1372 2866 historici,
1396 2836 1458 2860 nec
1488 2827 1582 2866 quic-
