1991 3250
508 298 850 362 EPITOME
887 306 1099 361 LIBRI
1138 305 1212 358 IL

145 560 214 620 B
220 569 262 618 R
271 576 317 618 U
316 572 434 618 TUS
446 575 738 632 jurejurando
755 577 961 629 populum
989 574 1235 627 adstrinxit,
1256 577 1463 617 neminem
1482 588 1580 632 reba

140 642 246 675 nare
285 635 436 674 Romoe
463 647 702 688 passuros:
746 633 1030 687 Tarquinium
1067 634 1337 684 Collatinum,
1372 635 1578 688 collegam

141 704 280 741 suum,
295 696 472 744 propter
500 691 766 743 adfinitatem
801 690 1133 746 Tarquiniorum
1163 697 1415 745 suspectum,
1433 693 1576 745 ¹coegit

140 748 362 789 consulatu
383 761 427 787 se
447 747 657 797 abdicare,
679 753 719 786 et
748 748 920 787 civita-te
941 749 1094 787 cedere.
1134 747 1242 788 bona
1271 762 1422 800 regum
1443 749 1575 801 diripi

126 803 267 858 jussit
283 819 296 844 .-
326 817 483 858 agrum
512 804 654 844 Marti
675 806 947 854 consecravit,
968 805 1042 859 qui
1076 805 1260 857 Campus
1286 805 1479 845 Martius
1498 819 1574 845 no-

139 862 326 902 minatus
352 866 427 901 est.
469 861 750 902 adolescentes
769 861 942 912 nobileS,
964 862 1007 901 in
1029 862 1182 915 quibus
1202 875 1300 901 suos
1321 875 1485 916 quoque
1507 864 1574 902 ¹et

139 919 296 958 sororis
309 918 448 972 filios,
470 919 570 972 quia
593 917 921 972 conjuraverant
951 920 1002 958 de
1023 920 1270 971 recipiendis
1299 919 1485 972 regibus,
1508 932 1573 957 se-

138 976 231 1015 curi
252 976 479 1028 percussit.
520 989 640 1015 servo
670 976 812 1025 indici,
834 976 902 1015 cui
927 975 1120 1016 Vindicio
1139 989 1289 1015 nomen
1308 976 1423 1029 fuit,
1446 976 1573 1015 liber-—

138 1036 270 1072 tatem
291 1033 405 1073 dedit
420 1049 434 1072 .·
465 1045 518 1072 ex
536 1031 659 1086 cujus
678 1034 845 1072 nomine
864 1033 1052 1073 vindicta
1073 1039 1134 1072 est
1155 1033 1385 1084 adpellata.
1431 1032 1574 1079 Quum

137 1090 341 1130 adversus
360 1102 496 1143 reges,
517 1091 591 1144 qui
607 1091 832 1130 contractis
861 1089 1093 1130 Veientium
1125 1095 1166 1130 et
1200 1089 1575 1144 Tarquiniensium

138 1147 268 1200 copiis
309 1146 464 1188 bellum
502 1147 751 1197 intulerant,
781 1148 1009 1187 exercitum
1042 1148 1246 1196 duxisset,
1275 1148 1320 1187 in
1357 1148 1446 1186 acie
1478 1161 1573 1187 cum

136 1203 308 1244 Arunte
336 1204 440 1258 filio
477 1204 660 1258 Superbi
711 1209 979 1244 conmortuus
1016 1209 1108 1244 est:
1149 1218 1326 1258 eumque
1362 1210 1570 1244 matronae

137 1274 297 1301 annum
327 1261 541 1302 luxerunt.
586 1261 641 1301 P.
673 1261 866 1301 Valerius
888 1262 1035 1302 consul
1054 1262 1188 1315 legem
1209 1262 1259 1301 de
1274 1262 1574 1314 provocatione

135 1319 195 1358 ad
225 1319 433 1372 populum
472 1318 585 1358 tulit.
651 1318 906 1372 Capitolium
955 1320 1194 1359 dedicatum
1243 1325 1318 1358 est.
1378 1319 1574 1358 Porsena

134 1387 211 1414 rex
253 1376 535 1425 Clusinorum,
568 1375 675 1415 bello
703 1389 786 1429 pro
823 1375 1071 1430 Tarquiniis
1106 1382 1312 1428 suscepta,
1345 1389 1475 1430 qzcicm
1514 1376 1573 1415 ad

134 1430 388 1472 Janiculum
419 1433 614 1481 venisset,
642 1446 696 1472 ne
737 1432 923 1472 Tiberim
956 1434 1173 1483 transiret,
1202 1434 1362 1473 virtute
1401 1433 1571 1472 Coclitis

137 1488 318 1529 Horatii
340 1488 581 1543 prohibitus
601 1495 661 1530 est
675 1505 692 1538 ;
730 1491 817 1544 qui,
838 1490 939 1530 dum
960 1489 1038 1530 alii
1059 1496 1231 1543 pontem
1261 1489 1484 1530 sublicium
1504 1502 1572 1529 re-

137 1547 347 1597 scindunt,
369 1547 484 1587 solus
504 1546 712 1586 Etruscos
732 1548 937 1587 sustinuit
950 1562 967 1595 ,·
991 1552 1044 1596 et,
1061 1552 1193 1599 ponte
1211 1552 1352 1599 rupto,
1374 1551 1570 1586 armatus

136 1615 181 1642 se
210 1604 254 1643 in
270 1603 443 1657 flumen
471 1603 600 1653 misit,
622 1609 663 1643 et
687 1605 745 1643 ad
772 1617 870 1644 suos
900 1605 1105 1644 tranavit.
1163 1603 1364 1644 Alterum
1394 1604 1570 1644 accessit

134 1659 308 1700 virtutis
328 1661 562 1713 exemplum
586 1674 614 1700 a
634 1660 782 1701 Illuc-io
797 1676 810 1700 .·
842 1662 929 1715 qni,
951 1675 1081 1715 quum
1101 1661 1160 1701 ad
1175 1661 1429 1713 feriendum
1457 1661 1569 1700 Por-

135 1730 280 1757 senam
306 1723 450 1758 castra
481 1717 664 1758 hostiam
692 1719 907 1768 intrasset,
932 1719 1064 1759 occiso
1092 1719 1245 1768 scriba,
1272 1732 1394 1772 quem
1425 1731 1570 1772 regem

135 1787 224 1814 esse
246 1774 447 1828 putabat,
467 1775 799 1827 comprehensus,
821 1776 1050 1828 inpositam
1079 1775 1290 1816 altaribus
1314 1788 1502 1824 manum,
1523 1776 1570 1814 in

133 1831 286 1885 quibus
315 1831 602 1885 sacrificatum
631 1837 738 1881 erat,
771 1834 893 1872 ea'uri
916 1846 1074 1886 passus
1104 1838 1166 1872 est
1178 1849 1196 1881 ‚·
1239 1833 1429 1886 dixitque
1459 1833 1569 1872 tales

138 1894 342 1929 trecentos
374 1903 463 1928 esse
493 1887 739 1943 conjuratos
759 1891 814 1929 'in
845 1895 1021 1930 mortem
1053 1891 1188 1942 ipsius
1219 1890 1348 1943 regis.
1389 1902 1569 1943 quorum

136 1945 418 1986 admiratione
438 1951 606 1986 coactus
627 1947 821 1986 Porsena
839 1948 962 2000 pacis
983 1947 1239 1987 conditiones
1248 1946 1390 2000 ferre,
1412 1946 1568 1986 bellum

136 2003 292 2048 omisit,
311 2005 491 2056 acceptis
519 2002 746 2044 obsidibus.
786 2018 838 2043 eoe
864 2005 1016 2058 quibus
1043 2005 1166 2057 virgo
1187 2016 1275 2043 una
1312 2003 1475 2053 Cloelia,
1497 2004 1568 2043 de—

135 2059 265 2112 ceptis
296 2060 550 2110 custodibus,
565 2074 645 2114 per
679 2060 866 2101 Tiberim
896 2062 954 2101 ad
981 2071 1080 2101 suos
1110 2061 1329 2100 tranavit.-
1362 2065 1416 2110 et,
1437 2073 1568 2114 quum

135 2116 305 2156 reddita
333 2122 453 2166 esset,
475 2131 502 2157 a
522 2117 717 2158 Porsena
746 2117 970 2172 honorifice
993 2119 1185 2168 remissa,
1207 2118 1391 2171 equestri
1419 2122 1568 2157 statua

138 2174 298 2212 dmiata
328 2179 403 2214 est.
461 2173 547 2227 Ap.
585 2175 789 2215 Claudius
810 2189 862 2215 ex
886 2175 1058 2215 Sabinis
1088 2174 1271 2214 Romam
1293 2173 1537 2227 transfugit
1553 2190 1568 2213 .-

135 2229 187 2269 ob
207 2229 283 2269 hoc
317 2230 499 2270 Claudia
519 2230 844 2285 tribus‘adjecta
872 2238 948 2272 est.
1008 2232 1229 2272 IVumerus
1259 2231 1447 2271 tribuum
1478 2244 1568 2270 am-

124 2287 297 2341 pliatus
330 2292 406 2337 est,
436 2292 487 2327 ut
517 2293 654 2328 essent
681 2290 840 2343 viginti
868 2303 968 2330 una.
1027 2289 1250 2329 Adversus
1285 2288 1569 2342 Tarquinium

874 2394 1082 2424 mentionem
1100 2393 1226 2424 nullam
1242 2393 1324 2423 facit
1346 2391 1471 2423 Livius.
1515 2390 1574 2422 Vi-

873 2436 1043 2467 telliorum
1059 2442 1193 2467 tantum
1209 2445 1353 2466 sororem
1372 2436 1475 2466 Bruto
1488 2444 1574 2475 nup-

874 2485 945 2510 tam
968 2480 1069 2511 fuisse
1094 2481 1231 2511 indicat.
1277 2479 1322 2509 Et
1348 2478 1410 2509 hoc
1435 2479 1574 2509 fortasse
1602 2479 1606 2483 ’

184 2395 195 2423 l
223 2392 514 2433 Etsmtrisfilios]
538 2393 591 2423 Sic
609 2392 689 2423 olim
712 2393 831 2424 edeba-

134 2441 202 2468 tur.
247 2437 400 2476 Sigonius
425 2436 491 2477 legi
517 2437 630 2476 jussit,
658 2441 688 2467 et
714 2439 831 2467 sororis

121 2480 214 2521 filios
227 2492 236 2509 .·
260 2480 482 2520 intelligitque
497 2480 657 2519 Aquillius
673 2483 707 2510 et
729 2479 831 2510 Vitel-

135 2523 209 2560 lios,
233 2524 287 2561 qui
313 2525 432 2555 sororis
456 2523 615 2554 Collatini
639 2523 701 2553 filii
723 2528 830 2553 erant.

137 2566 201 2596 Sed
226 2567 387 2597 debuerat
411 2577 490 2607 ergo
517 2566 675 2597 Collatini
700 2576 830 2605 quoque

136 2618 259 2640 nomen
283 2610 435 2649 adjicere.
477 2610 576 2650 Quod
599 2611 662 2640 nisi
687 2611 759 2647 fiat,
782 2610 833 2639 in-

133 2653 243 2693 telligi
259 2663 392 2684 necesse
407 2654 472 2684 erit
487 2653 594 2691 Bruti,
612 2663 678 2684 non
697 2652 834 2684 Collati-

135 2697 171 2727 ni
185 2698 306 2727 sororis
322 2697 418 2728 filios.
464 2697 629 2728 Praeterea
652 2697 831 2736 Dionysius

136 2739 270 2778 quidem
293 2745 329 2771 et
354 2740 552 2771 Plutarchus
574 2740 697 2771 docent
717 2740 832 2779 Aquil—

136 2781 199 2813 lios
226 2787 261 2813 et
286 2783 438 2815 Vitellios
471 2783 639 2815 Collatino
669 2784 833 2822 sanguine

130 2825 267 2867 junctos
281 2826 396 2859 fuisse.
430 2825 497 2858 Sed
510 2826 610 2869 htu'uss
625 2826 835 2867 cog-natir-:ns

175 2878 300 2912 ‘'VOL.
321 2882 356 2912 1.

873 2523 1023 2554 voluerat
1049 2531 1167 2554 auctor
1181 2524 1354 2563 epitomes.
1397 2522 1507 2562 Quem
1531 2520 1574 2552 ad

875 2577 1007 2598 sensum
1025 2567 1052 2598 si
1071 2568 1168 2596 verba
1184 2564 1377 2605 refingenda
1390 2569 1482 2603 sunt,
1498 2564 1573 2604 lege

874 2619 946 2640 suos
973 2619 1093 2650 quoque
1117 2609 1210 2649 filios
1237 2614 1268 2640 et
1297 2610 1408 2640 uxoris
1424 2608 1572 2648 fratres.

876 2653 986 2683 *Haec
1018 2662 1084 2683 non
1110 2652 1326 2683 consentiunt
1356 2661 1432 2682 cum
1463 2652 1572 2689 Livio,

876 2706 938 2727 nee
950 2706 1028 2727 cum
1046 2696 1165 2726 ceteri5
1180 2695 1394 2736 scriptoribus
1411 2709 1415 2724 :
1441 2706 1478 2726 ae
1495 2705 1572 2733 pio—

875 2739 954 2770 inde
969 2739 1022 2770 vel
1044 2738 1204 2770 mendosa
1224 2744 1318 2777 suut,
1332 2737 1384 2768 vel
1406 2738 1572 2772 incuriose

877 2783 918 2814 ab
935 2787 1071 2816 auctore
1085 2782 1249 2824 epitomes
1263 2782 1399 2824 scripta.

908 2880 939 2910 G
