1925 3239
359 122 435 156 523
908 121 1049 159 TITI
1088 120 1263 158 LIVII

144 229 186 303 p.
198 230 243 304 g.
259 232 333 262 440.
361 216 543 258 Foslium
565 219 798 274 quaestiones
819 221 1057 270 e„rerceacis,·
1097 228 1141 261 ut
1171 219 1382 274 adpareat,
1403 219 1627 262 innocentia
1650 228 1788 262 nostra

249 276 323 305 312.

357 288 441 323 uos,
469 289 549 315 non
576 276 785 331 majestate
813 276 986 327 honoris,
1014 284 1119 318 tutos
1149 291 1174 317 α
1208 277 1557 318 criminationibus
1581 278 1668 318 istis
1696 292 1786 320 esse.

356 329 546 372 Abdicat
584 332 680 373 inde
714 347 758 373 se
787 333 1013 384 dictatura,
1034 345 1077 374 et
1110 344 1204 388 post
1236 348 1331 373 eum
1370 333 1594 374 confestim
1621 334 1786 375 Foslius

357 388 604 443 magisterio
634 389 826 444 equitum
847 406 856 431 :
907 390 1115 444 primique
1147 390 1259 444 apud
1290 390 1484 430 consules
1506 391 1576 443 (iis
1596 391 1709 431 enim
1729 391 1784 432 ab

141 451 224 480 Reus
244 451 344 481 factus
357 454 504 484 senatu
528 446 727 486 mandata
744 460 806 486 res
828 449 909 496 est)
927 447 984 486 rei
1009 445 1125 496 facti,
1145 444 1343 487 adversus
1362 446 1571 487 nobilium
1593 447 1785 488 testimo-

141 493 322 523 absolvitur.

141 1587 290 1617 Proelium

141 1640 212 1659 cum
228 1631 311 1659 Sam-

140 1673 268 1705 nitibus.

354 501 427 541 nia
447 502 620 556 egregie
640 502 931 543 absolvuntur.
985 502 1192 544 Publilius
1214 504 1342 543 etiam
1367 503 1505 553 Philo,
1529 503 1784 558 multiplica-

357 558 411 597 tis
449 558 624 598 suminis
661 558 909 609 honoribus,
933 570 1029 614 post
1063 574 1125 600 res
1154 570 1218 600 tot
1250 560 1366 601 domi
1400 560 1592 614 belloque
1630 570 1784 615 gestas,

355 623 544 654 ceterum
569 615 728 655 invisus
759 615 1201 664 nobilitati,.caussam
1234 617 1358 666 dixit,
1381 616 1684 671 absolutusque
1705 626 1782 657 est.

356 669 451 711 Nec
473 669 646 720 diutius,
670 680 716 711 ut
736 673 796 722 fit,
815 686 941 727 quam
963 672 1063 712 dum
1087 686 1231 713 recens
1250 684 1352 722 erat,
1371 673 1553 728 quaestio
1579 687 1651 728 per
1671 673 1784 714 clara

355 727 531 767 nomina
570 741 732 768 reorum
774 729 924 783 viguit.
956 729 1052 769 inde
1083 729 1168 769 labi
1209 731 1347 785 coepit
1377 730 1428 770 ad
1461 729 1608 770 viliora
1629 730 1783 784 capita,

355 783 494 824 donec
516 784 777 825 coitionibus
800 784 1156 840 factionibusque,
1179 785 1378 827 adversus
1407 801 1510 842 quas
1539 796 1785 842 comparata

356 849 459 890 erat,
480 841 682 895 obpressa
703 850 779 882 est.

415 896 622 938 XXVII.
671 897 819 939 Earum
853 897 967 939 fama
997 912 1150 949 rerum,
1180 906 1194 928 ⁷
1215 899 1348 954 magis
1373 909 1511 940 tamen
1537 913 1630 954 spes
1654 898 1783 940 Cam-

355 967 479 1008 panae
501 953 770 1005 defectionis,
803 956 844 995 in
882 970 1008 1010 quam
1047 956 1318 1010 conjuratum
1349 966 1453 1006 erat,
1483 956 1710 1006 Samnites,
1739 956 1783 998 in

355 1008 556 1064 Apuliam
584 1025 737 1060 verSOS‚
761 1026 900 1052 rursus
933 1012 985 1053 ad
1017 1011 1229 1053 Cau'dium
1262 1012 1505 1053 revocavit:
1542 1023 1587 1052 ut
1610 1013 1707 1053 inde
1727 1027 1781 1054 ex

355 1067 612 1121 propinquo,
631 1068 664 1108 si
687 1068 758 1122 qui
783 1079 922 1109 motus
944 1070 1212 1109 occasionem
1234 1069 1416 1123 aperiret
1430 1067 1459 1119 ¹²,
1482 1068 1671 1124 Capuam
1695 1069 1785 1111 Ro-

355 1123 491 1163 manis
514 1125 736 1179 eriperent.
798 1124 861 1165 Eo
898 1125 1091 1166 consules
1124 1140 1221 1166 cum
1262 1125 1400 1166 valido
1429 1126 1619 1166 exercitu
1658 1139 1783 1166 vene-

355 1188 469 1220 runt.
503 1189 546 1220 et
569 1182 704 1236 primo
727 1181 841 1222 circa
861 1182 1003 1232 saltus,
1025 1197 1157 1237 quum
1190 1182 1401 1237 utrimque
1432 1182 1483 1222 ad
1514 1182 1679 1222 hostem
1701 1182 1783 1223 ini-

351 1250 441 1290 qua
474 1237 544 1276 via
574 1247 697 1289 esset,
718 1239 907 1279 cunctati
939 1250 1060 1280 sunt:
1107 1239 1259 1280 deinde
1292 1238 1502 1279 Samnites
1531 1253 1605 1293 per
1635 1250 1782 1294 aperta

354 1291 450 1333 loca
470 1293 586 1333 brevi
610 1295 789 1335 circuitu
814 1295 856 1336 in
878 1295 974 1336 loca
993 1295 1130 1351 plana,
1150 1296 1393 1350 Campanos
1417 1309 1606 1350 campos,
1629 1309 1782 1350 agmen

355 1348 601 1399 demittunt,
634 1351 778 1406 ibique
816 1353 995 1407 primum
1033 1355 1046 1375 ⁵
1069 1362 1207 1393 castra
1239 1353 1282 1392 in
1320 1364 1551 1407 conspectu
1588 1352 1782 1393 hostibus

354 1405 478 1448 data:
516 1407 668 1448 deinde
688 1407 852 1449 levibus
883 1409 1060 1464 proeliis,
1081 1410 1272 1464 equitum
1305 1409 1474 1464 saepius,
1506 1423 1632 1464 qnam
1664 1409 1784 1464 pedi-

357 1471 463 1513 tum,
487 1464 699 1519 utrimque
720 1465 950 1520 periculum
984 1465 1170 1507 factum:
1214 1480 1291 1506 nec
1321 1475 1394 1505 aut
1428 1478 1601 1506 eventus
1633 1479 1781 1506 eorum

357 1517 617 1571 Romanum,
648 1531 721 1561 aut
760 1536 904 1572 morae,
943 1537 1028 1577 qua
1061 1522 1285 1564 trahebant
1319 1522 1488 1573 bellum,
1523 1523 1779 1577 poenitebat.

356 1575 609 1618 Samnitium
632 1587 780 1619 contra
800 1579 995 1630 ducibus,
1017 1589 1059 1620 et
1088 1580 1204 1635 carpi
1227 1579 1367 1634 parvis
1389 1579 1582 1634 quotidie
1599 1579 1780 1629 damnis,

355 1642 399 1673 et
421 1648 635 1676 senescere
655 1634 858 1676 dilatione
882 1635 979 1677 belli
1011 1636 1118 1676 vires
1151 1651 1238 1676 suae
1268 1636 1531 1677 videbantur.
1563 1636 1705 1691 itaque
1734 1635 1778 1676 in

355 1689 490 1730 aciem
513 1691 763 1746 procedunt,
784 1692 999 1747 equitibus
1021 1692 1063 1733 in
1085 1707 1245 1733 cornua
1265 1692 1414 1734 divisis
1435 1711 1443 1735 :
1485 1693 1640 1747 quibus
1670 1706 1779 1747 prae-

352 1757 523 1802 ceptum
546 1758 648 1798 erat,
670 1749 917 1790 intentiores
938 1749 989 1790 ad
1014 1759 1251 1805 respectum
1274 1759 1520 1798 castrorum,
1543 1763 1606 1789 nes
1623 1763 1707 1804 qua
1727 1762 1780 1790 eo

352 1804 416 1844 vis
447 1803 579 1854 fieret,
600 1819 726 1860 quam
759 1805 810 1846 ad
844 1806 1057 1861 proelium,
1078 1815 1261 1847 starent:
1294 1807 1458 1846 9aciem
1487 1806 1616 1860 pediti
1640 1815 1773 1846 tutam

354 1860 458 1901 fore.
519 1859 778 1903 Consulumi
812 1863 1023 1917 Sulpicius
1061 1863 1102 1903 in
1137 1864 1302 1913 dextro,
1343 1862 1550 1904 Poetelius
1585 1864 1625 1902 in
1666 1862 1776 1903 laevo

352 1932 484 1958 cornu
507 1919 759 1959 consistunt.
821 1919 988 1960 Dextra
1009 1933 1116 1974 pars,
1137 1935 1221 1974 qua
1241 1929 1284 1959 et
1306 1919 1517 1959 Samnites
1541 1920 1640 1959 raris
1663 1919 1776 1959 ordi-

352 1974 493 2024 nibus,
515 1985 587 2015 aut
610 1975 660 2015 ad
683 1976 1008 2017 circumeundos
1031 1976 1186 2026 hostes,
1208 1987 1282 2016 ant
1312 1990 1363 2016 ne
1395 1977 1474 2031 ipsi
1500 1976 1776 2017 circumiren-

353 2039 436 2081 tur,
459 2032 753 2082 constiterant,
784 2032 908 2073 latius
941 2032 1152 2088 patefacta
1183 2033 1315 2073 stetit.
1374 2032 1579 2083 Sinistris,
1602 2042 1778 2087 praeter-

352 2101 479 2142 quam
502 2088 614 2143 quod
637 2089 914 2130 confertiores
937 2099 1151 2139 steterant,
1167 2089 1385 2144 repentino
1408 2090 1586 2130 consilio
1603 2089 1775 2130 Poetelii

353 2143 538 2185 consulis
560 2145 715 2193 additae
739 2146 871 2188 vires:
911 2147 983 2201 qui
1015 2146 1285 2187 subsidiarias
1316 2145 1528 2196 cohortes,
1549 2161 1643 2201 qnae
1669 2146 1776 2186 inte-

352 2215 441 2255 grae
470 2201 521 2242 ad
559 2200 762 2258 longioris
800 2218 955 2259 pugnae
991 2217 1111 2243 casus
1146 2204 1480 2253 reservabantur,
1520 2204 1560 2243 in
1596 2202 1775 2258 primam

351 2258 484 2298 aciem
505 2259 722 2313 extemplo
752 2260 918 2311 emisit3
961 2260 1246 2314 universisque
1277 2259 1441 2299 hostem
1465 2260 1602 2314 primo
1627 2259 1774 2315 inpetu

351 2314 511 2354 viribus
535 2315 701 2369 inpulit.
762 2316 990 2357 Commota
1021 2316 1200 2372 pedestri
1234 2316 1322 2356 acie
1353 2316 1624 2365 Samnitium,
1646 2330 1774 2370 eques

350 2371 393 2410 in
417 2385 602 2426 pugnam
627 2373 835 2415 subcedit.
867 2374 909 2413 in
933 2373 1060 2422 hunc,
1083 2383 1319 2413 transverso
1341 2373 1512 2428 agmine
1534 2373 1642 2413 inter
1669 2374 1774 2413 duas

349 2427 459 2467 acies
493 2442 535 2468 se
570 2428 836 2480 inferentem,
876 2429 1095 2470 Romanus
1136 2430 1351 2484 equitatus
1388 2429 1578 2470 concitat
1617 2443 1774 2483 equos3

350 2498 555 2539 Signaque
576 2495 618 2525 et
639 2486 806 2527 ordines
829 2486 1019 2541 peditum
1050 2498 1178 2540 atque
1207 2487 1396 2541 equitum
1428 2485 1666 2536 confundit,
1695 2486 1775 2526 ‹lo-

669 2581 684 2601 h
705 2583 855 2619 aperirent
869 2582 965 2611 Gron.
981 2582 1070 2611 Crev.
1201 2581 1209 2601 i
1232 2583 1373 2611 Consules
1388 2582 1470 2612 Eaed.

390 2665 407 2694 7
425 2661 536 2699 Magis
551 2667 659 2693 ‘anien
676 2662 756 2702 spes]
775 2663 828 2693 Sic
838 2672 923 2693 unus
935 2662 1038 2693 Hear—
1081 2669 1289 2702 conspectum.

349 2705 393 2734 nii
421 2705 535 2741 codex,
565 2706 732 2744 Sigonius,
759 2707 891 2745 aliique.
932 2705 1037 2745 Vulgo
1123 2711 1142 2740 9
1168 2707 1273 2737 Aciem
1295 2707 1395 2747 pediti
1413 2712 1518 2738 tutam
1532 2706 1626 2746 sare]
1653 2707 1771 2739 Manet

312 2759 314 2762 ’
347 2758 410 2786 spe.
1081 2749 1262 2780 Gronovius
1282 2751 1399 2790 pedite,
1424 2756 1458 2781 et
1480 2752 1638 2791 exponit:
1670 2752 1770 2782 Pedes

393 2794 409 2820 Β
439 2791 552 2820 Caslra
570 2792 601 2820 iu
618 2796 780 2829 compen-eu
792 2793 928 2822 hostibus
940 2792 1033 2832 dala]
1082 2793 1150 2832 ipse
1169 2793 1257 2823 solus
1275 2803 1332 2833 per
1349 2803 1383 2824 se
1399 2795 1479 2824 satis
1503 2799 1611 2825 tutam
1636 2800 1771 2835 praesta-

349 2834 470 2864 Merito
486 2835 668 2865 Gronovius
684 2835 860 2874 legendum
879 2839 987 2875 putat,
1003 2839 1039 2865 m
1083 2835 1131 2866 bit
1146 2837 1251 2866 aciem
1267 2847 1304 2866 ex
1322 2846 1391 2868 sese
1406 2843 1630 2869 constantem.

1918 2678 1925 2721 —0
