1925 3239
532 340 608 399 T.
662 340 925 400 LIVII
990 339 1508 400 PATAVINI

779 532 1116 585 LIBER
1181 533 1253 586 X.

876 698 1163 723 ,ψ-

92 844 134 876 U.
152 846 188 877 C.
205 848 279 878 450
305 814 374 876 L.
396 834 693 886 GENUCIO,
713 836 803 876 Ser.
819 835 1020 877 Cornelio
1043 835 1300 887 consulibus,
1314 837 1366 878 ab
1386 838 1573 878 externis
1592 837 1724 879 ferme

92 890 131 919 Α·
151 890 186 919 C·
203 891 276 920 309·
304 889 423 933 bellis
445 891 581 933 otium
612 891 707 933 fuit.
769 893 938 933 ¹Soram
962 904 1089 946 atque
1120 892 1273 933 Albam
1307 891 1487 934 coloniae
1517 894 1726 936 deductae.

89 932 170 1005 {231⁶
168 942 518 1005 ZssssgffmAlbam
510 963 552 989 in
575 949 740 1004 AEquos
763 963 837 989 sex
861 948 990 989 millia
1011 948 1259 989 colonorum
1278 951 1449 1006 scripta.
1511 950 1614 992 Sora
1635 953 1727 1006 agri
1876 943 1894 990 .”

90 1017 132 1047 ιῑο
149 1020 233 1049 Coss.
304 1005 446 1046 Volsci
471 1005 632 1057 fuerat,
664 1006 734 1047 sed
759 1006 1031 1060 possederant
1063 1005 1288 1047 Samnites.
1321 1020 1371 1046 eo
1396 1016 1578 1061 quatuor
1600 1009 1730 1048 millia
1876 1009 1893 1052 f?

303 1061 525 1103 hominum
547 1063 687 1103 missa.
748 1062 910 1103 Eodem
933 1076 1076 1102 anno
1067 1062 1374 1117 Arpinatibus
1395 1063 1729 1119 Trebulanisque
1875 1064 1889 1102 {¹

302 1119 453 1160 civitas
485 1119 595 1160 data.
658 1119 899 1160 Frusinates
931 1119 1053 1159 tentia
1093 1129 1210 1174 parte
1247 1120 1338 1175 agri
1379 1119 1584 1171 damnati,
1614 1122 1727 1176 quod
1883 1123 1894 1161 1·

304 1174 518 1216 Hernicos
540 1177 594 1216 ab
615 1176 676 1216 eis
697 1176 945 1216 sollicitatos
959 1185 1252 1231 comperztum
1284 1177 1509 1232 capitaque
1530 1177 1727 1232 conjura-
1878 1166 1890 1186 ⁸

303 1232 550 1287 tionisejus,
563 1233 800 1287 quaestione
820 1234 874 1273 ab
891 1233 1135 1273 consulibus
1154 1246 1206 1273 ex
1223 1233 1589 1274 senatusconsulto
1610 1235 1730 1274 habi·
1879 1238 1889 1250 ”

306 1296 364 1340 ta,
380 1290 509 1345 virgis
522 1289 685 1331 caesiac
698 1290 831 1330 securi
853 1289 1051 1344 percussi.
1081 1288 1258 1338 Tamen,
1272 1303 1324 1329 ne
1337 1304 1506 1344 prorsus
1531 1290 1726 1331 inbellem
1879 1318 1886 1331 .

89 1371 255 1402 Latrones
249 1382 282 1403 m
302 1356 479 1401 agerent
499 1360 672 1396 annum,
687 1360 815 1402 parva
832 1346 1086 1401 expeditio⁴
1101 1345 1144 1386 in
1166 1345 1344 1387 Umbria
1360 1346 1473 1387 facta
1490 1358 1579 1398 est3
1610 1347 1727 1402 quod
1875 1353 1887 1376 ³

88 1416 235 1453 spelunca
303 1402 601 1452 nunciabatur,
630 1418 684 1444 ex
718 1403 919 1458 spelunca
949 1402 1131 1456 quadarn
1164 1403 1437 1444 excursiones
1469 1413 1726 1445 armatorum
1878 1403 1888 1420 ²

87 1458 235 1498 obpressi.
302 1459 345 1500 in
379 1473 504 1514 agros
537 1459 641 1500 fieri.
703 1459 751 1500 In
785 1473 876 1500 eain
911 1459 1153 1514 speluncam
1179 1469 1442 1515 penetratum
1474 1475 1572 1501 cum
1594 1461 1726 1517 signis
1876 1479 1887 1511 ς

301 1524 384 1557 est:
416 1525 459 1556 et
480 1530 534 1557 ex
564 1530 616 1556 eo
638 1516 732 1558 loco
755 1518 937 1557 obscuro
962 1516 1094 1556 multa
1117 1517 1286 1557 vulnera
1308 1526 1497 1572 accepta,
1521 1494 1726 1559 maxime-

297 1585 379 1626 que
401 1573 587 1628 lapidum
612 1573 724 1624 ictu3
756 1572 907 1623 donec,
929 1573 1061 1614 altero
1093 1587 1240 1627 specus
1267 1573 1358 1637 ejus
1389 1588 1460 1613 ore
1489 1578 1606 1622 (nam
1630 1588 1724 1630 per-

297 1629 390 1669 vius
411 1631 518 1679 erat)
541 1630 728 1680 invento,
748 1639 937 1684 utrasque
959 1629 1102 1670 fauces
1123 1630 1338 1685 congestis
1361 1630 1486 1685 lignis
1508 1645 1722 1673 acceusae:

296 1685 357 1726 ita
377 1686 490 1726 intus
513 1685 631 1726 fumo
653 1702 702 1727 ac
728 1701 882 1741 vapore
908 1686 962 1727 ad
993 1687 1078 1727 duo
1111 1686 1243 1727 millia
1263 1697 1536 1738 armatorum,
1559 1688 1725 1729 ruentia

295 1743 525 1783 novissime
547 1743 588 1783 in
611 1743 723 1798 ipsas
746 1744 952 1791 flammas,
974 1743 1076 1784 dum
1097 1744 1274 1784 evadere
1296 1744 1488 1793 tendunt,
1511 1745 1721 1786 absumta.

82 1814 124 1844 U.
141 1812 178 1842 C.
194 1813 268 1842 451.
296 1798 489 1840 ⁵Marcis
514 1799 635 1839 Livio
660 1799 822 1840 Dentre
842 1811 884 1840 et
907 1800 1084 1840 AEmilio
1105 1801 1364 1850 consulibus,
1386 1775 1720 1857 redintegratum

84 1858 122 1886 Λ·
140 1857 176 1885 C.
193 1858 267 1886 30¹
296 1855 526 1910 AEquicum
560 1856 731 1897 bellum.
791 1856 1029 1907 Coloniam,
1052 1871 1166 1912 aegre
1198 1857 1404 1912 patientes
1437 1856 1552 1898 velut
1579 1872 1720 1899 arcem

84 1901 277 1971 }}·}{3¹12¹,‘{1’30
296 1913 379 1952 suis
402 1912 558 1953 finibus
581 1913 824 1968 inpositam,
847 1928 1012 1954 summa
1034 1913 1073 1953 vi
1095 1927 1344 1969 expugnare
1364 1913 1517 1965 adorti,
1540 1915 1626 1955 ab'
1617 1916 1719 1971 ipsis

83 1990 168 2016 coss.
294 1969 457 2010 colonis
500 1969 724 2024 pelluntur.
785 1970 986 2011 Ceterum
1022 1979 1188 2011 tantum
1229 1970 1380 2011 Romae
1415 1980 1614 2011 terrorem
1654 1971 1718 2012 fe·
1760 1991 1764 1994 ·

293 2040 402 2076 cere,
423 2026 523 2081 quia
544 2041 615 2065 vix
638 2026 840 2067 credibile
861 2037 965 2077 er,at
988 2034 1073 2067 tam
1099 2026 1278 2067 adfectis
1300 2027 1423 2068 rebus
1446 2027 1556 2068 solos
1581 2042 1653 2083 per
1675 2043 1720 2069 se

293 2082 457 2138 AEquos
479 2082 531 2124 ad
551 2082 705 2124 bellum
730 2093 915 2134 coortos,
939 2092 985 2123 ut
1017 2083 1224 2124 tumultus
1253 2083 1345 2138 ejus
1367 2098 1515 2124 caussa
1535 2084 1720 2125 dictator

84 2169 105 2193 ‹‘
133 2165 247 2193 „un-,us
293 2139 503 2180 diceretur
538 2138 588 2181 C.
619 2139 774 2181 Junius
808 2140 1039 2181 Bubulcus.
1070 2140 1118 2190 is,
1141 2154 1237 2180 cum
1271 2140 1336 2180 M.
1368 2139 1530 2181 Titinio
1561 2142 1719 2196 magis-

81 2210 221 2238 dictator.
296 2205 360 2237 tro
382 2196 573 2251 equitum
597 2196 827 2252 profectus,
846 2197 982 2252 primo
1005 2211 1234 2252 congressu
1256 2196 1421 2252 AEquos
1445 2198 1630 2254 subegit,
1651 2213 1716 2250 ac,

79 2253 195 2288 AEquos
211 2248 282 2278 sub-

84 2296 149 2332 igit.
343 2313 351 2340 l
382 2310 496 2340 Soram
514 2314 611 2349 atque
626 2311 741 2340 Albam
758 2309 894 2348 colonire]
925 2310 985 2339 Su-
1030 2309 1137 2340 detur.
1186 2310 1252 2340 Nisi
1269 2311 1294 2340 si
1313 2310 1494 2340 vicinorum
1520 2311 1716 2351 populorum

295 2363 354 2393 pra
374 2353 393 2382 l.
413 2352 472 2383 lx.
491 2363 518 2382 c.
535 2357 587 2384 ¹223.
611 2353 690 2382 Sora
707 2354 777 2392 jam
801 2359 873 2383 tum
899 2354 986 2382 colo-
1030 2353 1110 2382 fines
1129 2363 1213 2393 saepe
1231 2354 1360 2383 unitati.
1383 2353 1565 2384 nummus.

295 2397 348 2426 nia
366 2397 515 2427 Romana
530 2406 599 2426 esse
617 2396 749 2426 dicitur.
787 2398 902 2434 ltaque
920 2406 984 2426 non
1071 2399 1089 2425 3
1106 2399 1121 2415 ‘⁴
1138 2397 1363 2436 liquantibus]
1394 2396 1554 2436 Arpinum
1582 2397 1615 2427 in
1639 2397 1716 2428 Vol·

295 2449 383 2469 nunc
399 2439 542 2479 primum
558 2439 732 2470 deducitur
755 2440 823 2469 haec
841 2439 981 2476 colonia,
1026 2440 1088 2468 scis
1107 2441 1211 2478 patria
1225 2440 1287 2469 suit
1305 2439 1399 2470 Marii
1417 2446 1449 2469 et
1465 2439 1644 2471 Ciceronis.

293 2482 349 2512 sed
365 2482 548 2521 suppletur.
1069 2486 1087 2513 4
1118 2484 1154 2512 In
1175 2482 1323 2521 Umbria]
1350 2483 1444 2512 Unus
1459 2483 1592 2513 Hearnii
1608 2484 1712 2515 codex

337 2528 356 2556 2
380 2526 494 2555 Albam
512 2528 544 2555 in
559 2525 702 2565 2Eq110s]
729 2525 843 2555 Albam
861 2525 982 2554 Fur-en·
1027 2528 1058 2556 in
1081 2525 1242 2555 Umbriam
1255 2539 1264 2555 .·
1291 2525 1376 2563 quod
1394 2526 1496 2564 inagis
1513 2526 1631 2566 placet.

294 2570 336 2598 tis
369 2568 528 2605 intellige,
553 2578 572 2598 a
598 2579 662 2607 qua
686 2569 843 2605 Albenses,
877 2574 913 2598 ut
942 2569 982 2598 ab
1069 2573 1086 2599 ἵ»
1111 2570 1234 2599 Marcel»-
1259 2570 1350 2599 Livio
1365 2569 1491 2600 Dentre
1505 2573 1535 2599 et
1556 2569 1710 2611 AEmilio]

294 2611 376 2641 Alba
393 2611 507 2649 Longa
527 2612 655 2641 Albani..
701 2612 782 2641 Eam
807 2612 920 2641 urbem
947 2613 978 2640 in
1027 2611 1166 2651 Utrique
1183 2621 1373 2652 pru-nomen
1388 2618 1459 2642 erat
1473 2612 1619 2643 Marcus.
1656 2613 1711 2643 Li-

295 2654 411 2684 Marsis
429 2654 526 2683 fnisse
545 2655 759 2684 consentiunt
776 2665 900 2684 onim-s.
928 2655 979 2684 Li-
1025 2655 1072 2684 hri
1101 2655 1221 2685 habent
1250 2655 1297 2685 M.
1325 2654 1412 2693 quod
1440 2655 1616 2693 legendum
1641 2666 1711 2687 esse

293 2699 362 2727 vius
391 2698 424 2726 in
452 2697 564 2735 AEquis
595 2698 689 2736 ponit
717 2698 831 2727 eodem
856 2707 977 2734 errore,
1024 2698 1146 2728 allai-cis
1179 2705 1265 2728 recte
1298 2703 1411 2727 monet
1436 2699 1640 2728 Gronovius:
1673 2704 1712 2730 ut

292 2751 356 2779 quo
380 2740 464 2770 infra
480 2751 507 2769 c.
524 2743 553 2769 3.
572 2739 752 2775 Carseolos,
778 2742 832 2779 qui
857 2741 975 2779 Aliquo·
1022 2750 1120 2780 supra
1139 2742 1191 2771 iv.
1208 2744 1259 2772 48.
1292 2742 1403 2780 Spurii
1426 2740 1581 2772 Moecilius
1596 2747 1625 2773 et
1643 2742 1711 2774 Mc-

293 2794 363 2813 rum
382 2789 489 2815 erant,
507 2787 540 2812 ut
560 2783 626 2822 ipse
644 2784 791 2820 agnoscit
806 2794 834 2813 c.
852 2786 898 2813 12.
917 2785 976 2812 liu-
1021 2787 1117 2814 tilius.

285 2828 340 2866 jus
359 2837 485 2865 quoquc
504 2826 589 2863 libri,
604 2826 719 2856 Marsis
733 2826 914 2857 adscribere
933 2827 975 2855 vi-
