1925 3239
297 162 375 200 486
861 161 1004 202 ΤῘΤΙ
1039 162 1212 202 LIVII
1262 167 1266 173 '

94 265 280 317 U.c.430.
305 261 378 314 rei,
408 276 470 303 me
503 261 674 314 absente,
704 264 858 319 agere?
889 265 1142 317 vetuerimne,
1176 264 1293 321 signa
1326 279 1414 306 cnm
1443 264 1620 306 hostibus
1651 279 1725 306 con

95 310 134 341 Α·
153 309 450 374 s‘·39²⁷·ferre?
481 334 556 374 qao
587 326 633 359 tu
664 320 829 375 imperio
860 335 943 362 meo
973 329 1118 377 spreto,
1148 322 1309 362 incertis
1339 322 1543 376 auspiciis,
1574 321 1729 362 turbati

101 830 210 867 Virgas
224 831 256 857 et

100 881 220 902 secures
236 880 287 900 ex-

102 916 201 954 pediri

94 958 198 996 jubet.

99 1001 215 1031 Fabius
231 1009 263 1029 se

100 1045 212 1081 recipit
228 1044 265 1073 ad

100 1087 234 1117 triarios.

306 375 583 431 religionibus,
598 374 782 417 adversus
802 392 949 418 morem
961 378 1180 419 militarem
1201 376 1530 433 disciplinamque
1550 379 1748 433 majoram

306 438 344 471 et
365 446 504 472 namen
531 431 725 483 Deorum,
747 447 867 474 ausas
889 448 928 474 es
950 435 1168 475 cumelzoste
1189 435 1413 490 conjiigere.
1456 434 1529 474 Ad
1546 434 1640 483 haec,
1662 448 1750 489 qaoe

306 487 583 544 interrogatus
604 503 655 540 es,
675 489 875 542 responde.
898 498 1008 530 extra
1031 506 1093 541 ea,
1107 505 1215 541 cave,
1238 491 1543 532 vocem-mittas.
1576 489 1746 538 Accede,

308 543 439 584 lictor.
489 546 706 585 Adversus
728 560 823 600 quae
847 545 1038 602 singulab
1059 562 1190 602 quum
1215 547 1466 602 respondere
1490 546 1598 587 haud
1625 545 1748 586 facile

309 612 433 651 esset,
455 613 497 642 et
518 615 630 642 nunc
663 613 921 655 quereretur,
943 605 1138 644 eumdem
1173 614 1462 644 accusatorem
1498 603 1650 658 capitis
1683 602 1747 642 sui

311 671 362 696 ac
377 657 567 710 judicem
582 671 699 708 esse3
723 659 864 707 modo,
880 660 1008 699 vitam
1031 660 1111 700 sibi
1133 661 1239 715 eripi
1260 660 1397 707 citum,
1416 675 1541 715 quam
1566 658 1748 714 gloriam

313 727 451 754 rerum
486 724 715 768 gestarum,
737 729 875 768 posse,
901 705 1226 766 vociferaretur3
1247 714 1542 772 purgaretque
1566 730 1609 756 se
1639 715 1750 755 invi-

314 783 422 820 cem,
444 781 571 826 atque
595 771 701 811 ultro
723 783 973 813 accusaret:
1001 782 1104 813 tunc
1129 772 1337 827 Papirius,
1362 773 1646 827 redintegrata
1671 771 1749 822 ira,

317 826 485 880 spoliari
521 827 769 882 magistrum
801 828 1009 882 equiturn,
1041 843 1090 870 ac
1124 830 1262 884 virgas
1285 839 1327 869 et
1355 843 1517 869 secures
1550 827 1747 883 expediri

309 882 454 937 jussit.
514 883 685 934 Fabius,
717 884 842 924 fidem
876 885 1057 925 militum
1090 885 1320 940 inploranS,
1342 885 1624 926 lacerantibus
1657 897 1749 924 ves-

316 950 400 979 tem
423 939 658 990 lictoribuS,
679 941 731 980 ad
755 940 936 991 triarios,
959 941 1186 981 tumultum
1205 941 1293 995 jam
1316 945 1349 967 7⁴
1365 942 1404 982 in
1423 942 1630 982 concione
1649 940 1749 981 mis-

315 1006 473 1047 centes,
496 1011 584 1038 sese
606 997 778 1051 recepit.
839 996 945 1038 Inde
975 997 1135 1038 clamor
1165 998 1205 1038 in
1239 1007 1372 1038 totam
1404 999 1654 1039 concionem
1685 1005 1751 1037 est

316 1053 523 1108 perlatus:
557 1053 656 1093 alibi
679 1067 839 1108 preces,
861 1053 962 1095 alibi
986 1053 1427 1097 minaeraudiebantui:
1458 1056 1529 1110 qni
1563 1053 1748 1110 proximi

313 1109 423 1150 forte
466 1109 651 1150 tribunal
690 1118 907 1160 steterant,
945 1111 1045 1165 quia
1085 1111 1268 1164 subjecti
1308 1110 1439 1151 oculis
1482 1109 1746 1166 imperatoris

311 1167 514 1207 noscitari
550 1175 757 1221 poterant,
780 1167 974 1218 orabant,
1006 1177 1054 1207 ut
1085 1175 1276 1222 parceret
1306 1167 1511 1222 magistro
1542 1168 1748 1221 equitum,

311 1237 395 1263 neu
417 1237 512 1263 cum
537 1237 588 1262 eo
609 1224 843 1263 exercitum
862 1224 1096 1264 damnaret.
1157 1223 1361 1264 Extrema
1381 1223 1532 1264 concio
1563 1233 1606 1263 et
1634 1222 1763 1263 circa·

314 1278 494 1320 Fabium
529 1278 682 1334 globus
716 1280 994 1335 increpabant
1035 1279 1330 1320 inclementem
1363 1280 1637 1320 dictatorem:
1670 1292 1749 1319 nec

312 1335 461 1392 procul
484 1336 692 1376 seditione
714 1337 902 1376 aberant.
928 1351 979 1376 ne
1010 1336 1196 1377 tribunal
1227 1337 1397 1390 quidem
1422 1336 1522 1376 satis
1552 1336 1746 1391 quietum

313 1401 416 1432 erat.
478 1392 627 1446 Legati
652 1393 973 1433 circumstantes
997 1393 1139 1433 sellam
1163 1395 1355 1443 orabant,
1378 1399 1426 1432 ut
1457 1406 1541 1432 rem
1573 1393 1616 1432 in
1650 1406 1750 1447 pos·

314 1457 449 1488 terum
473 1449 582 1488 diem
607 1448 810 1498 differret,
832 1458 874 1489 et
897 1450 968 1489 irae
993 1465 1079 1490 suae
1103 1450 1302 1505 spatium,
1324 1459 1366 1489 et
1384 1449 1562 1490 consilio
1583 1453 1748 1503 teinpus

313 1505 456 1545 daret:
489 1503 604 1546 Satis
635 1505 878 1561 castigatam
899 1505 1203 1546 adolescentiam
1229 1505 1353 1546 Fabii
1374 1519 1473 1546 esse.-
1495 1505 1594 1545 satis
1615 1503 1749 1560 d‘fi'r‘

313 1569 464 1602 matam
503 1562 737 1602 victoriam:
779 1576 826 1601 ne
857 1561 913 1602 ad
941 1569 1156 1603 extremam
1176 1562 1306 1617 finem
1336 1561 1524 1616 supplicii
1549 1561 1749 1602 tenderet:

312 1631 388 1658 nea
409 1617 566 1658 73υηίσο
573 1617 734 1673 juveni,
757 1632 829 1658 nea
857 1619 974 1672 patri
1002 1618 1104 1673 ejas,
1125 1618 1344 1659 clarissimo
1376 1619 1478 1668 viro,
1497 1632 1572 1658 nen
1605 1616 1748 1658 Fabiae

314 1673 428 1729 genti
458 1688 544 1714 eam
579 1674 805 1730 injungeret
837 1674 1115 1730 ignominiam.
1175 1676 1320 1721 Quum
1357 1689 1502 1730 parum
1536 1674 1749 1729 precibus,

316 1744 465 1785 parum
488 1745 635 1771 caussa
658 1731 924 1785 proficerent,
942 1731 1108 1772 intueri*
1123 1733 1346 1772 saevientem
1375 1731 1597 1771 concionem
1620 1730 1750 1784 jube-

317 1787 437 1828 bant.
468 1786 528 1827 ita
557 1787 740 1827 irritatis
770 1787 944 1828 rnilitum
973 1788 1116 1829 animis
1135 1787 1298 1828 subdere
1318 1788 1449 1843 ignem
1469 1802 1515 1827 ac
1536 1787 1748 1830 materiam

316 1842 517 1891 seditioni,
539 1857 617 1883 non
647 1857 722 1884 esse
746 1846 886 1894 etatis,
908 1859 983 1885 non
1008 1844 1236 1899 prudentiae
1265 1845 1364 1899 zy'as.
1394 1843 1587 1883 neminem
1617 1842 1662 1882 id
1693 1839 1747 1885 Q.

319 1898 466 1950 Fabio,
486 1901 685 1954 ⁷⁶poenam
705 1899 935 1954 deprecanti
963 1916 1089 1952 suam,
1110 1901 1211 1941 vitio
1240 1915 1460 1950 versuram,
1481 1899 1549 1940 sed
1576 1898 1748 1939 dictato-

315 1956 370 2006 ri,
391 1956 425 1996 si
446 1955 664 1997 obcaecatus
683 1957 747 1997 ira
770 1955 956 2012 infestam
977 1957 1275 1998 multitudinem
1295 1957 1335 1997 in
1356 1970 1395 1997 se
1411 1971 1540 2011 pravo
1562 1955 1748 1996 certami-

315 2027 364 2053 ne
384 2012 579 2053 movisset.
640 2012 868 2063 Postremo,
889 2017 920 2040 ⁷⁷
935 2028 981 2055 ne
1001 2014 1046 2054 id
1063 2029 1101 2054 se
1129 2014 1286 2069 gratiae
1308 2013 1405 2053 dare
1437 2010 1491 2055 Q.
1516 2011 1636 2053 Fabii
1663 2025 1746 2053 cre·
1768 2052 1771 2055 .

315 2069 437 2119 deret,
461 2083 498 2108 se
505 2069 801 2124 jusjurandum
821 2069 916 2109 dare
932 2078 1101 2124 paratos
1120 2085 1200 2111 esse
1212 2086 1225 2119 ,·
1244 2084 1321 2111 non
1343 2069 1470 2110 videri
1487 2083 1506 2110 e
1526 2067 1748 2124 republica,

316 2126 361 2165 in
385 2123 438 2168 Q.
463 2124 636 2165 Fabiam
657 2140 700 2166 eo
720 2132 890 2181 tempore
909 2127 1189 2168 animadverti.

375 2180 616 2222 XXXIII.
651 2182 730 2222 His
755 2183 929 2223 vocibus
951 2198 1080 2238 quum
1105 2184 1148 2223 in
1171 2196 1213 2223 se
1237 2183 1371 2238 magis
1397 2181 1621 2223 incitarent
1654 2181 1745 2222 dic·-

316 2246 515 2288 tatorem,
548 2245 676 2292 quam'
713 2240 751 2278 in
787 2239 1034 2294 magistrum
1069 2240 1258 2294 equitum
1297 2240 1524 2294 placarent,
1551 2238 1659 2293 jussi
1692 2238 1745 2278 de

317 2294 516 2335 tribunali
562 2295 814 2338 descendere
855 2296 1004 2351 legati:
1052 2306 1109 2344 et,
1147 2296 1312 2336 silentio
1350 2296 1636 2350 nequidquam
1671 2308 1747 2349 per

317 2364 559 2407 praeconem
582 2359 760 2402 tentato,
781 2365 927 2407 quum,
952 2367 1037 2408 prae
1069 2353 1245 2407 strepitu
1276 2367 1324 2393 ac
1356 2352 1554 2403 tumultu,
1576 2365 1653 2392 nec
1682 2351 1747 2406 ip-

787 2439 802 2460 ¹’
823 2443 891 2472 add.
910 2443 947 2478 Q.
962 2443 1057 2472 Fabio
1073 2444 1169 2472 Gron.
1186 2444 1275 2472 Crev.

362 2523 403 2552 74
431 2520 467 2550 Iu
495 2519 650 2558 concione]
688 2520 810 2550 Otiosae
836 2531 943 2558 voces,
975 2532 1011 2551 ac
1099 2523 1140 2556 76
1154 2522 1321 2552 *Poenam
1338 2522 1522 2561 deprecanti
1535 2520 1644 2559 suam]
1663 2521 1746 2560 Sup-

317 2563 455 2592 fnrtasse
473 2562 535 2592 huc
555 2566 703 2592 reti-actm
721 2574 758 2592 ex
775 2565 925 2602 sequenti
942 2575 1011 2594 ver·
1056 2565 1192 2604 plicium
1209 2566 1354 2603 effugere
1371 2565 1515 2594 conanti.
1549 2565 1578 2594 Is
1594 2564 1746 2603 depreca-

318 2615 370 2640 εει,
402 2607 454 2635 nbi
484 2606 605 2644 legitur
637 2607 669 2635 in
697 2611 793 2636 totam
826 2610 1009 2637 concionem.
1055 2614 1122 2644 tar,
1139 2609 1192 2646 qni
1211 2613 1364 2647 precatur
1379 2607 1507 2645 nequid
1525 2607 1707 2645 contingat.

319 2648 381 2677 Eas
397 2652 509 2678 tamen
527 2648 634 2678 dolero.
650 2649 675 2678 si
700 2650 753 2678 cui
777 2649 896 2679 durnin
921 2651 1010 2680 vide-
1097 2655 1133 2684 Τῖ
1151 2651 1167 2668 ⁸*
1183 2652 1235 2681 Ne
1250 2652 1284 2681 id
1297 2661 1329 2680 se
1341 2651 1460 2688 graliae
1482 2650 1560 2679 dare
1583 2650 1626 2690 Q.
1652 2649 1742 2680 Fabii

316 2691 418 2727 bitur,
437 2693 547 2720 mitius
565 2691 641 2720 licet
665 2692 740 2721 bnic
763 2692 834 2721 loco
857 2693 1007 2722 consule-
1051 2694 1206 2734 crederet]
1233 2694 1282 2724 Ne
1305 2692 1453 2723 crederet
1475 2702 1510 2722 se
1534 2693 1605 2722 ideo
1627 2693 1673 2722 sic
1697 2692 1744 2722 lo-

316 2743 364 2770 re,
381 2738 413 2762 et
430 2735 605 2763 emendare
623 2745 697 2764 enin
715 2735 798 2765 Tam
819 2735 936 2766 Fabro:
955 2742 1005 2767 la·
1051 2737 1119 2774 qui,
1135 2738 1211 2775 quia
1227 2737 1367 2776 gratiam
1385 2735 1470 2765 Fabii
1495 2736 1654 2765 demereri
1676 2734 1744 2765 vel-

317 2778 422 2819 inulta
431 2774 505 2815 jam
522 2778 695 2807 concionum
712 2780 880 2808 misc-eules.
1054 2780 1121 2809 lent
1136 2792 1146 2816 ;
1170 2789 1204 2809 se
1222 2780 1254 2809 in
1271 2780 1311 2809 iis
1328 2788 1399 2818 qnae
1423 2779 1570 2809 dicerent
1591 2784 1740 2820 spectare

361 2821 429 2852 75*
446 2819 546 2849 Unico
567 2818 694 2861 juveni]
742 2821 875 2857 ,lum—ni,
915 2824 1007 2861 cujus
1054 2823 1141 2854 Fabii
1157 2823 1298 2863 gratiam
1314 2828 1347 2853 et
1361 2822 1552 2853 amicitiam.

316 2863 419 2893 virtus
434 2862 610 2901 singularis
626 2869 657 2894 et
677 2865 773 2894 unica
787 2873 882 2895 esset.
