1991 3250
183 1425 323 1454 Manlius
337 1424 370 1453 in

181 1476 334 1497 carcerem

183 1512 307 1541 missus.

401 121 480 156 366
959 120 1090 158 TlTl
1125 115 1292 158 LIVII

402 215 454 257 lis
474 214 630 271 feram.
693 215 802 258 Nam
839 216 947 272 quod
978 217 1034 259 ad
1067 217 1271 259 thesauros
1308 215 1499 258 Gallicos
1534 217 1702 268 adtinet,
1734 228 1829 266 rem,

366 297 375 306 .
401 279 542 327 suopte
566 280 714 314 natura
731 273 922 333 similem,
949 273 1150 327 difficilem
1179 273 1444 329 iuterrogatio
1462 271 1591 329 facit.
1623 289 1695 315 cur
1726 275 1832 314 enim

399 329 600 384 quceritig·
615 330 721 385 quod
740 330 848 371 scitis
862 329 884 370 ,9
913 344 999 380 cur,
1020 330 1130 384 quod
1146 330 1189 370 in
1210 330 1302 370 sinu
1321 337 1446 371 vestro
1467 337 1540 378 est,
1560 330 1690 370 excuti
1706 330 1832 385 jube-

399 386 450 425 tis
465 386 615 439 potius,
638 400 759 440 qaam
775 386 954 440 ponatis,
975 386 1056 426 nisi
1077 386 1218 441 aliqua
1234 384 1364 441 fraus
1383 385 1514 426 subest
1526 384 1548 425 il
1581 383 1671 429 Quo
1700 386 1830 442 magis

399 442 520 496 argui
534 442 763 497 praestigt'as
775 441 933 497 jubetis
954 449 1116 493 vestras,
1136 457 1179 483 eo
1205 442 1298 496 plus
1326 456 1474 497 vereor,
1495 443 1525 467 ‘³7
1541 456 1588 482 ue
1616 441 1831 483 abstuleri-

398 500 452 539 tis
474 498 776 539 observantibus
797 498 917 538 etiam
933 497 1078 538 oculos.
1137 496 1287 553 Itaque
1305 513 1384 539 non
1404 513 1488 554 ego,
1509 498 1620 539 vobis
1648 505 1692 539 ut
1721 498 1833 539 ind-i-

399 569 478 595 cem
492 554 652 609 praedas
672 561 831 605 vestras,
853 553 920 595 sed
938 568 1008 594 vos
1028 554 1074 594 id
1092 554 1257 611 cogendi
1277 555 1377 605 estis,
1393 562 1438 596 ut
1468 555 1511 595 in
1539 553 1711 596 medium
1734 569 1832 609 pro-

383 610 554 667 jer-atis.

458 666 587 708 XVI.
619 667 763 713 Quum
801 666 969 706 mittere
1003 667 1204 722 ambages
1242 667 1424 709 dictator
1453 667 1639 722 juberet,
1676 676 1719 708 et
1758 675 1834 708 aut

398 725 430 748 ‘⁵⁸
444 737 643 778 peragere
668 738 808 763 verum
834 723 1038 763 indicium
1066 733 1253 778 cogeret,
1275 734 1347 765 aut
1379 724 1499 765 fateri
1535 723 1697 764 facinus
1731 724 1834 764 insi-

397 780 546 821 mulati
570 779 677 820 falso
695 779 873 820 crimine
894 788 1078 830 senatus,
1095 781 1127 806 ⁶⁹
1141 780 1381 834 oblataeque
1401 781 1495 821 vani
1515 780 1614 820 furti
1635 779 1832 831 iuvidiae3

399 846 641 891 negantem,
663 836 839 876 arbitrio
864 836 1134 876 inimicorum
1159 850 1202 876 se
1222 835 1478 886 locuturum,
1500 837 1541 877 in
1566 836 1735 878 vincula
1752 836 1832 877 du-

398 893 596 947 cijussit.
653 892 868 947 Adreptus
901 906 926 932 a
959 893 1132 942 viatore,
1152 893 1334 947 Jupiter,
1354 893 1504 947 inquit,
1525 893 1671 947 optime
1700 892 1829 933 maxi-

397 963 469 999 me,
489 950 684 1004 Junoque
705 948 884 1003 Regina,
902 963 949 989 ac
979 949 1190 999 Minerva,
1211 949 1408 1003 ceterique
1438 948 1519 989 Dii
1549 949 1739 1004 Deaeque,
1761 949 1833 1004 qui

400 1004 646 1060 Capitolium
666 1019 874 1059 arcemque
895 1004 1084 1054 incolitis,
1105 1005 1248 1046 siccine
1269 1013 1439 1046 vestrum
1459 1004 1625 1046 militem
1653 1021 1700 1047 αι·
1723 1021 1833 1060 prce-

395 1062 518 1103 sidem
538 1062 669 1102 sinitis
689 1062 827 1102 vetari
848 1061 900 1102 ab
922 1060 1128 1102 inimicis?
1158 1061 1260 1102 Haec
1281 1061 1435 1111 dextra,
1456 1076 1537 1117 qua
1561 1061 1706 1104 Gallos
1723 1061 1830 1118 fudi

395 1133 421 1158 a
441 1118 617 1159 delubris
637 1118 898 1173 vestris-,jam
918 1118 963 1158 in
983 1117 1154 1158 vinculis
1173 1124 1211 1158 et
1232 1118 1380 1159 catenis
1412 1119 1489 1158 erit
1504 1117 1526 1158 ,P
1559 1117 1726 1160 Nullius
1750 1133 1830 1160 nec

395 1176 507 1216 oculi
544 1190 622 1215 nec
651 1189 770 1216 aures
808 1175 1108 1230 indignitatem
1144 1173 1362 1216 ferebant:
1395 1174 1466 1215 sed
1503 1173 1711 1216 ⁷0invicta
1750 1176 1831 1217 sibi

395 1231 591 1286 quaedam
614 1231 1046 1287 patientissimajusti
1070 1231 1236 1286 imperii
1267 1231 1416 1271 civitas
1446 1230 1619 1272 fecerat.
1650 1246 1727 1272 nec
1757 1232 1832 1272 ad-

394 1303 540 1328 versus
572 1289 841 1329 dictatoriam
879 1289 962 1328 vim
997 1297 1070 1328 aut
1102 1275 1261 1328 tribuni
1295 1288 1443 1343 plebis,
1466 1296 1539 1328 aut
1571 1288 1663 1343 ipsa
1697 1287 1833 1343 plebs‚'

395 1345 596 1386 adtollere
618 1345 764 1386 oculos
786 1353 860 1385 aut
892 1344 1053 1385 hiscere
1084 1345 1312 1385 audebant.
1371 1344 1583 1399 Conjeeto
1616 1344 1660 1385 in
1690 1358 1833 1386 carce-

398 1416 482 1442 rem
520 1401 704 1451 Manlio,
735 1401 837 1442 satis
868 1409 1050 1451 constat,
1072 1414 1271 1455 magnam
1308 1410 1468 1456 partem
1487 1400 1636 1455 ‚plebis
1671 1410 1832 1442 vestem

397 1468 597 1508 mutasse,
618 1458 774 1499 multos
799 1458 996 1498 mortales
1017 1456 1218 1513 capillum
1240 1472 1290 1498 ac
1319 1460 1348 1483 ⁷¹
1366 1458 1537 1499 barbam
1571 1457 1834 1513 promisisse,

397 1516 750 1569 obversatamque
774 1515 982 1555 vestibulo
1003 1514 1184 1555 carceris
1205 1522 1403 1555 moestam
1436 1514 1619 1555 turbam.
1678 1513 1833 1556 Dicta-

398 1583 465 1613 tor
502 1572 554 1612 de
586 1571 750 1612 Volscis
789 1571 1094 1626 triumphavit:
1136 1570 1393 1624 invidiaeque
1422 1571 1558 1626 magis
1581 1570 1835 1626 triumphus,

396 1643 524 1683 quam
566 1628 729 1683 gloriae,
772 1627 866 1668 fuit.
927 1628 1101 1682 Quippe
1141 1627 1272 1675 domi,
1313 1642 1399 1668 non
1443 1627 1622 1678 militiae,
1663 1637 1832 1683 partum

392 1700 519 1736 >eum;
552 1694 780 1739 actumque
810 1685 862 1724 de
893 1685 1000 1734 cive,
1032 1698 1116 1724 non
1149 1683 1200 1724 de
1232 1684 1369 1733 hoste,
1400 1683 1666 1725 fremebant:
1698 1697 1832 1725 unum

395 1742 579 1783 defuisse
601 1750 764 1781 tantum
800 1741 1025 1796 superbiai,
1046 1739 1160 1795 quod
1192 1754 1278 1780 non
1312 1740 1381 1781 M.
1404 1740 1594 1781 Manlius
1617 1748 1714 1781 ante
1735 1741 1847 1781 cur-'

394 1813 487 1840 rum
511 1799 565 1838 sit
586 1798 752 1839 ductus.
793 1797 978 1852 Jamque
999 1797 1110 1837 haud
1134 1796 1279 1851 procul
1303 1797 1510 1838 seditione
1532 1810 1595 1838 res
1617 1806 1733 1838 erat:
1754 1811 1829 1838 cu-

390 1856 462 1911 jus
495 1855 701 1896 leniendae
735 1869 897 1906 caussa,
921 1854 1162 1910 postulante
1195 1852 1327 1904 nullo,
1360 1853 1536 1909 largitor
1569 1853 1833 1895 voluntarius

422 2013 462 2046 67
475 2011 529 2043 Ne
537 2013 732 2044 abstuleritis
745 2011 980 2044 observ-antibus
989 2013 1091 2043 etiam

393 2056 507 2095 oculos]
526 2057 576 2086 Ne
590 2059 688 2087 tanta
701 2063 772 2087 arn.¹
795 2057 885 2087 furta
907 2062 1016 2086 vestra
1036 2065 1090 2086 oc-

1178 2014 1215 2046 71
1244 2011 1391 2042 Barbam
1404 2011 1597 2052 prmnisz'sse]
1623 2009 1771 2042 Credidit
1786 2021 1836 2042 er-

1134 2065 1176 2094 go
1193 2055 1304 2085 Livius
1312 2056 1384 2094 jam
1401 2058 1470 2085 tum
1488 2055 1521 2084 in
1539 2065 1599 2085 usn
1612 2054 1700 2094 apud
1712 2055 1834 2086 Roma-

394 2099 541 2135 cunetis,
565 2105 602 2130 ut
625 2099 748 2130 fallatis
771 2100 882 2130 oculos
906 2101 1008 2130 etiam
1035 2109 1089 2129 eo-

394 2152 482 2180 rum,
510 2143 565 2182 qni
597 2153 664 2173 rem
696 2143 888 2182 diligentius
917 2143 1088 2173 observare

393 2185 508 2215 velint.
554 2186 696 2227 Auferre
724 2189 826 2216 oculos
856 2187 985 2226 proprie
1009 2186 1090 2216 dici-

390 2236 449 2258 tur
477 2228 516 2259 de
544 2230 852 2269 praestigiatoribns,
883 2229 938 2268 qui
969 2229 1092 2259 fallunt

390 2271 504 2302 oculos
520 2274 758 2311 spectantium.
802 2273 893 2303 Bene
907 2273 1010 2311 igitur
1028 2272 1091 2302 hoc

390 2316 487 2345 vei-bo
504 2315 610 2345 utitur
627 2315 751 2352 Livius,
768 2326 870 2355 quum
888 2325 987 2356 supra
1010 2325 1091 2355 prae-

388 2359 564 2397 stigiaruin
583 2360 786 2390 mentionem
804 2359 930 2389 fecerit.

433 2402 682 2441 68*Peragere
696 2413 809 2433 rernm
833 2400 1001 2440 indicium]
1028 2401 1093 2432 Ab-

389 2445 514 2475 solvere
541 2452 688 2484 coeptum
717 2446 890 2482 indicium,
918 2445 1016 2484 idque
1041 2454 1094 2474 ve-

389 2498 462 2518 rum
480 2488 628 2527 probare.

433 2531 695 2571 69⁵*Oblutaeqne
723 2533 800 2561 rani
825 2531 921 2571 surh
947 2529 1087 2569 ini-illice]

389 2573 433 2604 Et
450 2574 554 2605 vocati
572 2575 605 2604 in
620 2575 778 2605 invidiam
793 2582 929 2605 senatus
952 2583 1036 2611 yana
1057 2578 1092 2603 ct

389 2616 490 2650 nullia
507 2620 712 2656 argumentis
730 2620 806 2648 nixa
830 2617 910 2648 furti
935 2617 1090 2648 crimina-

386 2659 490 2689 tione.

432 2707 473 2737 70
485 2704 503 2721 ’ἒ
520 2703 642 2733 Invida
657 2704 715 2734 sihi.
737 2705 886 2743 «pusulam
911 2727 919 2733 .
931 2723 938 2733 .
954 2726 962 2733 .
974 2724 982 2732 .
1003 2703 1089 2742 fece-

389 2746 458 2785 rat]
485 2747 537 2776 Ita
562 2747 739 2777 verebatur
762 2747 912 2785 qnaedam
938 2747 1090 2787 imperia,

390 2796 428 2818 nt
444 2799 560 2820 eorum
576 2789 642 2820 vim
659 2790 718 2820 sibi
738 2791 806 2829 ipsa
823 2791 980 2821 invictam
1004 2790 1090 2821 sace-

390 2839 451 2862 ret.

1135 2108 1192 2129 nos
1208 2099 1321 2134 fuisse,
1336 2104 1374 2128 ut
1397 2098 1530 2128 barbam
1556 2098 1723 2128 raderent.
1767 2097 1832 2128 Tass

1134 2151 1210 2172 meu
1233 2141 1317 2171 Plin.
1341 2142 1361 2171 1.
1383 2140 1458 2172 vll.
1475 2152 1503 2171 c.
1519 2145 1570 2175 59.
1587 2142 1741 2180 affirmat,
1758 2151 1837 2173 auc-

1132 2192 1205 2215 tore
1226 2184 1385 2220 Varrone,
1410 2190 1559 2215 tonsores
1583 2185 1616 2214 in
1641 2183 1771 2215 Italiam
1795 2194 1836 2215 ex

1135 2227 1247 2258 Sicilia
1262 2228 1386 2257 venisse
1403 2238 1490 2257 anno
1515 2227 1650 2259 demum
1665 2237 1699 2258 u.
1716 2230 1831 2260 e‚454.

1138 2271 1207 2311 (qni
1224 2280 1262 2300 ex
1280 2270 1406 2301 calculo
1430 2271 1614 2301 Catoniano
1629 2278 1679 2301 est
1694 2270 1782 2310 45⁶2.)
1799 2271 1834 2301 id

1135 2320 1199 2351 est,
1215 2315 1311 2343 annis
1327 2315 1469 2354 amplius
1485 2315 1656 2354 octoginta
1667 2318 1741 2354 post
1754 2323 1832 2344 con-

1129 2357 1260 2397 jectum
1278 2359 1311 2387 in
1335 2367 1499 2387 cnrccrcin
1525 2356 1709 2387 Manlium:
1733 2361 1835 2387 antea.

1138 2402 1286 2430 intonsos
1315 2400 1413 2431 fuisse
1439 2401 1616 2431 Romanos.
1661 2400 1769 2439 Atque
1799 2400 1834 2431 id

1138 2444 1281 2474 adstruit
1296 2443 1412 2481 Varro,
1429 2444 1450 2473 l.
1467 2443 1510 2474 ΙΙ.
1526 2444 1564 2473 de
1581 2453 1614 2473 re
1629 2443 1724 2474 Rust.
1736 2453 1767 2474 c.
1783 2445 1832 2474 11.

1132 2498 1172 2517 cx
1187 2488 1398 2526 antiquorum
1415 2487 1548 2523 statuis,
1562 2486 1645 2526 quod
1662 2487 1834 2526 pteroeque,

1135 2530 1256 2569 inquit,
1284 2531 1401 2561 liabent
1438 2531 1592 2570 capillum
1628 2533 1660 2560 et
1697 2529 1832 2561 barbam

1135 2583 1304 2611 magnam.

1176 2617 1277 2647 *Non
1295 2616 1452 2647 radebant
1467 2614 1597 2654 quidem
1622 2614 1755 2645 barbam
1780 2624 1834 2645 ve·

1134 2665 1220 2691 teres
1243 2659 1398 2696 Romani,
1415 2662 1498 2689 teste
1520 2659 1590 2697 ipso
1612 2656 1717 2695 Livio,
1732 2668 1833 2699 snpra

1134 2703 1174 2733 V.
1191 2706 1243 2733 41.
1266 2703 1322 2733 scd
1344 2706 1457 2733 tamen
1481 2710 1553 2731 eam
1577 2701 1750 2731 attondere
1773 2701 1831 2732 ali·

1135 2754 1298 2786 quatenus
1321 2748 1354 2775 et
1376 2753 1571 2784 componere
1593 2743 1681 2774 soliti
1712 2750 1828 2784 crant5

1135 2791 1167 2820 in
1180 2789 1273 2819 luctu
1287 2788 1469 2827 neglectum
1482 2787 1738 2827 promissamque
1751 2788 1832 2819 flue·

1134 2842 1168 2864 rc
1183 2832 1346 2863 sinebant.
1362 2830 1436 2862 vid.
1447 2840 1548 2872 supra
1562 2829 1606 2862 11.
1629 2832 1683 2863 23.
