1925 3239
318 135 396 170 490
870 131 1009 170 TlTI
1043 131 1222 171 LIVII

103 239 144 271 U.
163 239 199 270 C
216 242 290 273 430.
313 230 496 271 militare
514 229 628 272 haud
650 230 788 272 minus
816 231 1001 287 periculo
1024 233 1080 280 Q
1104 232 1240 284 Fabii,
1261 246 1390 288 quam
1419 233 1628 289 supplicio
1659 235 1741 277 mi-

102 283 141 314 A·
159 284 196 314 C·
211 287 285 316 322.
317 287 482 328 serabili
507 288 786 329 adolescentis
820 289 991 339 Manlii,
1015 289 1249 329 videbatur.
1308 289 1436 329 Forte
1467 291 1528 331 ita
1557 305 1608 331 eo
1628 307 1742 334 anno

87 1440 235 1479 Legiones

311 357 360 383 ev
366 345 468 394 enit,
493 353 551 394 ut,
573 345 923 399 quotiescumque
944 321 1125 386 dictator
1144 346 1199 385 ab
1220 346 1410 386 exercitu
1431 348 1616 397 recessit,
1640 347 1740 388 hos-

310 407 372 439 tes
415 401 455 440 in
500 400 673 441 Samnio
714 411 997 442 moverentur.
1028 411 1212 442 ceterum
1257 404 1299 442 in
1330 402 1462 453 oculis
1494 378 1738 458 exeniplum

308 466 400 496 erat
434 458 488 502 Q.
525 457 678 497 Fabius
715 457 781 497 M.
806 457 974 497 Valerio
1006 457 1162 512 legato,
1184 458 1255 512 qui
1288 458 1434 498 castris
1470 469 1662 513 praeerat,
1683 474 1741 501 ne

307 525 434 566 quam
458 514 542 554 vim
567 513 751 554 hostium
775 514 925 568 magiS,
945 528 1071 568 quam
1100 522 1260 554 trucem
1291 515 1510 554 dictatoris
1543 529 1661 565 nam,
1682 516 1740 556 ti-

307 578 455 609 meret.
517 568 681 624 Itaque,
703 569 1026 610 frumentatores
1063 584 1209 624 quum,
1240 571 1518 611 circumventi
1550 586 1603 611 ex
1636 571 1738 612 insi-

308 625 405 676 diis,
428 627 527 666 caesi
551 627 646 667 loco
683 626 829 680 iniquo
861 635 1015 674 essent,
1036 627 1242 666 creditum
1267 629 1392 682 vulgo
1424 637 1501 677 est,
1522 628 1738 669 subveniri

307 681 368 722 eis
389 683 442 722 ab
465 682 605 738 legato
626 683 831 736 potuisse,
853 682 895 722 ni
920 682 1056 722 tristia
1075 683 1216 723 edicta
1243 684 1541 724 exhorruisset.
1563 698 1612 724 ea
1632 698 1737 738 quo-

306 752 389 791 que
430 739 490 778 iia
505 716 728 778 t’alienavit
768 753 792 778 a
831 738 1038 778 dictatore
1080 739 1261 779 militum
1301 740 1478 790 animos,
1503 740 1595 794 jam
1636 750 1736 780 ante

306 793 509 844 infensos,
549 794 663 850 quod
713 794 976 849 inplacabilis
1024 793 1082 840 Q
1122 794 1256 836 Fabio
1305 795 1473 846 fuisset3
1522 806 1580 847 et,
1619 796 1736 851 quod

307 850 392 890 suis
413 851 609 905 precibus
640 860 849 906 negasset,
869 864 960 905 ejus
992 850 1148 906 populo
1180 851 1378 892 Romano
1400 853 1564 893 veniam
1596 852 1736 894 dedis-

307 916 385 947 set.

362 962 593 1004 XXXVI.
619 963 850 1027 Postquam
874 964 1071 1027 dictator,
1093 964 1332 1028 praeposito
1346 965 1388 1005 in
1409 965 1512 1005 urbe
1535 965 1581 1005 L.
1604 964 1735 1020 Papi-

302 1019 366 1060 rio
389 1020 542 1060 Crasso
566 1022 770 1076 magistro
792 1021 996 1074 equitum,
1017 1021 1071 1068 Q.
1097 1021 1230 1061 Fabio
1252 1020 1384 1061 vetito
1406 1022 1631 1085 quidquam
1654 1036 1733 1076 pro

301 1077 554 1132 magistratu
576 1092 714 1132 agene,
738 1078 778 1117 in
801 1087 937 1117 castra
959 1078 1107 1128 lediit3
1141 1091 1276 1132 neque
1296 1078 1461 1118 civibus
1485 1080 1585 1119 satis
1609 1079 1730 1119 laetus

301 1120 505 1173 adventus
536 1134 625 1188 ejus
661 1133 754 1183 fuit,
776 1148 854 1175 nec
874 1134 1066 1174 hostibus
1100 1134 1329 1188 quidquam
1363 1134 1514 1174 adtulit
1546 1135 1730 1175 terroris.

299 1202 482 1244 namque
502 1199 672 1245 postero
691 1191 772 1240 die,
787 1204 857 1230 seu
879 1190 1014 1246 ignari
1033 1192 1195 1230 venisse
1216 1191 1483 1241 dictatorem,
1505 1205 1590 1241 seu,
1611 1191 1733 1231 ades-

300 1255 364 1286 set
403 1261 455 1286 an
496 1248 674 1297 abesset,
716 1247 828 1301 parvi
871 1247 1090 1297 facientes,
1121 1247 1327 1287 instructa
1366 1247 1456 1288 acie
1497 1247 1548 1287 ad
1591 1257 1730 1288 castra

300 1314 585 1344 accesserunt.
645 1303 841 1344 Ceterum
865 1312 1030 1344 tantum
1053 1304 1256 1343 momenti
1289 1304 1332 1343 in
1353 1317 1438 1343 uno
1460 1303 1550 1344 viro
1575 1303 1623 1345 L.
1645 1303 1726 1344 Pa-

300 1359 409 1421 pil-io
445 1359 538 1409 fuit,
572 1368 632 1410 ut,
666 1361 697 1400 si
738 1360 854 1400 ducis
887 1359 1064 1400 consilia
1097 1359 1218 1400 favor
1250 1361 1498 1400 subsecutus
1539 1360 1725 1400 militum

300 1415 424 1465 foret,
447 1416 644 1457 debellari
670 1431 719 1457 eo
750 1417 819 1456 die
850 1431 947 1457 cum
985 1416 1245 1457 Samnitibus
1277 1417 1479 1471 potuisse,
1503 1431 1578 1471 pro
1613 1416 1726 1457 haud

85 1483 277 1513 Romanede
300 1472 430 1512 dubio
455 1473 490 1512 h·
484 1473 644 1513 ώίῑυῐῃ
670 1473 747 1514 sit:
780 1473 839 1512 ita
857 1474 1059 1513 instruxit
1080 1474 1213 1513 aciem
1244 1472 1340 1514 loco
1361 1487 1410 1514 ac
1432 1473 1647 1522 subsidiis,
1666 1472 1728 1513 ita

85 1527 238 1555 industria

83 1569 164 1598 male
177 1580 255 1609 pug-

86 1615 176 1641 nant.

82 1764 225 1795 Dictator

80 1811 195 1839 comior

81 1853 190 1884 factus.

76 2277 227 2309 Samnites

73 2322 179 2352 vincit.

300 1530 415 1569 omni
439 1539 528 1570 arte
562 1530 711 1570 bellica
742 1529 939 1569 firmavit.
962 1540 1169 1570 cessatum
1192 1545 1217 1569 a
1249 1529 1394 1580 milite,
1416 1544 1466 1569 ac
1498 1530 1550 1570 de
1582 1529 1728 1569 indus-

297 1586 390 1634 tria,
413 1595 460 1625 ut
492 1587 800 1627 obtrectaretur
833 1586 1026 1626 laudibus
1059 1586 1192 1635 ducis,
1216 1586 1405 1640 inpedita
1432 1586 1612 1626 victoria
1644 1595 1722 1626 est.

299 1641 445 1682 Plures
469 1643 722 1683 Samnitium
746 1642 957 1683 cecidere:
991 1642 1128 1705 plures
1163 1642 1346 1682 Romani
1383 1642 1585 1682 vulnerati
1610 1651 1724 1684 sunt.

296 1698 436 1738 Sensit
468 1699 625 1754 peritus
661 1699 765 1748 dux,
794 1713 889 1753 quae
923 1713 985 1738 res
1017 1699 1204 1738 victoriae
1238 1699 1448 1739 obstarxet
1482 1707 1722 1752 temperan-

294 1755 427 1794 dum
419 1756 636 1811 ingenium
670 1769 790 1795 suum
823 1769 925 1805 6556,
947 1765 990 1795 et
1021 1755 1287 1795 severitatem
1321 1755 1579 1795 miscendam
1601 1761 1722 1794 8760-

293 1812 384 1851 mit
375 1812 445 1851 ati.
505 1811 669 1866 Itaque,
691 1811 890 1851 adhibitis
911 1811 1104 1865 legatis,
1097 1825 1200 1866 ipse,
1223 1814 1254 1835 ²³⁸
1270 1811 1429 1852 circum
1452 1811 1618 1851 saucios
1638 1810 1720 1851 ini-

294 1867 420 1908 lites
412 1882 594 1909 inserens
617 1868 659 1908 in
694 1877 875 1908 tentoria
907 1877 1050 1921 caput,
1073 1868 1276 1923 singulos,
1301 1877 1345 1907 ut
1377 1881 1464 1907 sese
1498 1866 1718 1917 haberent,

292 1924 496 1979 logitans,
531 1939 675 1965 cunam
707 1938 850 1964 eorum
886 1924 1135 1963 nominatim
1174 1924 1337 1978 legatis,
1367 1924 1644 1978 tribunisque,
1675 1933 1720 1964 et

291 1986 322 2009 8⁰
341 1981 550 2044 pr'aetectis
572 1981 880 2022 demandabat:
913 1994 997 2020 rem
1023 1994 1095 2034 per
1117 1994 1159 2020 se
1193 1980 1435 2035 popularem
1472 1980 1530 2019 ita
1566 1980 1720 2020 dexter

290 2039 392 2091 egit,
417 2048 475 2087 ut,
509 2037 724 2078 medendis
758 2037 1023 2090 con··1)01ibus,
1055 2036 1185 2077 animi
1220 2036 1351 2076 multo
1387 2037 1499 2091 prius
1534 2036 1717 2076 militum
1771 2049 1774 2052 ·

289 2092 534 2147 imperatori
560 2093 954 2142 reconciliarentui3
988 2093 1314 2154 necquidquam
1338 2093 1388 2133 ·1cl
1421 2092 1712 2133 salubritatem

288 2150 502 2191 efficacius
525 2150 665 2199 f·ue1it,
687 2164 813 2212 quam
847 2125 960 2203 quod
994 2158 1115 2204 grato
1148 2164 1290 2189 animo
1323 2163 1372 2189 ea
1405 2163 1505 2189 cura
1537 2157 1716 2204 accepta

288 2216 366 2249 est
426 2206 609 2247 Refecto
641 2207 846 2256 exercitu,
870 2220 965 2246 cum
1004 2207 1123 2245 hoste
1155 2220 1404 2268 congressus
1439 2205 1549 2245 haud
1585 2205 1716 2245 dubia

288 2276 362 2317 spe
393 2278 466 2303 sua
499 2264 779 2317 militumque,
802 2263 860 2302 ita
892 2261 1001 2302 fudit
1034 2261 1284 2317 fugavitque
1317 2263 1541 2310 Samnites,
1569 2270 1614 2301 ut
1644 2261 1713 2301 ille

288 2318 460 2359 ultimus
482 2321 541 2360 eis
563 2320 650 2359 dies
673 2318 916 2359 conferendi
942 2319 1063 2373 signa
1084 2333 1180 2357 cum
1203 2319 1409 2359 dictatore
1437 2318 1576 2358 fuerit.
1638 2317 1712 2358 In-

285 2377 413 2416 cessit
433 2376 598 2426 deinde,
621 2390 704 2430 qua
725 2375 849 2414 duxit
874 2375 1027 2428 praedae
1052 2389 1159 2428 spes,
1182 2375 1318 2415 victor
1349 2375 1585 2424 exercitu53
1615 2387 1711 2427 pei·-

284 2431 560 2486 lustravitque
592 2432 778 2473 hostium
815 2445 954 2485 θέᾳ-05,
988 2431 1101 2470 nulla
1133 2445 1261 2480 arma,
1294 2431 1450 2471 nullam
1497 2431 1596 2480 vim,
1632 2444 1709 2470 nec

282 2499 485 2540 apertam,
508 2503 583 2529 nec
606 2489 782 2537 insidiis,
804 2498 1017 2541 expertus.
1071 2487 1272 2529 Addebat
1292 2488 1567 2536 alacritatem,
1592 2486 1706 2540 quod

280 2545 461 2585 dictator
483 2545 668 2600 praedam
699 2558 866 2585 omnem
898 2543 1089 2584 edixerat
1112 2543 1346 2585 militibus:
1379 2558 1455 2583 nec
1487 2543 1546 2582 ira
1572 2543 1708 2598 magis

321 2677 359 2707 87
411 2674 573 2713 Cominio]
611 2674 727 2705 Mallct
764 2674 967 2705 Gronovius:
1056 2675 1096 2707 29
1123 2672 1305 2712 Prtrfi’ctis]
1339 2671 1504 2701 Praefectis
1531 2672 1706 2701 sociorum.

276 2719 432 2747 comitate.
1014 2716 1056 2745 Hi
1081 2720 1175 2746 erant
1199 2726 1348 2751 numero,
1371 2716 1460 2753 jure,
1484 2720 1517 2743 et
1545 2717 1708 2753 potestate

320 2761 386 2791 88*
401 2760 526 2789 Circum
550 2762 670 2790 saucios
693 2760 820 2800 milites]
847 2760 971 2789 Omn(s
1014 2759 1153 2789 tribunis
1171 2759 1314 2788 militum
1333 2765 1436 2797 pares,
1451 2762 1485 2786 ct
1501 2758 1613 2787 endem
1637 2767 1708 2787 oni-

276 2805 406 2833 siursios
438 2803 558 2834 milites
590 2815 629 2834 cx
666 2803 779 2833 ordine
818 2803 971 2835 circumi·
1015 2803 1069 2831 nia
1085 2802 1118 2831 iu
1142 2803 1244 2833 socios
1269 2801 1484 2841 usurpabant,
1501 2810 1572 2840 qute
1597 2801 1648 2831 isti
1672 2801 1706 2834 in

276 2855 347 2881 esis.
1013 2854 1108 2875 cives.
