1914 3239
268 102 318 136 10
843 93 989 135 T1T1
1024 92 1195 135 lell

265 192 431 239 adcola
452 193 542 238 ausi
566 192 667 238 sint.
729 191 824 239 Pax
847 193 908 236 ita
924 202 1202 241 convenerat,
1225 199 1274 231 ut
1296 188 1488 235 Etruscis
1521 190 1709 233 Latinis·

265 263 350 304 que
373 249 529 296 fluvius
559 247 733 300 Albula,
755 263 884 304 quem
918 263 1034 291 nunc
1055 248 1248 291 Tiberim
1271 255 1444 297 vocant,
1462 247 1560 288 finis
1581 257 1707 289 esset.

264 308 299 330 ²⁰
312 305 472 351 Silvius
494 305 649 350 deinde
665 314 832 362 regnat,
851 304 1028 346 Ascanii
1047 304 1174 354 filius,
1193 317 1295 344 casu
1317 303 1505 357 quodam
1527 303 1571 344 in
1590 303 1709 344 silvis

265 371 409 407 natus.
469 361 512 404 Is
546 361 715 407 AEnean
753 362 934 405 Silvium
968 369 1100 403 creat.
1132 360 1166 399 is
1200 358 1354 400 deinde
1391 357 1592 400 Latinum
1628 358 1711 400 Sil-

265 419 401 460 vium.
460 417 532 460 Ab
553 433 605 459 eo
628 420 658 442 2¹
675 418 858 460 coloniae
881 416 1046 471 aliquot
1070 415 1285 464 deductae,
1306 414 1443 456 Prisci
1470 414 1613 456 Latini
1636 417 1711 456 ad-

266 475 429 531 pellati.
508 474 676 518 Mansit
720 473 865 514 Silviis
909 482 1060 528 postea
1097 471 1299 512 omnibus
1341 485 1601 526 cognomen,
1635 471 1710 525 qui

265 532 393 573 Albae
415 539 663 586 regnarunt.
727 529 881 569 Latino
913 528 1027 568 Alba
1059 537 1194 578 ortuS,
1212 526 1327 567 Alba
1347 529 1474 581 Atys,
1490 525 1606 582 Atye
1626 527 1711 568 Ca-

267 587 527 643 pys,Capye
551 586 757 640 Capetus,
773 585 941 639 Capeto
962 583 1218 634 Tiberinu33
1249 583 1339 638 qui,
1362 583 1405 624 in
1429 583 1610 637 trajectu
1633 582 1709 624 Al-

266 644 380 684 bulae
403 642 540 683 amnis
564 643 824 691 submersus,
853 641 1020 681 celebre
1043 640 1096 680 ad
1127 648 1322 695 posteros
1347 653 1503 680 nomen
1539 639 1707 680 flumini

266 699 399 740 dedit.
457 697 657 752 Agrippa
688 697 787 738 inde
821 696 1016 737 Tiberini
1049 696 1188 747 filius3
1221 704 1319 751 post
1351 694 1594 750 Agrippam
1619 695 1711 736 Ro-

266 754 405 796 mulus
429 753 602 803 Silvius,
622 767 645 793 a
665 762 785 808 patre
814 762 996 808 accepto
1026 753 1225 808 imperio,
1248 763 1414 806 regnat.
1473 751 1710 803 Aventino,

266 810 446 852 fulmine
468 810 559 864 ipse
580 810 707 860 ictus,
732 823 911 865 regnum
936 815 1011 864 per
1031 822 1183 849 manus
1207 807 1410 848 tradidit:
1444 808 1495 858 is,
1518 807 1710 864 sepultus

265 868 309 908 in
333 881 384 907 eo
420 866 544 917 colle,
580 866 652 920 qui
678 880 792 907 nunc
824 875 890 906 est
912 879 1009 920 pars
1045 865 1258 906 Romanae
1294 865 1425 913 urbis,
1464 877 1711 919 cognomen

264 923 364 964 colli
405 922 524 964 fecit.
588 922 727 963 Proca
765 922 920 963 deinde
962 931 1140 977 regnat:
1194 920 1228 960 is
1264 920 1541 961 Numitorem
1581 929 1712 974 atque

262 978 487 1020 Amulium
530 987 741 1034 procreat.
802 978 1040 1028 Numitori,
1075 977 1148 1032 qui
1178 976 1324 1031 stirpis
1358 976 1575 1017 maximus
1603 986 1711 1028 erat,

261 1049 445 1091 regnum
469 1044 685 1076 vetustum
708 1034 854 1076 Silviae
887 1034 1029 1090 gentis
1051 1033 1181 1089 legat.
1243 1032 1346 1073 Plus
1372 1042 1514 1073 tamen
1537 1033 1601 1074 vis
1633 1047 1711 1088 po-

215 1138 218 1141 ,
261 1094 361 1142 tuit,
391 1105 518 1146 quam
564 1090 761 1132 voluntas
795 1092 928 1146 patris
961 1101 1036 1131 aut
1068 1088 1327 1130 verecundia
1359 1089 1516 1130 aetatis.
1577 1088 1709 1129 Pulso

260 1148 407 1198 fratre,
425 1146 623 1189 Amulius
645 1157 823 1203 regnat:
855 1147 977 1188 addit
999 1146 1145 1187 sceleri
1167 1145 1332 1187 scelus:
1365 1145 1542 1200 stirpem
1566 1143 1709 1186 fratris

260 1204 427 1245 virilem
461 1204 694 1245 interimit:
742 1203 885 1244 fratris
917 1202 1017 1244 filiae
1057 1202 1195 1243 Rheae
1232 1201 1378 1242 Silviae
1413 1215 1488 1256 per
1520 1201 1708 1256 speciem

262 1260 454 1311 honoris,
468 1275 600 1315 quum
619 1262 651 1283 ‘²2
668 1260 883 1301 Vestalem
904 1274 997 1300 eam
1016 1258 1208 1315 legisset,
1226 1267 1436 1315 perpetua
1459 1257 1710 1313 virginitate

264 1331 380 1373 spem
408 1327 554 1372 partus
577 1316 744 1357 adimit.

48 1390 220 1421 Romunet
324 1373 401 1415 IV.
427 1373 509 1414 Sed
532 1375 562 1395 ‘²³
579 1373 832 1422 debebatur,
864 1379 912 1412 ut
932 1371 1102 1427 opinor,
1126 1370 1226 1412 fatis
1249 1378 1384 1411 tantae
1416 1369 1544 1425 origo
1578 1369 1712 1420 urbis,

48 1435 138 1465 Remi
154 1429 529 1484 ortus·maximique
549 1430 581 1452 ‘²⁴
597 1429 832 1470 secundum
860 1428 1052 1469 Deorum
1085 1441 1190 1482 opes
1222 1425 1395 1481 imperii
1426 1425 1708 1481 principium.

262 1487 317 1527 Vi
333 1500 580 1541 compressa
593 1485 792 1534 Vestalis,
810 1498 942 1539 quum
963 1484 1185 1539 geminum
1204 1493 1374 1539 partum
1392 1482 1612 1532 edidisset,
1634 1496 1708 1524 seu

262 1543 326 1584 ita
347 1550 452 1593 rata,
474 1544 504 1565 ‘²⁵
521 1557 594 1583 seu
617 1542 719 1596 quia
743 1541 861 1582 Deus
884 1550 1035 1582 auctor
1053 1540 1193 1595 culpae
1218 1539 1440 1580 honestior
1461 1548 1566 1589 erat,
1587 1538 1709 1580 Mar-

263 1609 350 1641 tem
374 1599 549 1641 incertae
574 1598 718 1653 stirpis
743 1607 906 1653 patrem
926 1607 1165 1653 nuncupat.
1210 1596 1294 1637 Sed
1320 1609 1398 1636 nec
1420 1594 1511 1643 Dii,
1528 1609 1607 1635 nec
1630 1595 1709 1636 ho-

262 1656 416 1704 mines,
439 1664 512 1695 aut
535 1655 687 1711 ipsam,
706 1663 780 1694 aut
810 1655 988 1709 stirpem
1011 1667 1036 1693 a
1053 1652 1308 1694 crudelitate
1330 1651 1450 1707 regia
1474 1651 1708 1694 vindicant.

263 1711 460 1752 sacerdos
485 1712 628 1752 vincta
650 1711 691 1751 in
716 1710 958 1752 custodiam
982 1709 1109 1750 datur
1129 1727 1139 1761 3
1172 1723 1328 1765 pueros
1351 1708 1393 1748 in
1418 1708 1707 1763 profluentem

262 1782 417 1822 aquam
441 1767 555 1808 mitti
579 1766 724 1822 jubet.
782 1767 815 1789 2⁵
831 1766 961 1807 Forte
991 1765 1176 1820 quadam
1200 1765 1408 1806 divinitus
1437 1779 1563 1820 super
1595 1764 1708 1819 ripas

261 1824 430 1866 Tiberis
453 1822 612 1864 effusus
635 1824 802 1864 leuibus
826 1823 1007 1878 staguiS,
1030 1836 1109 1864 nec
1142 1822 1250 1863 adiri
1274 1835 1454 1877 usquam
1478 1823 1508 1846 ‘²⁷
1524 1821 1577 1862 ad
1595 1821 1707 1876 justi

49 309 168 341 Albani

49 361 150 393 reges.

303 1967 346 1996 20
371 1964 513 2004 Sylvius.
528 1987 537 1995 .
552 1987 560 1994 .
572 1964 706 1995 Ascanii
726 1963 842 2003 filius]
874 1963 961 1994 Eum
1005 1962 1133 1994 frustra
1148 1963 1345 2003 impeditam
1362 1964 1435 2002 ipsa
1448 1971 1508 2003 per
1528 1971 1562 1992 se
1580 1961 1621 1993 ad
1637 1961 1711 1993 seli·

261 2008 354 2047 virg.
380 2008 437 2038 vl.
464 2007 539 2038 AEn.
564 2018 594 2037 v.
614 2010 689 2041 763.
714 2013 750 2037 et
778 2008 878 2037 Dion.
896 2006 916 2036 l.
935 2006 962 2036 1.
1007 2016 1079 2036 cern
1099 2007 1227 2036 exitum
1245 2007 1448 2046 perduxisse.

261 2051 376 2081 AEneae
393 2051 496 2090 ipsius
512 2050 620 2081 filium
638 2050 740 2081 fuisse
757 2050 886 2080 volunt.
1050 2052 1092 2080 ‘24
1117 2049 1303 2079 Secundum
1320 2051 1451 2079 deorum
1464 2049 1550 2088 opes]
1567 2048 1646 2079 Post
1660 2048 1710 2089 ip-

305 2095 341 2124 21
367 2094 514 2133 calmund]
527 2092 756 2124 Nominantur
765 2093 804 2123 ab
813 2093 957 2123 Auctore
1002 2102 1116 2123 sorum
1132 2092 1269 2123 deorum
1289 2093 1480 2131 imperium.

261 2135 336 2166 libri
353 2136 391 2166 de
407 2137 499 2176 Orig.
513 2136 622 2174 gentis
639 2136 810 2173 Romanae,
828 2136 960 2166 Praene·

260 2183 322 2216 ste,
353 2180 470 2216 Tibur,
497 2179 606 2216 Gabii,
632 2179 833 2215 Tusculum,
861 2179 958 2215 Cora,

260 2222 425 2259 Pometia,
438 2222 574 2258 Corioli,
593 2223 653 2260 (sit-
669 2223 759 2252 enim
778 2221 958 2260 legendum

260 2265 404 2302 videtur,
421 2275 486 2295 non
503 2265 611 2303 Locri)
632 2265 879 2301 Crustumium,
897 2264 960 2293 Ca-

261 2309 377 2345 meria,
393 2307 542 2343 Bovillae,
559 2313 735 2346 ceteraque
758 2307 881 2347 oppida
897 2308 961 2337 cir·

260 2361 481 2390 cumquaque.
499 2350 656 2390 Virgilius
673 2350 729 2381 vl.
745 2351 820 2381 AEn.
837 2360 867 2380 v.
884 2353 959 2383 773.

260 2400 293 2422 et
311 2403 377 2432 seq.
392 2397 546 2424 numerat
560 2403 691 2432 quoque
710 2393 799 2423 inter
815 2392 960 2423 colonias

259 2437 462 2467 Albanorum
493 2446 623 2475 regnan,
652 2437 875 2472 Nomentum,
907 2435 958 2465 Fi-

260 2479 375 2516 denas,
400 2479 591 2516 Collatiam,
621 2479 777 2510 Castrum
806 2479 896 2516 lnui,
925 2482 959 2509 et

260 2521 388 2553 Bolum.

305 2567 345 2594 9⁶2
370 2565 545 2604 Vestalem]
583 2565 634 2596 De
671 2564 850 2595 vestalibus
884 2564 957 2595 vide

263 2607 349 2637 infra
366 2618 394 2637 c.
415 2610 470 2637 90.

303 2652 343 2680 23
360 2651 544 2681 Debebatur
555 2674 562 2680 .
577 2673 583 2680 .
595 2650 960 2690 .sneistatrtoeorig·ou1·-

260 2692 319 2731 bis]
353 2694 539 2732 Oportebat
570 2699 608 2724 ut
639 2694 709 2724 sata
740 2694 957 2732 divinumque

260 2745 387 2765 numen
416 2737 584 2774 praefuisse
611 2737 731 2774 origini
749 2741 853 2767 ianne
870 2738 959 2767 urbis

261 2779 464 2817 viderentur,
481 2785 514 2809 et
531 2789 599 2809 rum
627 2779 784 2810 humanis
813 2779 960 2810 consiliis

1046 2137 1087 2166 ‘25
1098 2135 1185 2166 *Seu
1195 2136 1270 2174 quia
1284 2136 1362 2165 deus
1375 2140 1489 2165 auctor
1501 2137 1604 2175 culpoe
1615 2136 1709 2165 Jmne-
1734 2154 1737 2157 <

1002 2180 1080 2209 stim·
1095 2180 1185 2216 erae]
1203 2179 1266 2208 Seu
1284 2179 1361 2217 quia
1377 2178 1547 2208 honestius
1566 2179 1707 2218 putabat

1003 2233 1023 2252 a
1046 2232 1080 2251 se
1099 2222 1264 2251 nominari
1281 2230 1376 2260 posse
1393 2221 1504 2251 Deum
1530 2228 1704 2251 auctorem

1004 2264 1126 2303 culpae,
1145 2274 1245 2302 quam
1262 2265 1370 2293 virum
1389 2264 1580 2294 mortalem.

1048 2308 1089 2338 ‘26
1114 2307 1210 2338 Forte
1218 2307 1360 2347 quadam
1374 2307 1544 2346 dit-initus]
1562 2307 1638 2338 Non
1657 2307 1707 2336 in-

1005 2350 1142 2380 solitum
1172 2351 1318 2389 antiquis
1348 2350 1478 2380 Fortem
1501 2352 1620 2389 ipsam,
1637 2351 1705 2379 sive

1005 2403 1045 2424 ea
1069 2403 1143 2432 quae
1171 2404 1248 2424 casu
1277 2394 1450 2429 eveniunt,
1469 2393 1590 2423 divinae
1613 2402 1703 2423 curae

1002 2437 1183 2474 assignare.
1229 2437 1283 2466 bic
1306 2436 1482 2474 aliquoties
1506 2435 1704 2466 Plutarchus

1002 2478 1072 2519 θείᾳ
1089 2479 1141 2508 ‘ml
1157 2479 1252 2520 τύχῃ.
1296 2479 1473 2510 manditur
1489 2484 1603 2508 tamen
1621 2478 1708 2508 Gru-

1002 2523 1063 2552 trrri
1096 2523 1288 2560 conjectura
1303 2534 1309 2551 ι
1348 2522 1443 2553 Forte
1472 2522 1630 2562 quadam,
1660 2530 1706 2551 an

1002 2565 1157 2595 divinitus
1169 2579 1178 2597 .·
1215 2575 1319 2604 quum
1348 2567 1533 2604 praesertim
1565 2565 1708 2595 Sueton.

1002 2609 1037 2637 in
1056 2608 1174 2639 Claud.
1197 2618 1225 2637 c.
1257 2611 1306 2638 13.
1323 2618 1400 2638 casu
1426 2609 1578 2648 quodam,
1595 2617 1639 2638 au
1655 2607 1706 2638 da·-

1004 2653 1135 2681 vuinus.

1046 2697 1085 2727 27
1110 2695 1164 2725 Ad
1177 2692 1264 2733 justi
1286 2704 1430 2724 cursum.
1445 2717 1452 2724 .
1467 2719 1472 2724 .
1489 2694 1623 2732 amuis]
1653 2692 1704 2723 Ad

1004 2747 1080 2767 eum
1093 2737 1216 2774 locum,
1228 2738 1281 2766 ubi
1293 2738 1400 2767 amnis
1413 2737 1510 2777 pleno
1521 2737 1613 2767 alveo
1623 2737 1705 2766 fluv·

1007 2781 1075 2811 bat.
1103 2780 1239 2812 *lustum
1254 2790 1454 2819 quocunque
1471 2781 1505 2811 in
1518 2789 1641 2820 genere
1654 2784 1706 2809 est
