1969 3239
604 82 729 122 LIB.
755 84 806 122 11.
846 85 977 122 CAP.
1004 85 1129 122 LVII.
1520 93 1596 129 145

146 180 347 224 diendam
379 181 516 239 legem
548 183 593 225 i‘n
617 184 827 225 concione
857 184 1121 226 consistunt.‘
1156 184 1462 229 ‘²⁰Su‘bmove1i
1498 189 1591 233 Lae-
1605 197 1695 228 U·C·
1714 200 1777 227 28³

146 239 281 280 torius
306 240 449 295 jubet,
483 250 765 296 praeterquam
798 241 871 296 qui
903 240 1156 298 suffragium
1192 244 1352 285 ineant.
1410 244 1591 288 Adoles-
1604 241 1644 272 A.
1660 241 1786 271 C·4⁶9·

144 306 291 338 centes
316 297 478 338 nobiles
501 299 685 349 stabant,
709 297 816 338 nihil
838 299 1038 339 cedentes
1066 304 1096 326 ⁵2¹
1118 298 1289 341 viatori.
1331 309 1422 343 tum
1444 316 1498 344 ex
1524 304 1591 346 his

146 353 350 409 prehendi
374 355 579 409 quosdam
606 354 816 395 Laetorius
832 355 976 409 jubet.
1040 355 1203 397 Consul
1231 356 1401 413 Appius
1433 374 1592 415 negare

134 410 211 464 jus
246 425 336 451 csse
370 412 542 452 tribuno
575 412 617 452 in
652 426 927 467 quemquam,
960 412 1042 453 nisi
1077 414 1119 454 in
1157 413 1387 468 plebeium.
1438 418 1471 439 ²²
1488 417 1589 459 Non

142 467 256 508 enim
292 469 452 524 populi,
474 469 546 509 sed
578 468 728 524 plebis,
752 470 849 509 eum
881 466 1181 525 magistratum
1213 485 1317 512 esse.
1359 486 1439 514 nec
1472 473 1590 516 illum

142 524 283 579 ipsum
312 526 565 566 submovere
594 540 670 581 pro
702 525 884 581 imperio
914 541 1037 581 posse
1066 541 1184 568 more
1214 528 1456 583 majorum3
1488 532 1590 586 quia

141 580 202 621 ita
234 582 426 623 dicatur:
466 580 515 622 Si
544 582 657 623 vobis
683 582 854 634 videtur,
884 582 1084 635 discedite,
1116 581 1308 626 Quirites.
1370 585 1515 628 Facile
1545 599 1589 630 et

140 639 393 680 contemtim
417 637 583 694 dejure
606 639 853 680 disserendo
872 641 1120 696 perturbare
1141 641 1377 684 Laetorium
1401 653 1586 699 poterat.

137 693 304 736 Ardens
336 695 470 750 igitur
502 696 563 736 ira
596 698 793 738 tribunus
833 698 1041 738 viatorem
1073 699 1211 739 mittit
1244 699 1296 740 ad
1335 701 1584 744 consulem:

137 752 285 793 consul
317 751 512 793 lictorem
551 754 605 794 ad
645 754 880 806 tribunum,
912 760 942 782 ⁹⁸
961 755 1178 810 privatum
1213 771 1304 797 esse
1340 757 1585 811 clamitans,

136 809 167 832 ³⁴
186 809 276 850 sine
298 809 495 865 imperio,
518 810 609 852 sine
631 812 912 867 magistratu3
945 812 1215 867 violatusque
1237 824 1348 855 esset
1369 816 1583 868 tribunus,

134 867 177 908 ni
211 875 255 906 et
285 866 439 908 concio
472 869 615 909 omnis
646 878 771 909 atrox
805 878 956 910 coorta
981 884 1058 925 pro
1089 870 1263 911 tribuno
1287 871 1330 911 in
1361 873 1584 914 consulem

133 932 270 976 esset3
304 933 348 964 et
379 939 613 966 concursus
647 925 871 967 hominum
905 926 950 967 in
983 926 1123 967 forum
1148 941 1202 968 ex
1234 937 1326 968 tota
1348 930 1453 970 urbe
1479 945 1583 972 con·

133 981 278 1022 citatae
307 981 594 1023 multitudinis
629 983 763 1025 fieret.
825 983 1077 1025 Sustinebat
1108 993 1251 1025 tamen
1282 983 1454 1041 Appius
1488 1002 1584 1042 per-

132 1038 294 1079 tinacia
319 1048 483 1080 tantam
518 1048 843 1096 tempestatem:
876 1050 1179 1096 certatumque
1212 1041 1327 1083 haud
1353 1043 1581 1085 incruento

131 1095 290 1151 proelio
323 1095 449 1148 foret,
479 1097 521 1137 ni
556 1097 804 1148 Quinctius,
839 1097 989 1138 consul
1021 1098 1141 1150 alter,
1175 1099 1472 1141 consularibus
1504 1116 1581 1142 ne-

130 1153 253 1207 gotio
285 1152 402 1204 dato,
430 1163 478 1194 ut
504 1154 715 1210 collegam
752 1155 808 1205 vi,
839 1155 873 1195 si
907 1154 1028 1195 aliter
1061 1170 1146 1196 non
1185 1165 1371 1210 possent,
1396 1158 1450 1198 de
1482 1157 1578 1200 foro

129 1209 406 1261 abducerent,
427 1211 519 1267 ipse
546 1226 660 1253 nunc
685 1212 854 1268 plebem
884 1214 1131 1254 saevientem
1159 1214 1357 1268 precibus
1389 1214 1578 1266 lenisset,

127 1280 245 1308 nunc
276 1278 439 1309 orasset
472 1269 683 1320 tribunos,
717 1279 764 1310 ut
798 1269 1031 1310 concilium
1070 1271 1350 1312 dimitterent.
1410 1270 1579 1314 Darent

128 1323 200 1364 irae
219 1325 407 1378 spatium.
445 1340 523 1366 von
546 1326 628 1367 vim
660 1341 774 1367 sua-m
797 1326 880 1367 illis
909 1333 1060 1381 tempus
1087 1326 1354 1379 ademturum,
1382 1328 1450 1369 sed
1482 1344 1577 1371 con-

129 1379 266 1421 silium
295 1381 450 1423 viribus
472 1382 720 1424 additurum.
752 1390 789 1424 et
820 1382 970 1425 Patres
994 1384 1038 1425 in
1059 1384 1221 1440 populi,
1242 1392 1279 1426 et
1301 1385 1500 1427 consulem
1531 1386 1576 1428 in

130 1436 417 1494 Patrumfore
431 1446 640 1494 potestate.

190 1494 332 1537 LVII.
377 1496 511 1552 AEgre
549 1497 695 1538 sedata
731 1498 785 1539 ab
824 1497 1035 1543 Quinctio
1073 1498 1207 1553 plebs,
1241 1498 1377 1539 multo
1417 1499 1574 1555 aegrius

129 1552 278 1593 consul
308 1553 414 1594 alter
441 1569 467 1594 a
497 1553 713 1595 Patribus.
774 1554 967 1596 Dimisso
998 1555 1169 1596 tandem
1201 1556 1387 1597 concilio
1418 1556 1575 1611 plebis,

122 1679 204 1719 pulo
230 1688 296 1709 non
321 1683 465 1719 poterat,
489 1680 551 1709 nisi
574 1679 607 1709 in
632 1679 705 1709 loco
730 1680 826 1709 inau-
871 1688 935 1716 τες,
953 1689 1019 1709 non
1036 1678 1169 1710 lictores
1185 1680 1402 1720 apparebant.

127 1727 259 1762 gurato,
277 1727 309 1752 ut
331 1728 425 1762 patet
442 1734 481 1752 ex
498 1723 569 1753 Liv.
588 1722 650 1753 ΙΙΙ.
669 1725 720 1753 20.
761 1723 826 1753 Co·
915 1725 954 1753 22
964 1724 1095 1753 “A‘w..
1111 1746 1118 1753 .
1136 1725 1262 1764 populi,
1283 1725 1340 1754 sed
1358 1724 1474 1764 plebis]
1505 1723 1572 1756 Po-

127 1767 224 1797 mitia
237 1770 348 1796 autem
369 1767 511 1804 curiata,
529 1767 696 1805 inquibus
715 1767 825 1806 auspi·
863 1767 968 1806 putus
997 1772 1049 1797 est
1069 1771 1142 1797 tota
1166 1769 1271 1805 natio,
1295 1772 1329 1797 et
1359 1768 1472 1798 Patres
1500 1769 1571 1808 ple-

125 1810 177 1840 eia
189 1810 375 1840 necessaria
390 1817 499 1847 erant,
513 1810 547 1839 in
561 1811 697 1840 comitio
710 1809 824 1840 habita

123 1863 193 1884 esse
238 1857 380 1884 constat.
437 1854 640 1893 Suggestum
685 1854 821 1892 quidem

126 1903 228 1938 certe,
245 1907 284 1927 ex
308 1907 373 1936 quo
395 1898 570 1928 conciones
595 1898 636 1927 ad
660 1897 820 1937 populum

124 1940 344 1980 habebantur,
376 1941 528 1980 quodque
559 1947 673 1981 postea
701 1940 822 1971 Rostra

125 1983 329 2024 appellatum
347 1989 409 2022 est,
426 1986 583 2024 templum
607 1985 771 2014 vocitatur
787 1989 822 2015 et

123 2037 144 2057 a
166 2026 272 2065 Livio,
293 2027 386 2059 Vlu.
408 2031 455 2060 14.
478 2033 514 2058 et
538 2029 658 2068 passim
683 2038 702 2058 a
726 2028 819 2058 Cice-

125 2080 217 2109 rone,
233 2076 271 2100 ut
296 2071 331 2101 in
345 2072 458 2102 Vatin.
478 2081 509 2102 u.
526 2074 580 2104 2³4.
609 2072 691 2102 Vide
715 2073 817 2102 etiam

123 2114 210 2145 infra
226 2114 247 2144 1.
267 2113 329 2145 111.
344 2125 373 2145 c.
393 2119 440 2149 17.

164 2160 206 2189 520
231 2158 418 2189 Submoveri
436 2159 594 2189 Loetorins
607 2157 716 2200 jubet,
733 2169 819 2199 proe·

121 2207 272 2241 terquam
299 2201 374 2241 qui]
404 2202 491 2232 Tum
520 2212 623 2241 quum
639 2203 688 2232 ‘iu
719 2203 818 2233 Sacro

122 2250 239 2275 monte
251 2246 435 2284 composita
446 2245 533 2275 inter
545 2246 658 2276 Patres
672 2246 818 2286 plebem-

122 2297 186 2328 que
202 2298 265 2328 pax
280 2288 403 2325 fuerut,
420 2298 611 2319 concessum
629 2296 701 2319 erat
716 2290 816 2329 plebi,

120 2337 160 2363 ut
185 2332 318 2370 quoties
344 2332 473 2362 tribuni
499 2333 692 2362 concionem
720 2334 818 2363 advo-

121 2382 264 2413 cassent,
289 2376 317 2405 ei
345 2386 378 2406 se
404 2376 535 2416 patricii
559 2385 599 2405 ne
626 2377 816 2407 miscerent.

120 2419 220 2451 Dion.
235 2419 257 2449 l.
274 2419 348 2449 vn.
409 2443 413 2445 Α
541 2431 545 2435 ’

163 2465 201 2493 21
223 2462 361 2504 Watori]
383 2463 527 2493 Viatores
538 2466 635 2492 erant
646 2472 685 2492 ex
699 2473 815 2493 eorum

119 2516 272 2543 numero,
303 2508 359 2546 qui
397 2506 646 2546 magistratibus
680 2516 817 2546 appare-

120 2550 221 2588 bant;
237 2550 313 2580 inde
330 2551 376 2580 sic
393 2550 487 2587 dicti,
503 2554 587 2580 teste
606 2549 712 2586 Festo,
726 2550 813 2588 quod

119 2603 222 2631 quum
239 2593 370 2624 assidue
390 2594 532 2624 Romani
557 2594 812 2631 rusticarmitur,

118 2636 262 2667 crebrior
291 2638 518 2677 apparitorum
549 2636 682 2667 illorum
713 2646 813 2676 opera

111 2684 191 2710 -erat
218 2680 252 2710 in
274 2682 329 2710 vin
354 2691 452 2720 quam
480 2681 514 2710 in
538 2681 632 2717 urbe,
658 2681 746 2719 quod
772 2691 812 2710 ex

118 2723 205 2761 agris
219 2723 371 2754 homines
394 2725 591 2764 plerumque
607 2724 812 2753 vocabantur

116 2774 136 2795 a
152 2766 412 2805 magistratibus.
461 2768 550 2798 [dem
574 2772 719 2797 testatur
742 2768 810 2797 cie.

118 2808 158 2838 de
174 2808 366 2851 Senectute,
383 2821 416 2842 n.
434 2813 485 2843 56.
505 2838 507 2841 Α
529 2811 688 2843 Tribunis
707 2811 811 2842 viato-

173 2864 279 2892 VOL.
303 2867 336 2894 1.

871 1811 1010 1849 benique
1027 1811 1274 1851 complectitur.
1313 1811 1411 1842 Plebs
1426 1815 1477 1842 est
1493 1822 1570 1852 pars

867 1854 993 1893 populi,
1011 1860 1105 1884 extra
1121 1864 1221 1893 quam
1239 1855 1372 1885 Patricii
1389 1860 1496 1886 erant.

911 1900 950 1928 <23
983 1897 1180 1938 Prii-atum]
1216 1898 1317 1928 Hunc
1345 1898 1457 1928 locum
1481 1899 1568 1929 mire

865 1940 1011 1971 illustrat
1039 1941 1158 1973 allatus
1187 1951 1207 1971 a
1233 1942 1368 1980 Sigonio
1396 1941 1568 1973 Plutarchi

865 1984 956 2015 locus
974 1995 991 2014 e
1010 1985 1137 2024 Quaest.
1157 1985 1253 2015 Rom.
1269 1995 1297 2014 c.
1315 1988 1367 2015 81.
1418 1985 1497 2022 Cur,
1515 1986 1568 2016 in·

864 2029 949 2067 quit,
966 2038 1066 2068 quum
1084 2033 1246 2068 praetexta
1269 2030 1327 2058 alii
1350 2030 1568 2068 magistratus

863 2076 1018 2109 utuntur,
1043 2074 1194 2102 tribunus
1217 2073 1317 2112 plebis
1345 2082 1408 2102 mm
1431 2074 1567 2103 utitur?

861 2116 928 2154 An,
952 2117 1031 2156 quia
1053 2117 1204 2147 tribunus
1222 2117 1325 2155 plebis
1347 2117 1566 2155 magistratus

862 2169 925 2189 non
948 2159 1019 2189 est?
1050 2160 1165 2200 Neque
1188 2161 1273 2189 enim
1289 2170 1329 2190 ea:
1344 2162 1424 2190 sella
1441 2161 1566 2191 tribuni

853 2200 916 2242 jus
943 2204 1074 2233 dicunt:
1102 2213 1203 2243 neque
1225 2204 1384 2242 principio
1410 2204 1503 2241 cumi,
1526 2208 1565 2234 uc

862 2248 979 2286 reliqui
1017 2249 1246 2285 magistratus,
1285 2248 1417 2277 ineunt:
1461 2257 1564 2286 neque

861 2295 968 2320 creato
982 2290 1137 2321 dictatore
1152 2300 1184 2320 sc:
1200 2290 1365 2327 abdicant,
1382 2290 1438 2320 sed
1452 2294 1563 2320 trans-

861 2335 928 2366 lato
950 2336 1038 2364 omni
1058 2334 1103 2364 ad
1123 2335 1312 2364 dictatorem
1336 2334 1482 2373 imperio,
1501 2335 1562 2373 ipsi

861 2382 971 2407 tamen
986 2387 1080 2407 suam
1091 2381 1282 2417 potestatem
1298 2377 1450 2414 retinent,
1467 2378 1562 2416 quasi

860 2423 1077 2459 magistratus
1114 2431 1175 2451 non
1211 2422 1328 2450 sim...
1355 2419 1560 2450 'I'rtbmmtus

860 2465 1092 2504 impedimento
1114 2466 1225 2504 potius
1252 2468 1297 2493 est
1327 2465 1583 2502 magistratui,-

859 2517 958 2547 quam
975 2509 1200 2547 magistratus.

901 2553 942 2582 <24
961 2551 1038 2582 Sine
1052 2552 1200 2591 imperio]
1218 2550 1399 2590 Imperium
1413 2549 1554 2590 duplex:

858 2594 967 2632 civile,
994 2595 1082 2633 quod
1108 2599 1142 2623 et
1162 2598 1302 2634 potestas
1329 2594 1464 2630 dicitur,
1490 2604 1556 2632 quo

858 2638 1082 2677 auspiciorum
1101 2638 1171 2675 jus,
1187 2642 1222 2666 et
1239 2637 1326 2677 juris
1344 2634 1480 2667 ⁷dicendi
1497 2647 1556 2675 po-

856 2685 960 2711 testas
991 2681 1244 2711 continebatur:
1280 2680 1437 2716 militare,
1465 2679 1554 2718 quod

857 2724 897 2754 ad
921 2734 990 2754 rem
1013 2724 1167 2754 bellicam
1191 2724 1374 2764 spectabat.
1421 2724 1552 2756 Horum

856 2774 1016 2799 neutrum
1032 2768 1244 2811 competebat
1258 2768 1406 2799 tribuno.

884 2867 909 2894 1.
