1991 3250
613 112 740 154 LIB.
769 113 799 151 1.
827 111 964 151 cAP.
1003 110 1154 150 XLIII.
1186 112 1190 115 ’
1554 116 1604 155 57

226 215 378 260 XLII.
418 217 512 259 Nec
526 210 620 274 jam
648 220 663 242 ⁸
678 216 862 274 publicis
884 216 1023 273 magis
1044 213 1235 258 consiliis
1261 211 1449 264 Servius,
1471 227 1602 268 quam

162 275 358 331 privatis,
381 276 548 318 munire
577 289 694 332 opeS.
737 283 781 315 et
812 288 880 326 ne,
904 273 1041 329 qualis
1074 272 1188 313 Anci
1218 269 1400 312 liberum
1433 271 1600 311 animus

163 332 363 373 adversus
403 332 686 388 Tarquinium
720 330 874 382 fuerat,
905 330 1002 372 talis
1036 330 1236 371 adversus
1269 342 1313 368 se
1346 325 1600 382 ⁹Tarquinii

162 389 344 431 liberum
387 399 511 441 esset,
545 390 649 431 duas
690 387 794 429 filias
833 388 1069 444 juvenibus
1109 386 1253 442 regiis,
1294 385 1429 427 Lucio
1473 393 1601 439 atquc

163 446 321 488 Arunti
351 445 789 502 TarquiniiS‚jungit-.
835 450 864 470 ¹⁰
880 445 974 487 Nec
1005 444 1121 500 rupit
1150 455 1290 483 tamen
1316 442 1392 482 fati
1417 441 1802 486 necessi-rummar-

165 513 298 545 tatem
340 503 537 545 humanis
576 503 782 553 consiliis,
819 503 924 556 quin
962 502 1125 543 invidia
1165 500 1284 556 regni
1325 499 1455 539 etiam
1493 499 1733 539 interquiuiis
1748 500 1808 528 001·

165 561 423 603 domesticos
446 560 578 602 infida
604 561 751 601 omnia
780 568 908 614 atque
937 558 1093 600 infesta
1122 557 1297 599 faceret.
1360 542 1707 611 Peroppor-hwat·

166 628 269 659 tune
298 618 351 659 ad
382 617 606 673 praesentis
635 618 824 672 quietem
861 627 997 657 status
1033 616 1188 657 bellum
1219 629 1317 655 cuni
1348 613 1603 654 Veientibus

167 675 326 731 (¹¹jam
359 675 474 716 enim
508 675 694 716 induciae
722 675 935 724 exierant)
966 673 1145 728 aliisque
1176 671 1367 713 Etruscis
1399 681 1602 710 sumtum„

169 731 221 774 In
250 747 301 773 eo
332 731 443 773 bello
465 743 509 773 et
540 731 675 774 virtus
696 740 740 772 et
762 730 936 772 fortuna
958 731 1114 771 enituit
1144 729 1288 770 Tullii.
1330 728 1511 782 fusoque
1543 730 1605 768 in-

168 790 286 845 genti
315 789 508 830 hostium
537 789 746 840 exercitu,
768 788 883 829 haud
912 788 1068 828 dubius
1098 802 1189 837 rex,
1213 800 1284 827 seu
1317 785 1509 835 Pati-uni,
1533 800 1606 826 seu

168 846 304 902 plebis
337 847 503 887 animos
534 847 861 902 periclitaretur,
889 845 1074 886 Romam
1108 844 1246 885 rediit.
1280 845 1309 865 ¹²
1325 842 1608 897 Adgreditur-

166 917 249 957 que
272 903 370 944 inde
391 903 468 944 ad·
500 904 617 959 pacis
639 904 767 959 longe
790 904 1026 944 maximum
1051 916 1174 957 opus.
1233 900 1303 949 Ut,
1328 900 1608 954 quemadmo-

165 960 269 1001 dum
292 960 438 1001 Numa
458 961 595 1002 divini
621 960 897 1016 auctorjuris
919 959 1084 1010 fuisset,
1105 960 1166 1000 ita
1188 958 1384 998 Servium
1408 957 1606 998 condito-

167 1031 254 1058 rem
295 1019 434 1058 omnis
475 1019 519 1060 in
557 1019 736 1060 civitate
775 1017 1035 1058 discriminis
1071 1016 1412 1068 ¹³01-dinumque,
1449 1015 1605 1069 quibus

165 1074 277 1115 inter
300 1075 456 1130 gradus
474 1076 699 1131 dignitatis
716 1075 986 1128 fortunaeque
1005 1072 1166 1128 aliquid
1185 1071 1424 1122 interlucet,
1445 1071 1604 1127 posteri

166 1130 282 1172 fama
313 1132 484 1174 ferrent.
530 1136 558 1157 ¹⁴
576 1133 762 1174 Censurn
792 1133 907 1173 enim
938 1131 1140 1182 instituit,
1163 1144 1248 1170 rem
1282 1128 1794 1176 saluberrima-mue,197,

166 1198 287 1229 tanto
325 1189 470 1231 futuro
511 1191 715 1247 imperio:
760 1204 814 1230 ex
847 1203 933 1244 quo
969 1188 1065 1229 belli
1104 1189 1306 1244 pacisque
1339 1187 1486 1226 munia
1518 1201 1599 1226 non
1616 1189 1793 1217 A-C·555-

1615 1233 1749 1261 Censuni

165 1246 342 1299 viritim,
365 1256 413 1289 ut
442 1257 554 1298 ante,
578 1248 650 1289 sed
675 1262 750 1303 pro
782 1247 933 1287 habitu
958 1247 1235 1301 pecuniarum
1268 1244 1430 1283 fierent.
1491 1243 1600 1284 Tum
1617 1276 1764 1305 instituit.

164 1303 318 1344 classes
362 1305 705 1360 ¹⁵centuriasque
750 1313 794 1344 et
838 1304 995 1344 ¹⁶hunc
1033 1303 1227 1344 ordinem
1265 1316 1319 1342 ex
1359 1315 1488 1342 censu
1530 1301 1602 1341 de-

164 1360 348 1415 scripsit,
371 1362 438 1402 vel
462 1363 556 1416 paci
579 1363 798 1412 decorum,
821 1360 887 1402 vel
909 1360 1035 1401 bello.

226 1417 405 1460 XLIII.
450 1418 518 1461 Ex
552 1419 618 1471 iis,
642 1420 716 1475 qui
747 1427 921 1459 centum
955 1416 1135 1457 millium
1175 1414 1329 1466 ¹7aeriS‚
1359 1423 1432 1456 aut
1464 1414 1601 1470 majo-

759 1517 769 1531 ¹
791 1513 835 1542 ad
848 1511 909 1542 del.
934 1511 1018 1541 Eaed.

211 1588 229 1615 8
243 1586 261 1603 ³⁵
274 1585 420 1618 Publicis
435 1608 444 1617 .
462 1610 470 1618 .
487 1610 494 1619 .
513 1587 661 1628 consiliis]
693 1587 860 1625 Consiliis,

167 1638 241 1666 quae
267 1630 308 1659 ad
334 1630 495 1670 parandas
523 1632 583 1661 sibi
610 1631 755 1672 publice,
772 1632 861 1671 apud

163 1679 333 1711 senatum,
351 1674 440 1714 apud
464 1675 638 1714 populum,
662 1675 746 1705 vires
769 1685 862 1715 spec-

168 1720 292 1747 tarent.
339 1717 503 1755 privatis,
530 1728 603 1758 quae
635 1719 779 1759 privatas
810 1719 863 1748 in-

165 1759 277 1796 sidias,
294 1771 353 1800 per
371 1761 553 1792 domestica
575 1762 860 1792 necessitudinum

166 1809 199 1832 et
224 1805 426 1836 affinitatum
450 1807 675 1843 munimenta,
696 1815 861 1846 praecave-

163 1851 251 1876 rent.

209 1894 229 1924 9
255 1891 428 1932 Tarquinii
450 1892 600 1932 liberam]
619 1892 693 1923 Vid.
711 1901 786 1931 quae
808 1893 861 1922 in-

167 1932 219 1964 fra
234 1937 470 1967 annotabimus
487 1937 528 1967 ad
544 1946 573 1967 e.
590 1937 643 1967 46.

216 1980 253 2008 10
266 1982 285 1999 *ἓ
299 1980 372 2010 lVec
385 1983 475 2020 rupit
490 1985 600 2012 tamen
603 1980 681 2020 sati
694 1981 861 2010 necessita-

169 2024 232 2050 tem
246 2044 254 2052 .
270 2045 277 2052 .
295 2045 304 2053 .
320 2045 331 2061 ,
347 2023 440 2064 quin]
459 2024 532 2054 Fati
549 2024 727 2054 necessitas
743 2028 861 2064 poten-

165 2064 232 2094 tior
246 2065 311 2096 fuit
324 2067 478 2098 humanis
492 2068 636 2098 consiliis
649 2080 654 2097 z
673 2077 734 2097 nec
750 2067 861 2107 potuit

168 2107 298 2139 Servius
314 2110 487 2150 impedire,
503 2113 583 2151 quin
601 2134 609 2142 .
627 2134 636 2142 .
653 2134 660 2142 .
680 2134 688 2141 .

217 2155 249 2183 11
267 2153 363 2183 dam.
373 2175 381 2183 .
394 2155 530 2185 inducia»
541 2154 706 2195 exierant]
721 2154 862 2184 Jamdu-

167 2196 248 2226 (lum
286 2197 450 2236 exierant,
481 2200 508 2229 si
545 2209 592 2229 eae
629 2198 864 2238 ingelligantur

168 2240 325 2278 induciae,
348 2251 428 2280 quas
452 2243 486 2272 in
510 2248 646 2272 centum
670 2242 862 2278 annos,Ro-

170 2283 282 2314 mulus
297 2284 422 2315 fecerat
436 2297 442 2314 :
460 2295 564 2324 quum
578 2286 617 2316 ab
634 2286 737 2326 ipsius
754 2293 862 2316 morte

167 2332 305 2359 centum
322 2329 394 2368 jam
412 2334 447 2358 et
469 2329 691 2368 quadraginta
712 2330 791 2359 anni
815 2329 863 2359 ef-

171 2371 339 2403 fluxerint.
384 2372 546 2403 Dicamus
577 2382 655 2411 ergo
684 2382 738 2402 eas
761 2372 862 2403 fuisse

169 2419 331 2454 regnante
347 2415 448 2447 Tullo
463 2417 674 2457 instauratas.
699 2416 773 2447 Vid.
788 2426 861 2456 sup.

169 2468 198 2489 c.
215 2461 267 2489 30.
430 2468 434 2471 ’

215 2504 253 2533 12
278 2503 540 2544 Aggrediturque
561 2503 636 2534 inde
656 2504 748 2543 pacis
771 2505 863 2542 longe

167 2549 354 2578 maximum
377 2547 469 2588 opus]
498 2549 561 2578 Sex
584 2547 712 2577 codices
737 2546 863 2576 Grono-

168 2591 220 2620 vio
235 2591 376 2630 inspecti
398 2591 523 2622 habent
543 2592 589 2621 ad
603 2592 718 2631 pacis.-
743 2590 861 2629 quibus

168 2634 332 2665 accedunt
347 2635 413 2665 duo
428 2645 446 2664 e
463 2636 595 2665 nostris.
618 2634 659 2664 In
673 2644 725 2669 eo,
738 2635 793 2673 qni
810 2638 862 2663 est

167 2680 316 2708 omnium
334 2688 415 2718 quos
437 2679 654 2708 tractavimus
670 2678 862 2716 antiquissi-

170 2731 257 2761 mus,
270 2732 336 2752 non
352 2725 461 2752 exstat
475 2720 508 2751 vc}
522 2722 578 2759 ad,
591 2722 648 2752 sed
661 2721 772 2760 aliquo
787 2731 862 2760 spa-

168 2766 250 2796 tiolo
273 2766 469 2796 dividuntur
492 2775 588 2795 voces
610 2765 685 2795 inde
700 2766 807 2805 pacis,
823 2769 863 2794 ut

169 2814 326 2849 appareat
347 2809 500 2841 voculam
523 2808 614 2841 illam
638 2818 766 2841 erasarn
782 2809 861 2839 suis-

169 2861 212 2883 se.

951 1590 987 1618 13
997 1586 1015 1606 ²*
1029 1587 1268 1629 Ordinumque]
1283 1588 1524 1626 Vartorumquc
1549 1597 1601 1617 01·-

904 1631 1034 1669 dinum‚
1058 1633 1092 1662 in
1117 1642 1198 1671 quos
1230 1643 1288 1672 pro
1312 1633 1402 1661 vario
1426 1632 1598 1670 dignitati<

904 1675 1115 1715 fortunaeque
1156 1677 1260 1715 gradu
1300 1676 1467 1705 distributi
1500 1676 1598 1708 eim-s,

906 1729 973 1749 non
999 1720 1070 1757 jam
1102 1721 1258 1759 permixti
1290 1726 1347 1749 aut
1372 1719 1516 1755 confusi,
1543 1719 1601 1748 sed

905 1763 1078 1802 eleganter
1089 1773 1109 1793 a
1124 1773 1194 1794 sese
1211 1770 1330 1793 mutuo
1347 1763 1496 1792 distincti
1522 1772 1601 1791 eon-

909 1807 1110 1846 spiciuntur.

954 1853 990 1881 14
1017 1848 1350 1887 Censum..insliluit]
1383 1849 1490 1879 Jussit
1512 1849 1601 1879 cives

904 1903 1020 1923 omnes
1045 1894 1122 1924 dare
1141 1895 1290 1930 nomina,
1307 1898 1340 1923 et
1355 1893 1520 1923 :estimare
1544 1903 1601 1932 pe-

904 1938 1005 1967 cunia
1026 1938 1248 1977 possessiones
1272 1946 1361 1973 suas,
1377 1936 1488 1966 addito
1504 1937 1600 1974 jura-

905 1988 1033 2019 mento,
1050 1991 1083 2011 se
1100 1991 1175 2011 vere
1193 1980 1264 2010 illas
1282 1985 1316 2010 et
1331 1981 1417 2010 bona
1432 1979 1496 2009 fule
1512 1981 1602 2009 aesti-

886 2021 1007 2055 'masse
1021 2037 1031 2063 3
1056 2025 1228 2064 adscriptis
1245 2025 1353 2054 aetatis
1370 2024 1479 2061 annis,
1496 2027 1530 2053 et
1544 2033 1602 2063 pa-

905 2074 1039 2099 rentum
1058 2069 1260 2105 nominibus,
1278 2073 1377 2107 atque
1393 2068 1497 2097 etiam
1520 2066 1602 2097 libe-

906 2122 1019 2143 rorum
1043 2117 1078 2142 et
1100 2113 1307 2151 conjugum3
1331 2111 1374 2141 ad
1396 2110 1481 2149 haec,
1499 2120 1602 2150 quam

906 2156 1045 2195 quisque
1066 2157 1236 2195 regionem
1259 2155 1362 2191 urbis,
1378 2164 1519 2194 quemve
1543 2164 1602 2194 pa-

906 2208 987 2238 gum
1007 2199 1179 2230 incoleret.
1227 2198 1355 2229 Census
1378 2199 1496 2237 quinto
1519 2208 1602 2237 quo-

905 2253 970 2282 que
987 2253 1074 2273 anno
1089 2246 1231 2273 exeunte
1247 2243 1300 2282 agi
1317 2242 1468 2272 debebat.
1498 2241 1601 2271 Fuere

906 2292 940 2317 et
956 2287 1021 2316 alia
1036 2287 1196 2326 praeclara
1212 2286 1314 2316 Servii
1338 2286 1509 2323 instituta,
1527 2294 1601 2324 quae

906 2341 926 2360 a
954 2331 1049 2361 Livio
1078 2330 1302 2370 praetermissa
1331 2329 1403 2358 fuse
1438 2335 1602 2358 memorat

905 2374 1008 2406 Dion.
1025 2373 1047 2404 l.
1065 2375 1121 2404 IV.

952 2420 989 2448 15
1025 2417 1209 2457 Centurias]
1249 2417 1303 2447 Sic
1333 2416 1452 2452 dictas,
1484 2425 1551 2445 non
1582 2426 1602 2446 a

905 2462 1114 2496 centenario,
1138 2462 1261 2491 civium
1308 2465 1460 2496 numero,
1500 2469 1606 2497 quem-

905 2514 1020 2535 omnes
1048 2505 1187 2535 fortasse
1218 2505 1403 2542 aliquanto,
1432 2502 1599 2542 pleraeqne

906 2548 1022 2578 multis
1066 2548 1215 2588 partibus
1261 2547 1490 2583 excedebant3
1543 2546 1600 2575 sed

905 2590 1058 2631 exemplo
1081 2597 1215 2630 sumpto
1238 2591 1278 2620 ab
1295 2590 1503 2629 equestribus
1523 2600 1599 2619 cen-

904 2635 1015 2672 turiis,
1040 2645 1113 2673 quae
1143 2635 1240 2664 initio
1272 2641 1411 2663 eentum
1434 2633 1601 2672 equitibus

906 2678 1118 2708 constabant.

956 2721 1021 2751 ¹6*
1037 2721 1136 2751 Hunc
1157 2719 1319 2760 ordinem[
1347 2720 1413 2760 Qui
1438 2718 1601 2759 hodieque

906 2771 1033 2794 manet.

956 2811 987 2841 17
1015 2806 1129 2846 AEris]
1154 2807 1285 2837 Assiur‘n
1309 2805 1490 2837 libralium.
1536 2806 1601 2842 Igi-

906 2856 964 2882 tur
980 2852 1095 2892 primae
1113 2851 1223 2883 classis
1237 2860 1367 2889 census,
1379 2851 1406 2880 si
1426 2849 1602 2880 millesima
