1925 3239
656 97 779 138 LIB.
806 97 857 137 X.
894 99 1029 138 CAP.
1057 98 1108 138 X.
1508 103 1582 137 565

155 203 273 259 parte
303 209 387 236 una
417 207 624 251 praeceps,
646 194 720 235 ubi
754 208 868 234 nunc
903 193 1067 234 Narnia
1098 194 1179 235 sita
1210 201 1288 236 est.
1309 209 1389 236 nee
1422 196 1477 248 vi,
1499 211 1634 246 11ch
1652 215 1689 246 c
1704 219 1779 248 453.

150 252 418 292 munimento
448 265 543 306 capi
578 260 757 305 poterat.
818 250 970 305 Itaque
1000 265 1092 292 eam
1134 250 1336 292 infect·un
1378 267 1465 293 rem
1508 253 1575 296 M.
1589 259 1626 288 Α
1643 259 1680 289 C
1697 261 1771 294 999-

152 308 327 349 Fulvius
351 309 556 358 Paetinus‚
577 307 627 348 T.
652 307 841 355 Manlius
865 307 1122 362 T01quatus,
1145 309 1245 349 novi
1276 309 1484 360 consules,
1507 325 1576 352 ac-
1589 302 1635 375 2¹
1644 303 1771 377 {luh'lm-

149 374 367 420 ceperunt.
427 365 479 405 In
501 379 596 405 eum
619 379 776 404 annum
799 378 928 419 quum
954 366 1009 411 Q.
1033 364 1213 406 Fabium
1244 366 1459 407 consulem
1491 382 1574 409 non
1592 390 1676 419 Coss
1679 355 1764 377 anm

150 431 365 476 petentem
386 436 533 462 omnes
566 422 755 461 dicerent
787 421 1006 471 centmiae,
1027 423 1165 476 ipsum
1198 433 1414 463 ·1uctorem
1449 422 1578 466 fuisse

152 478 304 518 &Iacer
327 479 516 519 Licinius
538 493 587 519 ac
608 476 777 518 Tubero
801 478 973 518 tradunt
994 478 1215 520 differendi
1234 479 1313 519 sibi
1332 480 1576 522 consulatus

147 534 191 575 in
216 535 522 577 bellicosiorem
545 549 726 576 aunum:
760 549 810 575 eo
833 549 945 575 anno
966 535 1116 589 majori
1141 550 1184 575 se
1207 537 1298 576 usui
1332 537 1575 590 reipublicae

145 591 251 642 fore,
276 592 437 632 urbano
459 601 580 647 gesto
614 592 881 647 magistratu.
905 592 965 632 ita
988 606 1066 633 nec
1099 592 1451 644 dissimulantem,
1473 595 1575 648 quid

145 648 303 699 mallet,
326 661 404 689 nec
423 659 637 703 petentem
662 659 818 698 tamen,
839 648 1004 689 aedilem
1028 649 1216 689 curulem
1241 665 1338 690 cuin
1373 650 1420 691 L.
1446 649 1574 705 Papi-

145 705 209 745 rio
242 704 426 745 Cursore
461 705 635 745 facturn.
696 705 745 745 Id
779 720 830 745 ne
861 720 937 760 pro
968 715 1086 746 certo
1120 721 1335 761 ponerem,
1366 709 1574 749 vetustior

148 762 364 801 annalium
388 771 536 802 1110101
572 761 672 802 Piso
707 761 874 812 effecit3
906 762 979 816 qui
1010 777 1060 802 eo
1091 777 1203 803 anuo
1235 764 1377 804 aediles
1407 764 1573 806 curules

142 817 272 858 fuisse
294 818 421 858 tradit
441 824 474 845 ⁴⁰
490 817 542 859 C.
566 818 808 859 Domitium
833 818 915 860 Cn.
940 818 988 858 F.
1012 818 1238 860 Calvinum
1262 830 1304 861 et
1327 821 1402 876 Sp.
1423 820 1573 862 Carvi-

142 873 245 915 lium
271 875 327 922 Q.
347 875 393 915 F.
418 874 678 917 Maximum.
713 875 761 916 Id
784 876 910 916 credo
933 890 1174 940 cognomen
1198 891 1380 917 er·r01em
1404 878 1445 917 in
1469 878 1572 918 aedi-

142 930 253 971 libus
284 932 457 974 secisse:
490 942 764 987 secutamque
797 932 984 973 fabulam
1008 933 1188 974 mixtam
1216 948 1269 974 ex
1302 933 1496 974 aediliciis
1528 943 1572 975 et

142 988 435 1028 consularibus
456 989 658 1039 comitiis,
679 989 1004 1030 convenientem
1027 990 1173 1032 errori.
1233 990 1290 1032 Et
1320 990 1496 1031 lustrum
1520 1005 1571 1032 eo

141 1059 254 1085 anno
273 1045 492 1086 conditum
515 1061 540 1086 a
563 1045 612 1086 P.
628 1046 881 1100 Sempronio
905 1045 1052 1100 Sopho
1075 1056 1117 1087 et
1141 1046 1191 1087 P.
1208 1047 1399 1111 Sulpicio
1422 1048 1572 1088 Saver-

143 1102 263 1141 rione
295 1103 567 1144 censoribus:
608 1107 638 1126 4¹
653 1103 871 1157 tubasque
902 1103 1060 1144 additae
1099 1103 1211 1157 duae,
1243 1110 1275 1131 ⁴²
1289 1104 1488 1146 Aniensis
1521 1120 1769 1152 acTribusno-

144 1160 174 1181 ⁴³
190 1157 431 1199 ferentina.
490 1158 600 1200 Haec
625 1158 778 1200 Romae
801 1169 934 1214 gesta.
1582 1174 1637 1195 vae.

196 1214 259 1257 X.
291 1215 491 1256 Ceterum
516 1216 566 1256 ad
593 1215 836 1270 Nequinum
861 1215 1065 1271 oppidum
1089 1230 1221 1271 quum
1244 1217 1361 1271 segni
1383 1216 1572 1259 obsidio-

138 1286 193 1312 ne
225 1283 389 1328 tempus
421 1282 639 1322 tereretur,
662 1274 746 1313 duo
778 1287 830 1313 ex
853 1273 1093 1336 oppidani&
1115 1287 1295 1328 quorum
1318 1283 1438 1313 erant
1466 1275 1570 1316 aedi-

140 1328 407 1383 ficiajuncta
427 1343 566 1393 muro,
587 1343 714 1384 specu
739 1329 853 1370 facto
876 1331 927 1370 acl
950 1331 1154 1370 stationes
1180 1328 1395 1370 Romanas
1419 1331 1570 1373 itinere

138 1385 311 1426 occulto
337 1386 614 1441 perveniunt·
648 1386 746 1427 inde
778 1387 829 1426 ad
864 1386 1078 1426 consulem
1114 1386 1300 1437 deducti,
1324 1387 1568 1442 praesidium

138 1453 348 1482 armatum
372 1457 414 1483 se
436 1443 547 1483 intra
577 1444 738 1483 moenia
769 1452 812 1483 et
845 1458 986 1483 muros
1015 1452 1264 1497 accepturos
1298 1444 1568 1486 confirmant.

138 1498 234 1540 Nec
255 1500 547 1554 adspernanda
570 1513 632 1540 res
657 1501 759 1550 visa,
782 1514 918 1554 neque
940 1500 1111 1540 incaute
1133 1500 1355 1540 credenda.
1378 1515 1474 1541 curn
1507 1502 1567 1542 al-

137 1564 229 1596 tero
251 1570 395 1596 eorum
419 1561 537 1608 (nam
559 1556 663 1597 alter
685 1557 807 1598 obses
830 1558 1035 1606 retentus)
1057 1556 1142 1596 duo
1172 1555 1461 1611 exploratores
1495 1573 1570 1612 per

133 1613 381 1653 cuniculum
416 1614 557 1654 missi:
591 1628 663 1677 per
684 1627 790 1667 quos
823 1613 924 1653 satis
956 1622 1175 1667 comperta
1209 1627 1265 1664 re,
1291 1615 1468 1654 trecenti
1501 1629 1568 1655 ar-

135 1669 257 1718 mati,
281 1668 501 1725 transfuga
521 1670 660 1710 duce
651 1685 692 1709 1n
719 1671 864 1710 urbem
893 1670 1086 1725 ingressi,
1110 1678 1236 1710 nocte
1269 1679 1447 1724 portam,
1469 1686 1566 1725 quae

139 1726 338 1780 proxima
359 1737 463 1776 erat,
485 1740 648 1781 cepere.
672 1741 756 1782 qua
778 1726 970 1776 1·'·et1acta‚
992 1726 1138 1767 consul
1158 1727 1454 1790 exercitusque
1477 1727 1567 1769 Ro-

131 1796 286 1822 manus
309 1783 398 1822 sine
418 1794 503 1823 cert
511 1797 649 1823 nmine
674 1784 850 1823 urbem
842 1797 1045 1824 invasere.
1081 1783 1145 1823 lta
1168 1783 1413 1837 Nequinum
1439 1799 1479 1825 in
1504 1785 1568 1826 di-

138 1839 298 1879 tionem
324 1839 470 1894 populi
498 1839 681 1880 Romani
709 1842 835 1880 venit.
887 1839 1069 1880 Colonia
1089 1854 1139 1880 eo
1158 1840 1357 1880 adversus
1381 1840 1565 1882 Umbros

132 1896 276 1946 missa,
296 1900 328 1920 Η
343 1911 367 1935 a
388 1896 564 1936 flumine
589 1897 749 1937 Narnia
770 1896 1008 1952 adpellata:
1039 1897 1251 1937 exercitus
1280 1911 1377 1937 cum
1408 1911 1566 1954 magna

131 1953 282 2007 praeda
304 1952 486 1993 Romam
512 1954 726 1994 reductus.
787 1953 949 1994 Eodem
974 1967 1086 1993 anno
1107 1954 1161 1997 ab
1195 1952 1386 1993 Etruscis
1418 1955 1565 1995 adver-

137 2023 205 2048 sus
225 2009 415 2049 inducias
440 2024 529 2065 pai
517 2021 632 2050 uum
656 2010 825 2050 bellum.
848 2018 879 2038 ⁴³
892 2011 961 2050 sed
985 2024 1056 2050 eos
1070 2009 1151 2050 alia
1173 2009 1393 2049 molientes
1417 2010 1564 2051 Gallo-

130 2079 225 2108 rum
249 2066 398 2122 ingens
421 2066 646 2116 exercitus,
671 2067 773 2107 fines
798 2067 1025 2121 ingressus,
1048 2066 1276 2121 paullisper
1297 2081 1321 2106 a
1344 2069 1564 2122 proposito

134 2122 301 2163 avertit.
353 2122 540 2163 Pecunia
560 2123 726 2173 deiude,
748 2138 831 2178 qua
855 2123 1029 2163 multum
1053 2133 1264 2177 poterant,
1290 2122 1401 2174 freti,
1425 2125 1561 2165 socios
1574 2142 1697 2172 Etrusm

133 2193 186 2218 ex
210 2179 404 2220 hostibus
425 2179 561 2220 facere
584 2180 731 2220 Gallos
753 2190 976 2230 conantur,
1000 2190 1046 2219 ut
1067 2194 1118 2220 eo
1145 2179 1348 2234 adjuncto
1370 2181 1559 2222 exercitu
1574 2185 1687 2215 benum
1703 2185 1755 2215 ad-

134 2249 230 2275 eum
258 2235 464 2276 Romanis
487 2236 705 2277 bellarent.
768 2236 834 2277 De
865 2237 1068 2277 societate
1100 2236 1206 2276 baud
1245 2237 1436 2277 abnuunt
1467 2231 1754 2278 ba1·-V‘¹⁵¹¹³R⁰'

132 2292 248 2333 bari:
282 2293 333 2332 de
356 2293 548 2333 mercede
569 2293 724 2348 agitur.
746 2307 828 2347 qua
853 2304 976 2348 pacta
997 2303 1269 2348 acceptaque,
1291 2308 1416 2347 quum
1441 2308 1560 2348 para·
1571 2280 1757 2345 ffigpgrmo-

136 2357 179 2389 ta
197 2359 334 2389 cetera
358 2350 407 2390 ad
435 2349 585 2390 bellum
596 2326 775 2400 Desseut,
797 2364 998 2405 sequique
1032 2349 1232 2390 Etruscus
1255 2349 1445 2404 juberet,
1467 2351 1564 2392 tufi·-

172 2466 215 2493 40
244 2462 274 2492 C.
304 2463 501 2502 Domitium]
534 2463 606 2492 Hoc
636 2472 828 2502 praenomen
915 2466 954 2493 43
981 2462 1169 2503 Terentina]
1196 2462 1342 2493 Fortasse
1367 2473 1386 2493 a
1405 2463 1564 2504 Terento,

130 2505 183 2535 vix
230 2507 372 2545 reperias
411 2507 443 2536 in
482 2507 542 2536 hac
581 2513 692 2545 gente.
737 2506 828 2536 Libri
872 2507 928 2545 qui
946 2507 1035 2536 locus
1052 2507 1173 2536 eratin
1190 2516 1306 2546 campo
1322 2507 1454 2537 Martio.

131 2549 331 2588 discrepant.
375 2550 465 2589 Lege
484 2549 536 2579 vel
553 2550 594 2580 L.
610 2550 660 2579 vel
688 2549 826 2581 Cn.1)0-
912 2553 954 2580 44
991 2550 1023 2580 A
1046 2549 1189 2590 flumine
1218 2550 1356 2580 Narnia
1384 2551 1561 2591 appellata]

130 2593 271 2622 mitium.
872 2593 1031 2623 Fluminis
1048 2602 1183 2628 nomen,
1199 2592 1278 2622 Nar.

173 2638 209 2665 41
255 2636 431 2675 Tribusque
459 2635 575 2665 addito!
612 2635 698 2674 duaa]
731 2635 827 2665 Tunc
912 2639 954 2666 45
980 2635 1045 2665 Sed
1058 2647 1104 2665 eos
1120 2637 1186 2665 alia
1210 2637 1382 2677 molientes]
1408 2636 1565 2667 Etruscos

130 2682 198 2708 tres
214 2681 248 2707 et
263 2679 403 2718 triginta
419 2679 525 2709 tribus
543 2680 652 2709 factae.
675 2678 748 2709 vid.
766 2678 824 2708 lX.
870 2678 954 2709 nihil
984 2679 1023 2708 de
1054 2678 1156 2709 Gallis
1188 2680 1384 2717 cogitantes,
1414 2680 1471 2710 sed
1502 2681 1567 2710 alia

131 2724 183 2753 20.
870 2721 1059 2759 molientes,
1075 2731 1193 2762 nempe
1217 2722 1403 2752 Romanum
1428 2723 1565 2760 bellum,

172 2766 215 2794 42
252 2765 414 2806 Aniensis]
455 2765 602 2795 Fortasse
631 2764 671 2795 ab
700 2763 827 2795 Aniene
872 2764 958 2794 Galli
983 2765 1154 2795 invadunt.
1201 2764 1347 2795 Fortasse
1371 2765 1466 2797 malis
1489 2776 1566 2797 cum

135 2816 246 2839 amne.
874 2807 1036 2838 Glareano
1051 2808 1159 2848 legere
1175 2810 1254 2839 talia
1271 2810 1439 2840 molientes.

918 2856 1034 2892 003
