1925 3239
589 121 706 159 LIB.
734 121 842 158 Vm.
880 122 951 157 CA
967 121 1007 159 P.
1035 120 1086 158 X.
1465 124 1535 159 461

113 225 266 263 eventu
290 220 481 278 collegae,
506 235 652 276 quum,
675 231 720 261 ut
745 221 819 276 jus
853 220 999 275 fasque
1019 230 1124 272 crat,
1146 221 1329 271 lacrimis
1358 236 1441 262 non
1465 222 1598 264 mi-U.
1618 233 1654 263 C.
1670 235 1744 263 415.

115 292 192 319 nus
225 293 351 333 quam
383 279 580 320 laudibus
618 279 773 319 debitis
817 285 1064 333 prosecutus
1101 288 1185 319 tam
1227 279 1545 320 memorabilem
1560 278 1597 308 Α·
1616 278 1652 307 C·
1671 279 1744 310 337-

113 342 293 376 mortem
316 347 452 387 esset;
500 334 735 391 paullisper>
758 334 1045 385 addubitavit,
1066 349 1118 375 an
1150 337 1434 390 consurgendi
1453 337 1546 390 jam

114 392 269 433 triariis
301 404 466 447 tempus
496 401 630 433 esset:
661 391 827 441 deinde,
851 392 998 432 melius
1032 402 1146 432 ratus
1176 393 1365 447 integros
1401 407 1471 433 eos
1494 392 1545 433 ad

115 449 312 490 ultimum
337 449 560 490 discrimen
586 449 757 497 sci-vari,
779 448 984 492 adcensos
1008 450 1061 489 ab
1085 449 1315 489 novissima
1337 449 1428 489 acie
1450 460 1548 489 ante

115 507 240 561 signa
270 507 496 562 procedere
525 506 667 560 jubet.
729 505 815 551 Qui
841 504 910 545 ubi
945 506 1125 554 subiere,
1147 505 1365 559 extemplo
1392 506 1548 556 Latini,

115 572 328 617 tamquam
364 563 475 603 idem
504 561 731 603 adversarii
765 561 980 612 fecissent,
1005 562 1173 603 triarios
1207 576 1303 601 suos
1331 564 1547 602 excitave-

114 627 240 660 runt:
272 620 345 674 qui
377 619 635 674 aliquamdiu
668 633 813 675 pugna
833 619 966 659 atroci
996 634 1125 674 quum
1155 629 1198 658 et
1221 629 1352 659 semet
1376 619 1455 673 ipsi
1489 619 1549 658 fa-

116 677 335 731 tigassent,
357 687 399 716 et
422 676 562 716 hastas
595 686 669 716 aut
704 675 1035 731 praefregissent,
1057 686 1130 716 aut
1153 676 1436 725 hebetassent,
1463 676 1549 730 pel-

112 731 247 773 lerent
270 733 310 773 vi
333 742 473 773 tamen
497 733 678 783 hostem,
701 733 956 773 debellatum
975 733 1065 786 jam
1097 732 1189 782 rati,
1213 743 1549 787 perventumque

113 789 164 830 ad
195 799 432 830 extremam
466 790 631 840 aciem;
674 800 764 830 tum
799 789 947 830 consul
977 790 1146 839 triariis,
1170 788 1407 844 consurgite
1429 803 1547 838 natm,

111 846 266 901 inquit,
286 846 437 902 integri
459 846 648 886 adversus
663 846 813 902 fessos,
831 860 1020 886 memores
1033 846 1183 900 patriae.
1200 853 1493 900 parentumque
1510 852 1549 885 et

112 903 326 958 conjugum
353 918 400 944 ac
432 903 650 943 liberorum
665 919 678 951 ,-
718 917 904 944 memores
924 902 1092 943 consulis
1113 917 1190 957 pro
1219 910 1349 942 vestra
1373 903 1543 942 victoria

113 967 237 1000 morte
257 960 534 1001 occumbentis.
596 960 680 1001 Ubi
706 960 838 1001 triarii
857 969 1215 1001 consurrexerunt
1232 959 1402 1014 integri,
1418 958 1543 999 reful-
1555 972 1690 1001 vincunt

113 1017 315 1071 gentibus
337 1017 480 1067 armis,
502 1031 614 1057 nova
641 1031 694 1057 ex
727 1017 946 1072 inproviso
978 1026 1128 1057 exorta
1151 1016 1276 1065 acies,
1299 1016 1477 1070 receptis
1502 1016 1697 1056 jnRumani.

112 1074 335 1115 intervalla
366 1074 563 1115 ordinum
597 1073 865 1128 antepilanis,
887 1074 1072 1114 clamore
1102 1073 1268 1113 sublato
1289 1078 1320 1100 ⁷³
1337 1073 1545 1127 principia

114 1126 365 1173 Latinorum
385 1132 649 1186 perturbant.
675 1131 889 1185 hastisque
904 1145 976 1171 ora
994 1130 1218 1180 fodientes,
1235 1129 1370 1184 primo
1394 1129 1545 1169 robore

116 1188 301 1229 virorum
336 1203 464 1239 caeso,
501 1201 576 1244 per
607 1188 711 1228 alios
744 1187 1000 1242 manipulOS‚
1035 1187 1150 1227 velut
1185 1188 1377 1234 inermes,
1415 1199 1546 1241 prope

113 1244 265 1286 intacti
303 1259 496 1294 evas'ere3
538 1253 742 1299 tantaque
773 1244 891 1285 caede
925 1257 1149 1299 perrupere
1185 1257 1357 1293 cuneos,
1395 1253 1439 1282 ut
1473 1243 1545 1282 vix

112 1311 308 1356 quartam
340 1311 503 1356 partem
539 1300 823 1356 relinquerent
857 1301 1059 1342 hostium.
1120 1300 1331 1340 Samnites
1359 1313 1544 1353 quoque,

115 1360 194 1400 sub
227 1359 440 1400 radicibus
474 1358 631 1399 montis
665 1357 812 1414 procul
845 1357 1055 1409 instructi,
1090 1357 1310 1412 praebuere
1342 1365 1544 1396 terrorem

117 1413 294 1456 Latinis.
352 1414 556 1456 Ceterum
586 1415 695 1456 inter
726 1428 871 1454 omnes
904 1415 1017 1455 cives
1039 1420 1071 1442 7⁴
1085 1415 1306 1467 sociosque
1327 1412 1546 1467 praecipua

113 1470 204 1514 laus
225 1473 316 1528 ejus
339 1472 438 1512 belli
461 1485 590 1527 penes
612 1471 805 1513 consules
828 1470 934 1512 fuit:
968 1485 1148 1526 quorum
1171 1470 1274 1510 alter
1297 1484 1442 1509 omnes
1466 1469 1546 1510 mi-

113 1542 190 1569 nas
210 1528 484 1584 periculaque
504 1530 558 1569 ab
591 1528 686 1570 Diis
719 1529 878 1583 superis
910 1528 1140 1582 inferisque
1171 1527 1212 1566 in
1236 1540 1279 1566 se
1301 1540 1431 1566 unum
1454 1540 1547 1566 ver-

114 1586 194 1628 tit:
227 1586 334 1627 alter
363 1600 413 1626 ea
437 1586 592 1626 virtute
613 1599 748 1640 eoque
781 1584 962 1625 consilio
995 1585 1036 1624 in
1060 1583 1214 1639 proelio
1237 1582 1333 1633 fuit,
1352 1593 1400 1623 ut
1420 1582 1546 1623 facile

112 1643 362 1684 convenerit
381 1643 493 1684 inter
525 1642 745 1683 Romanos
772 1642 1044 1696 Latinosque,
1063 1642 1134 1696 qui
1155 1639 1246 1695 ejus
1279 1654 1435 1694 pugnae
1459 1653 1545 1679 me-

113 1700 293 1740 moriam
318 1699 495 1754 posteris
527 1699 806 1749 tradiderunt,
829 1699 962 1739 utrius
984 1699 1115 1753 partis
1145 1696 1195 1737 T.
1233 1696 1422 1736 Manlius
1455 1695 1543 1736 dux

114 1756 278 1808 suisset,
300 1757 393 1812 ejus
423 1756 608 1798 futuram
643 1756 753 1801 haud
787 1755 916 1796 dubie
947 1755 1077 1795 fuisse
1106 1753 1340 1794 victoriam.
1402 1752 1544 1793 Latini

113 1827 168 1853 ex
183 1813 289 1870 Fuga
307 1827 350 1854 se
371 1813 615 1854 Minturnas
630 1811 913 1853 contulerunt.
936 1820 1073 1853 castra
1091 1810 1323 1851 secundum
1343 1809 1546 1864 proelium

113 1877 254 1925 capta,
277 1871 485 1926 multique
514 1870 709 1910 mortales
738 1868 798 1909 ibi
835 1869 921 1910 vivi
959 1868 1164 1924 obpressi,
1195 1867 1383 1907 maxime
1413 1866 1545 1906 Cam-

114 1927 230 1982 pani.
291 1926 416 1969 Decii
449 1942 603 1983 corpus
625 1941 679 1967 ne
710 1940 761 1967 eo
794 1925 864 1966 die
893 1926 1165 1975 inveniretur,
1187 1938 1275 1964 nox
1308 1932 1545 1977 quaerentes

113 1984 339 2040 obpressit.
382 1995 553 2040 postero
585 1984 654 2025 die
686 1984 906 2024 inventum
949 1982 1057 2022 inter
1091 1981 1319 2022 maximam
1357 1979 1545 2020 hostium

114 2049 316 2097 stragem,
330 2049 579 2097 coopertum
602 2040 718 2092 telis3
750 2039 962 2094 funusque
983 2039 1021 2079 ei
1043 2053 1117 2094 par
1140 2037 1280 2087 morti,
1302 2036 1545 2078 celebrante

115 2098 295 2153 collega,
316 2096 478 2139 factum
507 2107 605 2138 est:
647 2096 758 2138 Illud
780 2096 1069 2152 adjiciendum
1093 2095 1272 2144 videtur,
1293 2093 1421 2134 licere
1440 2107 1544 2133 con-

116 2154 195 2193 suli
217 2155 501 2209 dictatorique
526 2163 570 2196 et
599 2153 788 2210 praetori,
809 2167 942 2208 quum
974 2152 1162 2208 legiones
1195 2150 1381 2191 hostium
1415 2150 1543 2191 devo-
1556 2165 1700 2194 Devotio-

116 2219 226 2260 veat,
248 2225 334 2252 non
369 2212 515 2266 utique
551 2226 608 2261 se,
631 2211 703 2252 sed
736 2224 863 2265 quem
901 2209 1002 2251 velit
1036 2223 1090 2250 ex
1112 2208 1325 2263 ⁷⁵legione
1349 2206 1735 2249 Romananumleges

115 2268 276 2322 scripta
288 2268 440 2318 civem,
453 2269 685 2310 devovere:
719 2268 751 2307 si
769 2281 802 2306 1s
823 2267 966 2318 homo,
980 2266 1052 2321 qui
1066 2266 1244 2306 devotus
1260 2272 1336 2315 est,
1351 2264 1545 2314 moritur,

118 2325 251 2380 probe
273 2323 435 2365 factum
459 2318 611 2366 videri:
644 2325 686 2365 ni
709 2324 903 2374 moritur,
926 2332 1016 2363 tum
1041 2323 1210 2377 signum
1231 2330 1393 2375 septem
1417 2320 1544 2374 pedes

115 2380 264 2434 altum,
293 2390 367 2421 aut
398 2381 550 2436 majus,
585 2382 627 2421 in
660 2391 811 2421 terram
843 2379 1003 2431 defodi,
1025 2389 1068 2420 et
1089 2383 1121 2407 7⁶
1137 2378 1350 2433 piaculum
1382 2375 1547 2417 hostiay'

115 2438 242 2479 caedi.
306 2438 388 2479 Ubi
430 2438 530 2479 illud
570 2438 739 2493 signum
779 2436 996 2477 defossum
1029 2436 1124 2486 erit,
1157 2449 1208 2475 eo
1247 2434 1544 2489 magistratum

118 2493 364 2536 Romanum
385 2495 609 2536 escendere
631 2494 693 2535 fas
717 2507 803 2534 non
825 2507 927 2534 esse.
966 2493 1040 2533 Sin
1061 2501 1203 2533 autem
1226 2504 1315 2531 sese
1337 2490 1545 2531 devovere

692 2579 708 2598 Ὺ
730 2573 861 2602 hostiam
877 2572 970 2603 Crev.

159 2642 200 2678 73
226 2643 400 2685 Principia
416 2642 628 2682 Latinorum]
665 2642 808 2672 Primam
854 2641 1007 2672 subitarii
1024 2644 1059 2671 et
1073 2638 1283 2669 tumultuarii
1303 2637 1437 2668 milites.

117 2688 234 2717 aciem.
896 2685 939 2719 76
970 2684 1148 2714 Piaculum
1181 2684 1310 2712 hostiam
1342 2681 1431 2720 caldi]
1493 2680 1546 2709 Sic

161 2734 202 2761 74
236 2730 351 2769 Socios]
393 2730 572 2766 Samnites,
609 2728 650 2759 de
693 2728 811 2768 quibus
855 2727 1041 2767 complures
1079 2726 1217 2765 scriptos
1256 2725 1374 2755 habere,
1405 2726 1546 2754 affirmat

116 2772 213 2803 modo
229 2773 356 2804 dictum
372 2778 435 2810 est,
452 2772 612 2811 intellige.
851 2771 1048 2801 Gronovius.
1112 2770 1196 2799 (ltili
1228 2769 1374 2804 hostiam,
1407 2776 1478 2805 quae
1502 2766 1547 2795 sit

158 2818 198 2850 ¹55
223 2816 363 2854 Legioue
387 2816 535 2847 Romana
557 2814 693 2854 scripta]
735 2814 808 2844 For·
849 2816 1031 2855 piaculum.
1076 2813 1248 2844 Hactenus
1265 2811 1545 2842 edebatur-hostia.

115 2862 201 2889 tasse
218 2859 372 2898 adjicitur
386 2861 517 2899 scripta,
535 2863 571 2890 ut
591 2858 811 2889 excludantur
