1991 3250
627 39 754 77 LIB.
784 39 836 76 11.
879 34 1009 76 CAP‘.
1035 39 1189 78 XXIX.
1555 44 1628 78 113

186 158 275 195 esse,
297 157 416 200 quam
438 156 554 182 arma
575 140 739 182 danda:
770 146 815 181 at
829 154 906 195 pro
926 139 1066 194 patria
1090 140 1332 196 civibusque,
1355 157 1434 183 non
1459 158 1537 199 pro
1557 144 1628 186 do·
1639 158 1681 189 U.
1696 159 1731 187 c.
1748 158 1824 188 ⁶260.

184 201 319 251 minis,
334 196 552 256 pugnent.'
592 197 816 248 Consules,
847 197 949 251 quid
982 197 1234 238 mandatum
1265 209 1376 240 essct
1408 216 1433 240 a
1463 202 1821 255 senatu,A·C·49‘—'›

188 259 423 299 videbant:
465 257 536 297 sed
559 269 721 306 corum,
742 255 816 309 qui
847 255 960 294 intra
982 254 1164 309 parietes
1185 256 1317 295 curiae
1349 255 1550 299 ferociter
1569 259 1632 300 lo-

185 325 432 371 querentur,
456 313 665 354 neminem
686 311 848 362 adesse,
871 311 1045 352 invidiae
1068 325 1156 352 suae
1181 312 1460 368 participem:
1493 324 1536 356 et
1557 317 1633 357 ad-

187 374 367 428 parebat
398 382 521 412 atrox
559 384 658 423 cum
695 368 819 424 plebe
855 378 1088 409 certamen.
1149 368 1274 410 Prius
1310 369 1472 425 itaque,
1502 387 1631 427 quam

188 430 341 470 ultima
362 428 672 484 experirentur,
695 435 889 477 senatum
913 427 1068 466 iterum
1093 427 1314 467 consulere
1340 427 1514 482 placuit.
1539 440 1633 471 tum

188 501 288 527 vcro
311 487 361 527 ad
386 485 504 526 sellas
527 483 751 525 consulum
779 490 936 538 propec
966 483 1249 524 convolavere
1282 484 1484 526 minimus
1515 488 1632 542 quis-

187 559 271 599 que
293 553 395 584 natu
422 541 616 592 Petrum,
639 540 838 582 abdicare
860 539 1159 598 consulqturnd
1184 541 1404 596 jubentes,
1425 553 1469 584 et
1499 544 1630 601 depo-

186 616 288 642 nere
311 600 552 655 imperium,
573 598 625 638 ad
647 597 762 653 quod
786 597 993 638 tuendum
1016 599 1184 639 animus
1202 599 1383 640 deesset.

246 656 438 700 XXIX.
471 659 500 681 ⁵⁷
518 656 709 710 Utraque
732 669 776 695 re
798 655 900 695 satis
930 665 1125 711 experta,
1151 667 1240 697 tum
1272 655 1444 698 demum
1477 673 1633 700 consu-

186 714 271 756 les:
306 713 370 755 Nc
386 712 624 768 praedictam
651 712 810 768 negetis,
836 711 985 753 Patres
1016 713 1243 768 conscripti,
1266 713 1376 755 adest
1408 715 1544 771 ingens
1574 732 1633 757 se-

186 771 300 812 ditio.
363 770 637 819 Postulanzas,
659 777 704 810 at
730 770 774 819 ii,
795 769 865 824 qni
891 770 1063 810 maxime
1084 769 1292 825 ignaviam
1312 772 1536 827 increpant,
1556 773 1633 814 ad-

183 829 265 869 sint
298 827 411 868 nobis
447 827 679 868 habentibus
713 826 920 867 delectum.
981 826 1187 869 Acerrimi
1222 829 1410 884 cnjasqae
1446 830 1632 882 arbitrio,

185 885 345 942 qnando
368 885 428 926 ila
443 886 595 940 placet,
619 899 699 925 rem
719 898 895 940 agemus.
956 883 1158 925 Redeunt
1189 884 1232 925 in
1265 886 1476 938 tribunal;
1507 888 1634 930 citari

185 942 443 984 nominatim
468 957 598 983 unum
621 956 675 982 ex
700 942 765 992 iis,
784 942 857 997 qui
881 941 925 981 in
947 951 1181 998 conspectu
1205 953 1340 994 erant,
1363 944 1510 986 dedita
1529 961 1634 999 ope-
1984 983 1985 986 ,

185 1000 420 1055 rajubent.
482 1000 629 1046 Quum
658 1008 790 1039 staret
813 999 984 1048 tacitus,
1008 1010 1050 1038 et
1079 999 1195 1040 circa
1226 1014 1324 1041 eum
1358 1001 1523 1056 aliquot
1556 1003 1633 1044 lio-
1979 990 1991 1022 i

185 1058 368 1108 minum,
392 1072 444 1098 ne
466 1057 577 1097 forte
602 1056 845 1106 violaretur,
870 1056 1135 1096 constitisset
1158 1057 1329 1113 globus,
1351 1057 1546 1101 lictorem
1579 1062 1634 1102 ad
1982 1025 1991 1108 l

185 1129 284 1155 eum
314 1114 510 1156 consules
534 1115 728 1154 mittunt.
747 1125 837 1168 quo
862 1113 1045 1168 repulso,
1069 1124 1160 1154 tum
1201 1129 1300 1155 vero
1325 1115 1537 1172 indignum
1553 1117 1636 1174 fit-

184 1171 299 1213 cinus
329 1187 405 1213 esse
434 1172 720 1221 clamitantes,
748 1171 822 1226 qui
858 1170 1034 1211 Parrum
1065 1172 1315 1213 consulibus
1349 1174 1540 1226 aderant,
1561 1176 1635 1216 de-
1989 1212 1991 1228 ἱ

185 1229 336 1270 volant
357 1230 409 1270 de
432 1228 650 1279 tribunali,
673 1238 719 1269 ut
740 1228 880 1269 lictori
905 1227 1067 1269 auxilio
1090 1241 1247 1270 essent.
1290 1231 1373 1271 Sed
1392 1232 1447 1272 ab
1470 1231 1636 1284 lictore,
1980 1212 1991 1278 l

189 1289 219 1310 ⁵⁸
235 1287 342 1328 nihil
374 1287 488 1328 aliud
520 1301 649 1341 quam
685 1285 948 1342 prehendere
980 1286 1216 1341 prohibitO,
1237 1303 1369 1342 quum
1405 1304 1637 1331 conversus

188 1344 231 1384 in
272 1344 421 1385 Patres
454 1345 624 1400 inpetus
659 1354 786 1393 esset,
818 1343 1042 1384 consulum
1081 1344 1317 1385 intercursu
1358 1346 1452 1386 rixa
1490 1348 1638 1388 sedata

190 1410 279 1443 est:
311 1401 353 1442 in
376 1416 461 1456 qua
492 1411 649 1451 tamen,
672 1401 763 1441 sine
794 1400 949 1455 lapide,
974 1401 1064 1441 siue
1095 1402 1195 1452 telo,
1220 1402 1312 1456 plus
1344 1403 1541 1444 clamoris
1572 1415 1637 1446 at-
1980 1435 1984 1451 ,.

189 1472 274 1513 que
313 1459 486 1508 irarum,
523 1473 652 1513 quam
690 1457 875 1512 injuriae,
916 1457 1069 1498 fuerat.
1141 1459 1339 1510 Senatus,
1374 1462 1637 1503 tumultuose
1978 1462 1986 1512 l

189 1526 386 1566 vocatus,
407 1515 712 1556 tumultuosius
734 1514 985 1564 consulitur,
1016 1517 1344 1570 ³⁹quaestione1n
1378 1519 1617 1574 postulanti

189 1572 271 1613 bus
293 1573 360 1624 iis,
382 1573 455 1627 qui
482 1572 633 1627 pulsati
658 1572 841 1622 fuerant,
863 1573 1121 1613 decernente
1150 1573 1417 1617 ferocissimo
1448 1591 1637 1632 quoque,

189 1643 278 1686 non
311 1629 532 1670 sententiis
564 1629 717 1684 magis,
739 1644 869 1684 quam
897 1628 1084 1670 clamore
1105 1639 1149 1671 et
1171 1633 1366 1687 strepitu.
1426 1632 1637 1688 Tandem,

189 1700 324 1742 quum
366 1686 441 1727 irae
484 1686 752 1738 resedissent,
794 1687 1157 1742 exprobrantibus
1199 1691 1462 1742 consulibus,
1498 1692 1636 1733 nihilo

188 1744 286 1800 plus
314 1742 509 1785 sanitatis
543 1744 587 1784 in
620 1745 753 1795 curia,
784 1759 913 1799 quam
947 1745 989 1786 in
1025 1744 1120 1786 foro
1151 1760 1257 1798 esse,
1287 1749 1437 1790 ordine
1469 1750 1637 1792 consuli
1742 1794 1744 1797 ,

189 1801 344 1857 coepit.
404 1800 508 1842 Tres
550 1801 668 1842 fuere
710 1802 952 1842 sententiae.
1014 1801 1064 1843 P.
1105 1804 1326 1857 Virginius
1369 1809 1400 1831 ⁶0
1419 1821 1507 1848 rem
1547 1823 1634 1849 non
1649 1810 1835 1860 Vari-aespn·

0 1868 1 1890 l
190 1858 418 1914 vulgabat:
450 1858 498 1899 de
519 1858 567 1899 iis
587 1865 761 1910 tantum,
783 1858 1005 1914 qni,fidem
1025 1861 1150 1901 secuti
1173 1860 1230 1902 P.
1254 1861 1423 1904 Servilii
1443 1864 1636 1917 consulis,
1649 1858 1756 1926 {⁸¹¹2ae
1776 1865 1811 1884 ¹¹*

196 1914 351 1966 Volsco,
375 1916 587 1967 Aurunco,
613 1911 842 1971 Sabinoque
862 1916 1100 1958 militassent
1131 1918 1250 1970 bello,
1272 1920 1469 1975 agendam
1492 1908 1704 1963 cense-belm
1729 1907 1774 1929 ‘u‘

191 1973 281 2014 bat.
339 1972 391 2015 T.
418 1973 585 2014 Lartius
598 1984 624 2024 ²,
658 1972 755 2014 Non
775 1972 821 2013 id
841 1980 992 2029 tempas
1007 1990 1095 2025 esse,
1120 1983 1163 2016 at
1192 1978 1333 2018 merila
1364 1980 1639 2021 tantammodo

191 2029 498 2072 exsolverentur.
529 2037 656 2071 totam
683 2030 841 2085 plebem
876 2046 950 2072 (cre
982 2031 1112 2073 alieno
1146 2032 1361 2075 demersam
1389 2050 1492 2076 esse:
1523 2038 1551 2059 ⁶¹
1570 2052 1640 2079 uec

190 2087 278 2128 sisti
296 2102 424 2142 posse,
445 2087 490 2128 m'
510 2088 694 2129 omnibus
714 2087 959 2130 consulatur.
983 2089 1096 2144 quin,
1118 2090 1152 2130 sz'
1172 2090 1257 2132 alia
1278 2091 1451 2134 aliorum
1473 2092 1524 2134 sit
1545 2110 1641 2135 con-

191 2143 309 2195 ditio,
327 2144 489 2186 accendi
509 2145 638 2200 magis
658 2144 916 2196 discordiam,
938 2161 1060 2201 qaam
1090 2147 1238 2189 sedari.
1298 2148 1383 2205 Ap.
1417 2150 1639 2203 Claudius,

193 2210 238 2242 et
267 2212 419 2242 natura
452 2202 695 2251 inmitis,et
726 2201 926 2243 efferatus
960 2204 1061 2245 hinc
1094 2205 1232 2260 plebis
1265 2207 1380 2257 odio,
1404 2207 1522 2249 illinc
1558 2209 1640 2249 Pa-

194 2267 309 2300 trum
343 2258 555 2310 laudibus,
588 2258 685 2300 Non
716 2259 897 2311 miseriis,
931 2260 1006 2312 ait,
1025 2261 1092 2302 sed
1120 2261 1300 2314 licentia,
1321 2271 1480 2305 tantum
1508 2266 1641 2306 conci—

237 2355 251 2370 c
267 2358 396 2388 propere
411 2349 508 2379 Grou.
524 2349 615 2379 Crev.
781 2348 796 2369 d
817 2351 978 2381 consulatu
993 2353 1077 2383 Eaed.
1232 2360 1245 2374 ²
1265 2355 1409 2394 Largius
1424 2355 1467 2384 sic
1484 2359 1515 2385 et
1527 2356 1558 2387 in
1575 2366 1642 2396 sqq.

192 2393 279 2427 Eaed.

238 2474 278 2505 57
308 2469 456 2510 Utraque
469 2469 520 2511 re]
547 2470 589 2501 Et
608 2475 746 2502 senatus
769 2476 804 2502 et
826 2472 895 2512 ple·
983 2474 1025 2503 60
1050 2473 1132 2504 Rem
1148 2485 1208 2505 non
1225 2474 1396 2514 vulgabat]
1415 2476 1559 2508 Nolebat
1571 2483 1642 2508 σω-

190 2512 241 2546 bis
263 2515 461 2556 pertinacia.
939 2516 1037 2546 nibus
1052 2518 1230 2558 indulgeri.

238 2557 419 2589 58²*Nihz'l
452 2558 549 2589 aliud
576 2557 690 2598 quam]
730 2558 896 2591 Tantum·
984 2561 1021 2590 61
1050 2561 1124 2591 Nec
1138 2565 1207 2593 sisci
1225 2562 1329 2602 posse]
1356 2564 1428 2594 Nec
1452 2574 1545 2604 posse
1569 2574 1640 2594 rem

193 2601 304 2636 modo.
939 2604 1110 2639 sustiueri,
1128 2605 1284 2643 inhiberi,
1302 2608 1479 2646 quominus
1503 2608 1544 2637 ad
1568 2618 1642 2647 per-

235 2647 276 2680 59
299 2645 517 2685 ‚Quoestionem
536 2645 792 2685 postulantibus]
818 2645 895 2675 Pos-
939 2647 1062 2677 niciem
1085 2648 1223 2681 feratur.
1268 2651 1453 2683 Familiaris
1476 2651 1571 2683 Livio
1593 2650 1643 2681 lu-

191 2688 380 2738 tulantibus
397 2697 434 2720 ut
451 2690 676 2729 inquireretur
691 2691 727 2721 in
742 2695 895 2722 auctores
939 2691 1043 2721 cutio.

195 2740 338 2772 uuusrae.

255 2787 362 2816 VOL.
386 2788 418 2816 1.
992 2789 1008 2817 1
