1991 3250
145 366 215 397 Sex.
231 365 308 396 ‘rar-

144 410 245 450 quinii
259 409 332 439 doli.

354 96 407 135 72
895 93 1032 132 ΤΙΤΙ
1069 92 1242 132 LIVII

355 193 561 245 vitutum,
581 197 615 221 ⁹⁹
628 194 663 235 si
684 194 769 236 alia
789 192 945 235 desint.
985 198 996 219 ¹
1014 192 1106 236 Sibi
1130 207 1230 235 vero
1252 200 1422 248 gratum
1443 194 1675 237 adventum
1697 195 1791 251 ejus

357 264 477 293 esse·
510 250 790 306 futurumque
808 251 979 292 credere
1001 249 1137 301 brevi,
1159 261 1222 300 ut,
1253 250 1324 290 illo
1347 251 1593 304 adjuvante,
1615 254 1669 294 ab
1691 268 1790 309 por-

357 307 414 347 tis
436 306 620 349 Gabinis
642 309 722 349 sub
746 308 944 349 Romana
964 306 1130 348 moenia
1152 283 1308 348 bel'lum
1331 307 1622 350 transferatur.

417 363 536 406 LIV.
566 364 710 405 Inde
699 364 1013 406 1n2conciliak
1044 363 1218 419 publica
1238 364 1447 405 adhiberi.
1471 366 1709 420 ubi,quum
1739 366 1793 407 de

357 421 452 462 aliis
481 422 608 462 rebus
638 421 851 462 adsentire
883 435 927 461 se
959 421 1174 462 veteribus
1213 420 1396 462 Gabinis
1428 421 1604 472 diceret,
1636 423 1792 477 quibus

358 479 428 520 hae
450 479 639 519 notiores
659 487 815 528 essent,
837 478 928 532 ipse
958 476 1208 518 idemtidem
1232 477 1332 518 belli
1363 488 1513 520 auctor
1542 493 1647 543 esse,
1670 479 1712 519 in
1742 494 1794 521 eo

360 535 479 577 sibi³
494 535 757 597 praecipuam
789 534 1060 598 prudentiam
1082 533 1318 584 adsumere,
1338 535 1454 590 quod
1476 537 1698 590 utriusque
1719 551 1796 592 po·

359 592 447 656 puli
473 606 581 632 vires
611 600 770 642 nosset,
792 591 1005 646 sciretque
1035 591 1215 631 invisam
1242 591 1434 646 profecto
1458 594 1701 647 superbiam
1732 607 1796 634 re-

359 663 477 704 giam
499 648 668 689 civibus
689 662 795 698 esse,
818 662 947 702 quam
970 647 1079 688 ferre
1100 662 1153 689 ne
1183 648 1305 689 liberi
1335 649 1509 703 quidem
1542 649 1797 704 potuissent.

359 705 429 746 Ita
449 719 581 768 quum
605 704 761 745 sensim
789 704 840 745 ad
873 704 1161 746 rebellandum
1196 705 1400 759 primores
1432 706 1702 747 Gabinorum
1733 707 1798 747 in-

356 763 525 811 citaret,
548 776 638 817 lpse
660 776 759 802 cum
792 761 1318 818 promtissimisjuvenum
1345 763 1581 817 praedatum
1604 774 1731 818 atque
1754 764 1799 804 in

358 818 660 875 expeditiones
683 819 777 869 iret,
801 828 859 869 et,
880 819 1006 860 dictis
1029 818 1239 873 factisque
1261 820 1462 860 omnibus
1483 821 1534 860 ad
1566 819 1800 861 fallendum

358 876 596 926 instructis,
616 890 725 916 vana
745 875 1008 917 adcresceret
1030 875 1150 925 fides,
1165 876 1254 916 dux
1277 875 1327 916 ad
1353 876 1550 916 ultimum
1575 877 1671 917 'uelli
1694 877 1801 932 legi-

360 942 444 973 tur.
505 931 572 974 Ibi
605 947 752 988 quum,
775 933 911 974 inscia
940 932 1215 973 multitudine
1245 933 1380 987 4quid
1411 943 1623 988 ageretur,
1645 935 1800 988 proelia

357 1004 493 1045 parva
521 990 632 1031 inter
665 989 849 1030 Romam
882 990 1134 1045 Gabiosque
1164 990 1329 1039 fierent,
1360 990 1515 1045 quibus
1551 990 1800 1045 plerumque

360 1047 537 1088 Gabina
559 1061 622 1087 ies
652 1047 847 1103 superior
875 1058 1010 1099 esset3
1043 1056 1134 1088 tum
1165 1047 1362 1088 certatim
1393 1047 1546 1088 summi
1580 1047 1802 1100 infimique

361 1103 633 1145 Gabinorum
657 1105 759 1145 Sex.
779 1103 1062 1158 Tarquinium
1093 1105 1208 1145 dono
1232 1103 1375 1144 Deum
1406 1104 1489 1145 sibi
1521 1104 1696 1144 missum
1722 1103 1802 1144 du-

361 1175 455 1202 cem
477 1175 522 1202 ci
524 1163 663 1202 edere
722 1160 852 1216 Apud
876 1161 1032 1203 milites
1055 1175 1154 1202 vero
1176 1161 1376 1202 obeundo
1401 1161 1590 1216 pericula
1611 1175 1661 1202 ac
1684 1161 1803 1202 labo-

359 1231 442 1269 reS,
465 1218 624 1274 pariter
644 1218 835 1273 praedam
862 1218 1066 1259 munifice
1086 1218 1324 1275 largiendo,
1348 1227 1467 1259 tanta
1486 1219 1665 1259 caritate
1694 1232 1802 1269 esse,

359 1284 411 1316 ut
432 1289 517 1316 non
542 1284 661 1331 pater
681 1274 939 1330 Tarquinius
964 1276 1181 1331 potentior
1206 1275 1382 1339 Romae,
1405 1290 1532 1330 quam
1565 1275 1678 1315 filius
1712 1274 1803 1316 Ga-

362 1332 446 1373 biis
484 1342 609 1373 esset.
671 1331 838 1387 Itaque,
873 1341 1101 1387 postquam
1137 1332 1238 1373 satis
1278 1333 1434 1373 virium
1469 1331 1712 1373 conlectum
1749 1331 1803 1372 ad

362 1403 511 1430 omnes
533 1398 712 1430 conatus
745 1389 934 1441 videbat,
956 1399 1050 1430 tum
1083 1403 1107 1430 e
1139 1390 1226 1430 suis
1259 1403 1393 1430 unum
1423 1389 1688 1430 sciscitatum
1712 1387 1805 1429 Ro-

359 1460 477 1487 mam
499 1446 550 1487 ad
575 1456 738 1501 patrem
770 1446 919 1498 mittit,
941 1446 1149 1501 quidnam
1178 1460 1223 1487 se
1253 1445 1394 1487 facere
1423 1445 1581 1487 vellet?
1611 1445 1806 1501 quando-

361 1503 553 1559 quidem,
569 1512 617 1544 ut
636 1502 782 1544 onmia
803 1517 913 1544 unus
931 1503 1084 1545 Gabiis
1105 1511 1264 1559 posset,
1281 1503 1321 1544 ei
1338 1502 1412 1544 Dii
1431 1502 1661 1544 dedissent.
1687 1501 1806 1544 Huic

361 1560 538 1611 nuncio,
571 1560 688 1615 quia,
711 1560 853 1612 credo,
875 1560 1020 1602 dubiae
1056 1561 1156 1602 fidei
1192 1560 1434 1611 videbatur,
1460 1559 1566 1600 nihil
1603 1573 1708 1601 voce
1741 1573 1807 1600 re-

363 1631 568 1673 sponsum
593 1627 672 1657 est.
704 1630 796 1669 rex,
818 1617 938 1659 velut
964 1617 1340 1667 deliberabundus,
1363 1617 1408 1657 in
1439 1616 1615 1658 hortum
1647 1616 1807 1658 aedium

362 1675 530 1725 transit,
554 1683 758 1729 sequente
779 1675 940 1716 nuncio
963 1674 1067 1716 filii:
1099 1675 1176 1725 ibi,
1204 1673 1474 1715 inambulans
1497 1675 1667 1724 tacitus,
1691 1687 1807 1714 sum-

361 1746 434 1773 ma
466 1745 727 1788 papaverum
767 1732 912 1787 capita
954 1732 1112 1773 dicitur
1158 1731 1312 1773 baculo
1355 1731 1605 1772 decussisse.
1665 1729 1808 1771 Inter-

364 1789 559 1844 rogando
591 1789 971 1844 'exspectandoque
1008 1803 1260 1845 responsum
1292 1789 1474 1829 nuncius
1511 1787 1661 1838 fessus,
1684 1797 1732 1828 ut
1763 1802 1808 1828 re

362 1845 614 1910 inperfecta,
634 1846 745 1887 redit
768 1846 962 1887 Gabios·
953 1879 965 1899 ,
998 1861 1094 1901 quae
1117 1846 1307 1888 dixerit
1298 1859 1412 1911 ipse,
1426 1860 1609 1900 quaeque
1632 1844 1807 1895 tiderit,

362 1903 520 1944 refert.
553 1917 624 1944 seu
657 1902 733 1953 ira,
756 1917 829 1945 seu
860 1903 976 1967 odio,
998 1917 1069 1944 seu
1105 1903 1305 1959 superbia
1336 1903 1465 1943 insita
1494 1902 1685 1958 ingenio,
1714 1902 1807 1942 nul-

361 1960 447 2001 lam
484 1974 582 2001 eum
614 1974 764 2001 ιοοεω
795 1960 1000 2002 emisisse.
1061 1960 1197 2002 Sexto
1226 1960 1318 2011 ubi,
1347 1959 1451 2014 quid
1481 1959 1608 2000 vellet
1641 1973 1809 2024 parens,

361 2017 519 2072 quidve
543 2018 796 2073 pimaecipeiet
820 2018 961 2059 tacitis
983 2017 1254 2074 ambagibus,
1278 2017 1439 2074 patuit3
1471 2016 1677 2080 primores
1699 2017 1806 2056 cixi-

363 2075 480 2124 tatis‚
501 2075 770 2115 criminando
792 2073 897 2115 alios
919 2075 1030 2139 apud
1057 2075 1278 2130 populum,
1301 2072 1442 2114 alios⁵
1458 2087 1534 2114 sua
1559 2074 1674 2137 ipsos
1697 2073 1808 2114 invi-

364 2130 438 2172 dia
458 2140 725 2186 opportunos
756 2131 988 2173 interemit.
1012 2132 1134 2172 multi
1162 2131 1329 2188 palam;
1360 2130 1581 2186 quidam,
1573 2145 1617 2170 in
1648 2131 1820 2186 quibus,

362 2188 505 2228 minus
527 2188 721 2243 speciosa
742 2188 987 2230 criminatio
1008 2198 1099 2230 erat
1120 2187 1278 2239 futura,
1301 2188 1410 2229 clam
1433 2187 1666 2229 interfecti.
1723 2187 1810 2228 Pa·

362 2244 449 2287 tuit
469 2244 726 2301 quibusdam
759 2246 1000 2288 volentibus
1031 2244 1150 2303 fuga,
1173 2254 1248 2287 aut
1268 2246 1312 2287 in
1341 2245 1544 2286 exsilium
1574 2245 1660 2286 acti
1690 2252 1807 2295 sunt,

953 2359 968 2381 k
990 2363 1118 2392 consilia
1135 2360 1227 2392 Crev.

408 2467 448 2497 99
475 2461 512 2493 Sa
531 2463 599 2492 alia
621 2460 739 2501 clesma]
767 2460 933 2492 Gronovio
957 2462 1062 2501 magis
1107 2460 1255 2492 dicemus
1272 2462 1306 2491 in
1323 2466 1393 2492 not.
1411 2460 1452 2492 ad
1468 2461 1490 2491 1.
1505 2459 1616 2491 XXII.
1633 2471 1662 2490 c.
1678 2463 1732 2492 53.

365 2505 515 2547 placeret
530 2507 599 2536 alii.
1152 2509 1171 2537 3
1197 2505 1406 2545 Proeeipuam
1432 2503 1661 2544 prudenciam]
1702 2504 1810 2543 Majo-

414 2549 537 2579 vsibc·
558 2549 647 2588 vero]
671 2547 840 2579 panicula
861 2558 934 2578 vem
956 2549 1064 2587 expri-
1108 2559 1192 2586 rem,
1211 2558 1311 2588 quam
1334 2549 1437 2578 ceteri
1459 2547 1634 2586 haberent,
1649 2549 1810 2578 notitiam

367 2593 430 2623 mit
445 2593 621 2623 certiorem
638 2601 676 2622 ac
693 2592 875 2632 pleniorem
893 2591 1065 2622 assirnmti-
1109 2603 1221 2623 rerum
1236 2602 1275 2622 ac
1297 2591 1463 2632 peritiam.

366 2645 465 2666 onem
481 2647 487 2664 :
513 2635 580 2666 fere
596 2641 635 2666 ut
652 2645 764 2675 supra,
779 2646 807 2667 c.
832 2639 886 2667 41.
907 2636 1067 2666 minacem
1155 2640 1174 2667 4
1197 2635 1292 2677 „Quid
1305 2636 1478 2675 ageretur]
1494 2634 1583 2675 Quid
1596 2634 1717 2665 secreti
1731 2643 1811 2665 con-

365 2677 543 2718 mng'fhsla
559 2689 609 2709 ‘res
624 2680 705 2708 visa.
1111 2679 1176 2710 silii
1193 2678 1322 2709 lateret.

412 2723 432 2752 Β
459 2721 609 2760 [basilea]
637 2723 690 2751 Sic
705 2720 850 2752 Andreas
868 2726 901 2752 et
918 2723 1065 2762 quinque
1153 2727 1172 2753 5
1197 2721 1266 2753 Sua
1284 2723 1363 2762 ipsos
1378 2722 1502 2752 invidia
1517 2722 1722 2760 opportunos]
1739 2720 1810 2761 Qui

365 2775 384 2795 e
415 2765 533 2795 nostris
560 2764 655 2795 codd.
682 2774 761 2801 non,
779 2769 815 2795 ut
846 2765 940 2805 vulgo
970 2766 1064 2803 editi,
1108 2764 1239 2796 facilius
1262 2765 1405 2805 opprimi
1431 2768 1597 2805 poterant,
1615 2769 1749 2804 propter
1771 2774 1808 2795 ο-

366 2810 507 2840 ωηςῑρα.
534 2808 585 2839 Do
601 2807 720 2839 harum
738 2817 854 2837 vocum
873 2810 1063 2839 tim-rimmo
1109 2809 1202 2840 dium
1219 2808 1347 2850 pridem
1364 2809 1399 2839 in
1414 2809 1502 2850 ipsos
1515 2813 1730 2849 conceptum.
