1969 3239
569 81 690 119 111ss.
717 79 788 118 111.
824 78 953 116 cAP.
979 78 1060 116 ΙΝ.
1202 111 1206 114 ,
1413 51 1419 55 ’
1463 85 1540 122 209

113 177 254 219 obviis
276 178 449 234 gaudio.
471 181 616 221 armati
640 194 714 235 per
734 181 878 221 urbem
904 178 1072 220 silentio
1095 178 1136 218 in
1159 178 1421 219 Aventinum
1445 194 1536 236 per·
1551 186 1592 217 U.
1611 186 1648 217 C.
1665 188 1739 218 305.

112 235 304 276 veniunt.
336 237 395 276 ibi
427 237 659 292 extemplo,
685 236 886 291 pontifice
916 235 1104 275 maximo
1137 235 1310 275 comitia
1343 230 1735 302 habente,51³.·.ff·s‚³l⁴}·

114 291 307 332 tribunos
340 293 474 347 plebis
512 304 773 341 creaverunt,
805 293 994 332 omnium
1032 291 1211 346 primum
1243 290 1367 331 ‘³⁹A.‘
1401 281 1738 348 Virgi-crrgagmfhj

113 347 249 397 nium,
273 349 369 389 inde
394 349 441 390 L.
467 349 643 398 Icilium,
661 359 705 389 et
728 349 776 389 P.
802 348 1092 389 Numitorium
1117 347 1370 388 avunculum
1398 348 1538 404 Virgi-
1552 360 1719 390 Aventino.

114 404 214 453 niae,
246 414 438 446 auctores
476 406 740 446 secessionis.
800 404 906 446 Tum
951 404 1002 445 C.
1036 404 1258 453 Sicinium,
1292 405 1539 459 progeniem

114 458 221 513 ejus,
242 476 370 515 quem
392 463 574 516 primum
599 463 812 502 tribunum
837 461 970 517 plebis
993 470 1178 501 creatum
1204 461 1244 500 in
1267 459 1397 500 Sacro
1420 475 1539 501 mon-
1569 495 1573 503 .

115 525 172 567 te,
194 518 408 571 proditum
434 519 648 560 memoriae
671 529 759 568 est3
789 528 832 558 et
857 518 922 558 M.
947 517 1156 566 Duilium,
1176 518 1248 571 qui
1276 517 1538 559 tribunatum

116 572 325 629 insignem
348 583 447 614 ante
468 575 729 615 decemviros
752 586 913 616 creatos
937 583 1138 629 gesserat,
1161 588 1238 614 nec
1263 573 1304 612 in
1326 574 1540 615 decemvi-

117 630 272 670 ralibus
301 631 602 671 certaminibus
637 631 747 685 plebi
787 631 993 672 defuerat.
1036 634 1068 653 ⁴⁰
1084 631 1168 685 Spe
1205 630 1357 670 deinde
1393 631 1540 685 magis,

115 700 242 740 quam
266 687 440 736 meritis,
461 687 599 738 electi,
622 687 688 728 Μ,
709 687 917 728 Titiniusf
940 687 1003 728 M.
1028 687 1304 740 PomponiUS,
1330 685 1379 726 C.
1402 686 1541 741 Apro-

87 783 92 788 ,
115 743 224 792 nius,
262 743 313 783 P.
347 742 513 794 Villius,
546 744 597 785 C.
631 744 811 799 Oppius.
870 743 1106 784 Tribunatu
1145 743 1267 792 inito,
1310 742 1356 782 L.
1400 742 1541 784 [cilius

115 799 332 854 extemplo
349 799 518 854 plebem
543 802 722 855 rogavit,
747 811 789 841 et
811 801 929 856 plebs
951 801 1090 850 scivit,
1113 814 1165 840 ne
1186 801 1254 840 cui
1279 800 1412 840 fraudi
1436 810 1544 841 esset

115 857 295 896 secessio
345 857 399 898 ab
437 857 689 898 decemviris
730 857 858 898 facta.
919 856 1155 897 Confestim
1208 856 1260 896 de
1299 856 1544 898 consulibus

115 912 305 952 creandis
327 927 425 954 cum
449 916 757 969 provocatione
790 914 854 954 M.
881 912 1087 954 Duilliusg
1113 913 1378 968 rogationem
1403 925 1545 968 pertu-

114 966 178 1008 lit.
200 981 250 1009 ea
269 971 413 1011 omnia
437 971 477 1010 in
509 972 637 1026 pratis
669 971 885 1011 Flaminiis
916 969 1099 1010 concilio
1131 969 1265 1026 plebis
1287 978 1396 1019 acta,
1419 984 1544 1024 quem

114 1037 230 1065 nunc
251 1025 405 1067 circum
435 1026 686 1068 Flaminium
710 1027 937 1082 adpellant.

173 1081 264 1122 LV.
297 1081 379 1124 Per
402 1084 652 1140 interregem
682 1085 835 1125 deinde
864 1082 1054 1124 consules
1085 1082 1230 1130 creati,
1256 1081 1303 1122 L.
1336 1081 1543 1133 Valerius,
1558 1095 1598 1126 U.
1617 1096 1737 1127 0306.

115 1136 182 1179 M.
208 1137 437 1192 Horatius3
468 1142 539 1196 qui
569 1141 785 1196 extemplo
815 1140 1105 1194 magistratum
1136 1147 1407 1194 occeperunt.
1440 1154 1544 1193 quo-
1557 1138 1594 1169 Α·
1613 1139 1648 1187 (ἷ-
1667 1141 1742 1189 446·

113 1208 207 1235 rum
229 1197 471 1237 consulatus
494 1197 705 1253 popularis
729 1198 818 1238 sine
842 1197 922 1237 ulla
956 1196 1127 1236 Patrum
1152 1196 1320 1249 injuria,
1344 1209 1422 1243 nec
1453 1196 1544 1236 sine
1558 1183 1594 1253 {⁴5
1607 1184 1757 1256 lfiljffss‘t'so

116 1251 369 1294 obfensione
404 1253 500 1294 fnit.
538 1254 745 1308 quidquid
778 1254 890 1294 enim
930 1252 1114 1294 libertati
1149 1252 1280 1307 plebis
1312 1261 1544 1302 caveretur,
1558 1247 1643 1298 co'ss.

118 1307 163 1348 id
196 1309 298 1349 suis
347 1310 550 1352 decedere
592 1311 743 1366 opibus
785 1311 1029 1351 credebant.
1091 1308 1297 1349 Omnium
1344 1309 1543 1363 primum,
1558 1337 1653 1376 Leges
1668 1338 1701 1367 in

116 1379 250 1418 quum
273 1365 400 1407 veluti
424 1368 467 1407 in
497 1377 768 1408 controverso
794 1368 892 1421 jure
923 1376 1047 1416 esset,
1069 1374 1366 1406 tenerenturne
1398 1365 1544 1406 Patres
1558 1382 1689 1419 gratiam

119 1423 148 1444 ⁴¹
168 1422 414 1476 plebiscitis,
438 1424 574 1480 legem
595 1424 839 1465 centuriatis
861 1422 1048 1464 comitiis
1078 1422 1223 1472 tulere,
1252 1419 1319 1471 Ut,
1342 1422 1450 1476 quod
1470 1423 1668 1463 tpj-p1ebis.

121 1477 249 1518 batim
273 1478 410 1533 plebes
425 1481 626 1536 jussisset,
641 1479 839 1535 populum
870 1486 1031 1520 teneret.
1065 1493 1148 1533 qua
1179 1478 1273 1532 lege
1307 1479 1547 1519 tribuniciis

120 1536 418 1589 rogationibus
453 1537 580 1577 telum
615 1533 865 1577 acerrimum
904 1536 1048 1576 datum
1081 1545 1158 1575 est.
1217 1533 1356 1574 Aliam
1396 1535 1549 1576 deinde

120 1591 384 1633 consularem
420 1593 556 1648 legem
589 1593 641 1633 de
679 1593 992 1648 provocatione,
1017 1591 1186 1631 unicum
1223 1591 1466 1646 praesidiurn
1501 1593 1551 1632 li-

121 1648 311 1698 bertatis,
332 1649 602 1690 decemvirali
627 1657 834 1704 potestate
855 1663 1058 1698 eversam,
1082 1663 1165 1688 non
1201 1647 1430 1688 restituunt
1461 1663 1552 1688 mo-

119 1704 190 1754 do,
212 1705 284 1745 sed
306 1706 433 1746 etiam
458 1707 500 1746 in
524 1717 737 1761 posterum
771 1707 985 1756 muniunt,
1007 1708 1039 1728 4²
1053 1704 1282 1745 sanciendo
1315 1719 1467 1745 novam
1491 1705 1551 1745 le-

120 1774 233 1816 gem,
258 1760 322 1803 Ne
343 1763 432 1817 quis
451 1762 577 1803 ullum
597 1763 877 1818 magistratum
898 1763 981 1803 sine
995 1761 1280 1816 provocatione
1295 1769 1460 1801 crearet.
1481 1762 1553 1816 qui

122 1825 298 1869 creasset,
312 1818 638 1876 eumjusfasque
651 1826 742 1860 esset
759 1819 909 1860 occidi:
932 1833 1026 1859 neve
1044 1832 1088 1859 ea
1102 1817 1220 1858 caedes
1235 1817 1423 1871 capitalis
1437 1832 1552 1859 noscae

122 1873 350 1916 haberetur.
382 1875 439 1916 Et
456 1891 585 1931 quum
607 1875 773 1931 plebem
794 1877 893 1916 binc
911 1876 1233 1931 provocatione,
1251 1874 1351 1914 hinc
1371 1875 1553 1915 tribuni-

128 1930 197 1972 cio
219 1932 380 1972 auxilio
403 1933 502 1973 satis
525 1932 774 1982 firmassent,
798 1934 899 1987 ipsis
931 1946 1100 1987 quoque
1123 1931 1318 1981 tribunis,
1343 1940 1389 1970 ut
1412 1946 1553 1971 sacro-

124 1988 260 2028 sancti
285 1989 542 2040 viderentur,
561 1989 706 2044 (cujus
732 1991 786 2029 rei
806 2003 940 2044 prope
955 1988 1046 2043 jam
1067 1988 1272 2028 memoria
1290 1987 1552 2035 aboleverat)

129 2043 272 2084 relatis
293 2045 545 2099 quibusdam
569 2060 623 2086 ex
648 2060 804 2101 magno
834 2045 1056 2086 intervallo
1086 2044 1352 2094 ceremoniis,
1376 2059 1553 2085 renova-

127 2109 251 2151 runt3
272 2111 315 2142 et
336 2116 465 2157 quum
491 2102 694 2158 religione
717 2102 941 2143 inviolatos
965 2116 1050 2152 eos,
1067 2110 1158 2141 tum
1177 2101 1270 2156 lege
1288 2101 1415 2140 etiam
1439 2100 1553 2142 fece-

125 2166 240 2208 runt,
261 2158 507 2210 sanciendo,
528 2159 594 2210 Ut,
615 2160 686 2214 qui
707 2159 883 2199 tribunis
910 2158 1051 2213 plebis,
1074 2157 1273 2207 (edilibus,
1291 2157 1553 2212 ⁴³judicibzes,

253 2235 266 2249 ²
276 2231 318 2260 L.
332 2232 422 2261 Crev.
592 2233 605 2254 f
625 2227 779 2263 'lftinm'us
795 2233 890 2262 Gron.
905 2233 994 2262 Crev.
1165 2237 1179 2256 ἓ
1201 2231 1333 2260 Duilius
1344 2232 1426 2260 Eaed.

127 2293 258 2327 partem
278 2289 449 2320 feruntur:
473 2292 618 2328 convelli,
633 2301 734 2329 quum
754 2292 818 2321 fixa
905 2290 1048 2330 40*Spe
1071 2309 1100 2320 ..
1114 2310 1143 2319 ..
1165 2292 1270 2328 magis
1291 2299 1389 2328 quam
1416 2290 1554 2328 meritis]

127 2332 263 2370 alicubi,
301 2334 426 2363 moveri
471 2334 648 2373 incipiunt.
706 2335 751 2364 At
785 2335 819 2364 in
863 2333 970 2372 Magis
987 2334 1063 2372 qnia
1078 2333 1286 2372 sperabatur,
1303 2342 1357 2362 ecs
1380 2332 1464 2361 bene
1488 2342 1557 2362 me-

126 2377 283 2415 praesenti
299 2377 433 2417 negotio
456 2377 676 2416 proficiscitur
697 2379 820 2407 exer-ci·
863 2378 983 2407 rituros
1013 2376 1053 2406 (le
1079 2376 1214 2416 populo,
1245 2385 1343 2414 quain
1369 2376 1403 2404 in
1432 2385 1556 2407 merce·

126 2423 185 2460 tus
214 2418 385 2456 Romanus
415 2430 433 2449 e
471 2420 570 2450 Sacro
606 2426 731 2457 monte,
759 2421 816 2451 uhi
864 2420 937 2450 dem
955 2419 1210 2460 praecedentium
1229 2420 1436 2448 meritorum.

126 2458 320 2494 consederat
335 2459 539 2503 aliquamdiu
555 2469 591 2493 et
611 2468 720 2493 castra
734 2462 822 2493 loca-

128 2509 231 2536 verat.
275 2506 393 2546 ltaque
415 2506 616 2537 convellenda
639 2512 736 2536 erant
756 2507 822 2544 sig-

127 2556 184 2585 na,
222 2559 286 2580 non
323 2550 547 2581 convertenda.
607 2549 705 2579 Plura
748 2550 821 2579 vide

126 2590 214 2630 apud
230 2593 338 2632 ipsum
354 2593 570 2624 Gronovium.
593 2591 694 2622 *vicl
718 2592 820 2622 etiam

125 2632 256 2708 {gggpe
277 2636 377 2676 hujus
401 2636 500 2666 moris
522 2636 712 2676 exemplum
735 2635 822 2665 infra

147 2722 213 2760 ,39
236 2722 280 2753 L.
315 2721 520 2762 Wrginium]
566 2723 684 2762 Supra,
712 2731 740 2752 c.
768 2723 822 2754 44.

131 2761 238 2794 Patei·
261 2766 401 2804 virginis
430 2766 472 2797 L.
506 2765 688 2804 Virginius.
732 2764 821 2795 Male

132 2814 210 2845 ergo
225 2805 279 2837 hie
293 2808 452 2840 edebatur
467 2809 507 2840 A.
524 2808 724 2847 Virginium.

906 2466 945 2493 41
979 2461 1174 2501 Plebiscitis]
1223 2463 1265 2491 Iis
1305 2461 1444 2499 legibus.
1475 2469 1555 2499 quas
1595 2481 1599 2485 -

863 2505 966 2546 plebs,
1001 2506 1129 2546 plebeio
1166 2506 1364 2543 magistratu
1403 2513 1554 2542 rogante,

863 2549 1000 2579 tributis
1025 2548 1167 2579 comitiis
1187 2548 1352 2588 jussisset.
1395 2546 1470 2577 vid.
1486 2551 1556 2577 not.

868 2595 915 2624 13.
932 2592 973 2622 ad
992 2591 1033 2621 11.
1051 2592 1100 2622 56.
1385 2612 1387 2614 -

908 2637 949 2665 453
974 2634 1151 2666 Saueiendo
1179 2642 1294 2663 novam
1323 2633 1439 2672 legem]
1479 2632 1558 2663 Non

866 2676 951 2707 male
967 2677 1133 2716 Sigonius,
1148 2686 1228 2708 vom
1245 2679 1324 2714 lege.

908 2723 948 2750 43
971 2719 1156 2758 Judiailms]
1220 2720 1290 2749 Hac.-
1336 2717 1557 2758 appellatione

866 2767 966 2801 negat
979 2764 1065 2792 infra
1086 2762 1198 2792 Livius
1216 2762 1379 2801 designari
1402 2761 1462 2791 hoc
1487 2762 1558 2790 loco

866 2806 1030 2845 consules,
1048 2816 1108 2836 nec
1133 2805 1230 2837 docet
1251 2806 1389 2845 quinam
1415 2802 1559 2841 intelligi
