1991 3250
360 87 411 122 88

963 84 1102 126 ΤΙΤΙ
1136 85 1309 125 LIVII

150 192 192 224 u.
218 193 253 223 c.
279 195 351 224 245.
366 182 556 240 Direptis
576 184 700 226 bonis
721 198 883 241 regum,
903 185 1092 228 damnati
1116 186 1369 242 proditoreS,
1390 193 1658 243 sumtumque
1679 202 1781 244 sup,

149 236 190 266 A.
214 238 250 267 C·
275 240 350 270 ¹⁵⁰⁷·
366 240 556 295 plicium,
575 243 846 297 conspectius
866 257 932 293 eo,
954 243 1068 297 quod
1092 258 1235 299 poenae
1258 242 1476 298 capiendae
1499 245 1779 287 ministerium

363 297 470 352 patri
501 298 554 339 de
580 297 723 340 liberis
752 299 991 340 consulatus
1023 300 1225 355 inposuit,
1259 311 1317 350 et,
1347 299 1416 354 qui
1447 310 1659 355 spectator
1691 309 1780 343 erat

359 354 638 406 amovendus,
660 370 755 397 eum
786 356 922 412 ipsum
953 355 1125 398 fortuna
1155 366 1396 398 exactorem
1419 356 1616 412 supplicii
1645 358 1777 402 dedit.

361 410 538 452 Stabant
554 411 726 467 deligati
750 413 802 454 ad
826 414 966 468 palum
989 413 1242 454 nobilissimi
1257 413 1452 471 juvenes.
1480 413 1553 454 sed
1570 428 1594 454 a
1611 415 1777 466 ceteris,

359 468 474 510 velut
506 469 560 508 ab
596 469 756 524 ignotis
795 469 1019 525 capitibus,
1053 470 1236 511 consulis
1270 471 1391 511 liberi
1427 469 1615 515 omnium
1654 470 1696 518 in
1734 485 1778 519 se

358 534 598 566 averterant
628 526 789 577 oculos,
809 526 1167 581 ‘²³miserebatq11e
1195 541 1281 568 non
1305 541 1450 582 poenae
1483 526 1617 583 magis
1637 526 1779 568 homi-

357 596 447 632 nes,
469 597 593 637 quam
625 582 807 633 sceleris,
830 598 913 638 quo
934 597 1111 637 poenam
1135 584 1274 624 meriti
1293 578 1459 634 esseht;
1489 583 1598 634 illos,
1619 597 1670 624 eo
1701 598 1780 638 po·-

357 638 566 679 tissimum
589 653 699 680 anno
723 640 899 695 patriam
923 640 1159 690 liberatam,
1184 650 1341 694 patrem
1371 640 1652 690 liberatorem,
1673 654 1778 682 con-

355 695 537 736 sulatum
567 703 706 736 ortum
738 710 792 736 ex
823 697 952 737 domo
988 695 1014 737 J
1022 697 1133 746 unia,
1166 695 1327 746 PatreS‚
1357 696 1540 752 plebem,
1570 696 1778 754 quidquid

357 750 549 793 Deorum
581 752 889 808 hominumque
923 752 1212 794 Romanorum
1233 763 1358 802 esset,
1380 753 1596 801 induxisse
1621 754 1664 797 in
1686 753 1776 795 ani..

355 823 488 860 mum,
511 818 558 850 ut
580 810 761 865 superbo
782 810 994 865 quondam
1021 810 1126 865 regi,
1147 817 1235 854 tum
1266 809 1420 853 infesto
1450 810 1603 862 exsuli,
1624 811 1778 866 prode-

139 880 312 911 Proditores
356 875 463 907 rent.
516 865 723 908 Consules
744 866 787 906 in
809 867 949 908 sedem
974 880 1213 922 processere
1233 881 1367 919 suam,
1390 866 1587 922 missique
1607 867 1776 911 lictores

162 933 248 955 ‘2⁰³⁵
258 926 343 955 dant.
355 923 408 964 ad
434 924 686 965 sumendum
707 923 962 979 supplicium
987 924 1166 965 nudatos
1187 923 1318 980 virgis
1348 924 1535 974 caedunt,
1556 924 1777 980 securique

353 980 534 1023 feriunt:
570 995 702 1035 quum
735 981 844 1022 inter
873 995 1001 1022 omne
1033 990 1197 1035 tempus
1228 990 1360 1035 pater,
1391 979 1626 1036 vultusque,
1654 988 1698 1021 et
1727 996 1774 1023 os

351 1037 441 1092 ejus
472 1037 717 1093 spectaculo
747 1048 871 1088 esset,
901 1042 933 1064 2⁹
947 1038 1160 1079 eminente
1190 1038 1332 1078 animo
1359 1036 1498 1092 patrio
1529 1038 1637 1078 inter
1666 1038 1775 1092 pub·.

350 1093 447 1136 licae
489 1110 633 1151 poenae
671 1094 963 1136 ministerium.
1024 1095 1267 1135 Secundum
1300 1108 1477 1149 poenam
1510 1095 1774 1146 nocentium,

350 1161 397 1192 ut
418 1152 462 1194 in
487 1161 706 1208 utramque
725 1161 882 1207 partem
905 1152 1094 1192 arcendis
1116 1151 1340 1193 sceleribus
1362 1150 1608 1205 exemplum
1631 1151 1775 1193 nobile

349 1218 471 1260 esset,
493 1210 718 1265 praemiurn
752 1209 896 1261 indici,
917 1209 1097 1264 pecunia
1126 1223 1179 1249 ex
1213 1207 1376 1258 aerario,
1397 1208 1568 1249 libertas
1595 1216 1638 1249 et
1667 1207 1775 1249 civi-

348 1273 427 1316 tas,
448 1266 559 1308 data.
610 1266 688 1307 Ille
708 1266 891 1321 primum
915 1266 1070 1307 dicitur
1096 1269 1130 1291 ³⁰
1145 1265 1333 1306 vindicta
1354 1263 1567 1306 liberatus.
1598 1265 1772 1320 quidam

346 1324 378 1345 ³¹
397 1323 596 1365 vindictae
616 1338 786 1379 quoque
806 1337 964 1364 nomen
986 1331 1165 1363 tractum
1189 1325 1243 1364 ab
1271 1322 1342 1363 illo
1364 1330 1538 1377 putant3
1569 1321 1772 1369 Vindicio

349 1379 427 1435 ipsi
462 1394 617 1423 nomen
653 1380 795 1421 fuisse.
844 1382 877 1403 ³2
892 1379 996 1420 Post
1034 1379 1150 1421 illum
1188 1381 1474 1430 observatum,
1506 1388 1568 1430 ut,
1601 1379 1674 1434 qui
1712 1379 1772 1421 ita

346 1436 511 1479 liberati
529 1447 683 1488 essent,
706 1437 750 1478 in
773 1436 989 1478 civitatem
1011 1437 1179 1491 accepti
1202 1436 1458 1477 viderentur.

403 1495 482 1547 VI.
527 1495 626 1547 His,
646 1495 758 1535 sicut
785 1503 879 1535 acta
901 1502 1034 1545 erant,
1056 1494 1280 1546 nunciatis,
1301 1494 1498 1535 incensus
1518 1491 1768 1554 Tarquinius

131 1517 297 1556 Tarquinii

130 1560 247 1590 bellum
269 1570 335 1591 mo-

130 1603 263 1634 liuntur.

386 1635 639 1667 Qvllliserebat
672 1658 679 1665 .
698 1659 704 1664 .
724 1656 731 1664 .
762 1631 904 1671 sceleris]
952 1631 1041 1672 Quia

343 1689 463 1720 nempe
492 1685 591 1710 tanta
624 1684 695 1708 erat
727 1677 814 1708 illins
843 1677 975 1706 caecitas
1006 1680 1041 1705 et

342 1724 501 1760 amentia,
519 1728 569 1760 ut,
587 1721 868 1762 quemadmodum
893 1719 1041 1759 loquitur

341 1769 411 1808 ipse
442 1767 568 1804 Livius,
599 1766 687 1796 infra
716 1763 807 1795 VIII.
843 1766 889 1793 18.
935 1766 1038 1801 captis

341 1813 449 1850 magis
478 1811 647 1846 mentibus,
677 1818 775 1849 quam
805 1808 1036 1844 consceleratis,

340 1856 457 1885 similis
473 1865 523 1884 res
539 1854 717 1883 videretur.

385 1901 425 1933 529
452 1896 642 1935 Eminente]
682 1894 945 1934 Erumpentibus
979 1902 1036 1933 pa-

339 1944 427 1972 terni
444 1943 477 1972 in
495 1941 613 1971 liberos
633 1940 770 1970 affectus
795 1938 924 1967 indiciis
948 1937 1036 1966 inter

339 1987 434 2016 triste
461 1985 543 2015 illud
569 1984 723 2024 supplicii
749 1982 787 2012 de
811 1982 857 2011 eis
881 1981 1035 2019 exige-mli

340 2030 576 2065 ministerium,
615 2027 701 2067 quod
740 2026 800 2065 ipsi
840 2025 1032 2054 consulatus

338 2073 541 2113 imponebat.
588 2072 652 2102 Ilic
676 2071 842 2109 genuinus
867 2076 916 2097 est
934 2068 1031 2106 hujus

337 2117 400 2148 Ioci
417 2126 553 2153 sensus,
572 2116 626 2154 qui
644 2120 677 2143 et
695 2124 733 2143 ex.
753 2119 872 2142 natura
884 2111 1031 2147 dtu-itur,

338 2167 369 2190 et
385 2161 542 2200 probatur
557 2158 764 2198 oppositione
779 2162 895 2185 vocum
908 2156 1030 2194 pata-io,

329 2206 479 2244 publicoe.
525 2203 558 2232 Si
576 2202 629 2241 qui
643 2201 792 2240 patrium
812 2201 958 2228 (mimum
978 2208 1031 2227 :ic-

337 2249 466 2287 cipiunt
494 2256 552 2286 pro
577 2255 688 2276 amore
714 2245 746 2273 in
774 2244 925 2282 patriam.
952 2242 972 2270 ii
997 2246 1029 2270 et

336 2291 533 2321 insolentem
567 2289 617 2319 Itis
647 2287 780 2318 vocibus
815 2285 1031 2323 significatio-

335 2345 411 2365 nem
438 2335 615 2372 affingunt,
633 2337 666 2361 et
690 2339 822 2360 omnem
847 2328 1029 2368 pulcherri-

335 2388 397 2408 moe
416 2378 514 2415 hujus
529 2375 705 2406 sententia·
720 2374 787 2402 'vim
813 2382 849 2402 ac
873 2377 1028 2400 venusta-

332 2426 400 2451 tem
440 2425 670 2460 corrumpunt.
729 2418 894 2456 Quorsum
937 2416 1025 2444 onim

335 2466 492 2494 attineret
519 2464 703 2497 observare,
722 2462 754 2490 in
782 2470 820 2488 ω
844 2464 951 2497 patre,
970 2458 1025 2495 qui

332 2507 450 2538 liberos
479 2509 519 2537 ob
548 2505 724 2545 protlendze
749 2503 863 2543 patrize
890 2501 1027 2531 confina

332 2551 371 2580 ad
398 2551 597 2590 supplicium
625 2548 748 2585 tradat,
774 2555 919 2576 amorem
948 2554 1026 2584 erga

329 2596 472 2635 patriam
490 2593 660 2623 eminere?

374 2642 416 2669 30
442 2638 593 2667 Γίηκίὶυία
617 2632 786 2671 liberatus]
829 2632 893 2663 Hic
923 2632 1024 2660 maxi-

330 2692 382 2713 me
409 2680 554 2710 solennis
585 2690 653 2709 nuos
683 2679 743 2707 l'uit
769 2686 878 2706 servos
904 2684 1021 2704 manu—

328 2725 496 2757 mittendi.
560 2724 618 2753 l'er
673 2721 842 2751 consulem
900 2719 1019 2758 prino,

326 2769 444 2799 deinde
462 2767 584 2797 secutis
601 2765 804 2804 temporibus
826 2773 882 2802 per
899 2767 1020 2801 pra‘to-

326 2820 395 2844 rem
413 2811 576 2842 urbanum
594 2809 826 2849 peragebatur.
851 2806 1017 2836 Dominus

1083 1641 1216 1662 servum
1247 1638 1325 1664 ante
1357 1638 1532 1675 praetorem
1564 1634 1712 1671 sistebat,
1743 1637 1779 1665 et

1085 1676 1180 1715 alapa
1194 1686 1386 1715 percussum
1401 1678 1662 1717 circumagebat,
1675 1682 1776 1717 atque

1084 1720 1132 1749 ita
1162 1720 1338 1750 emittebat
1370 1730 1483 1751 manu.
1536 1721 1624 1751 Tum
1656 1726 1779 1760 praetot·

1081 1763 1276 1799 vindictam,
1291 1764 1311 1794 i.
1325 1775 1354 1793 e.
1367 1765 1490 1803 virgam
1507 1764 1608 1803 capiti
1625 1764 1773 1802 ejusdem

1081 1807 1165 1836 servi
1189 1807 1392 1846 imponebat.
1438 1807 1513 1846 Qua
1536 1807 1654 1838 deinde
1678 1807 1777 1839 lictor

1080 1859 1099 1879 a
1116 1857 1256 1889 praetore
1274 1855 1410 1891 accepta
1427 1856 1527 1890 caput
1549 1851 1630 1881 servi
1656 1861 1774 1892 percu-

1079 1894 1198 1931 tiebat,
1214 1893 1330 1923 faciem
1356 1893 1468 1934 palma
1489 1897 1687 1933 tergumque
1702 1905 1775 1926 ver·

1079 1937 1226 1967 berabat.
1271 1937 1399 1977 Quibus
1428 1938 1523 1975 actis,
1546 1943 1620 1967 tum
1650 1947 1773 1970 nomen

1081 1981 1163 2010 servi
1193 1981 1225 2010 in
1257 1986 1331 2010 acta
1361 1991 1381 2011 a
1417 1981 1524 2011 scriba
1556 1981 1772 2013 referebatur.

1080 2023 1160 2053 Haee
1191 2024 1258 2053 fere
1286 2024 1386 2054 habet
1412 2025 1555 2055 Rosinus
1584 2024 1605 2054 l.
1634 2023 1660 2054 1.
1689 2025 1768 2057 Ant.

1076 2067 1172 2097 Rom.
1192 2077 1219 2096 c.
1237 2070 1289 2097 ⁴20.
1310 2078 1349 2097 ex
1374 2068 1490 2097 noetio
1513 2068 1546 2098 in
1569 2068 1653 2107 Top.
1679 2068 1773 2099 Cice-

1077 2111 1179 2148 ronis,
1199 2111 1312 2140 Isidor.
1329 2111 1348 2140 1.
1366 2110 1423 2140 IX.
1441 2110 1580 2149 aliisque
1597 2111 1748 2142 collecta.

1120 2157 1155 2184 31
1183 2153 1339 2184 findit-ta>
1355 2164 1466 2183 nomeu
1484 2159 1626 2185 tractum
1643 2156 1683 2185 ab
1699 2155 1767 2195 illo]
1814 2178 1817 2181 -

1075 2197 1135 2227 Vel
1161 2197 1298 2227 fortasse
1326 2198 1525 2237 probabilius
1551 2208 1589 2228 ex
1617 2208 1655 2228 eo
1682 2200 1768 2238 quod

1076 2241 1132 2270 illa
1155 2241 1245 2279 virga
1267 2241 1301 2271 in
1331 2241 1519 2271 libertatem
1543 2241 1768 2272 vindicaretur

1074 2294 1197 2314 servus.

1117 2329 1158 2357 :32
1185 2328 1369 2357 Pastinum
1387 2327 1600 2368 observatum]
1635 2327 1766 2360 Servius

1075 2371 1368 2400 manumissionem
1402 2381 1459 2410 per
1486 2380 1622 2400 censum
1661 2371 1766 2402 intro-

1072 2414 1223 2448 duxerat,
1241 2424 1313 2452 qua*
1339 2415 1450 2450 tiebat,
1473 2424 1574 2452 quum
1600 2415 1683 2443 servi
1708 2425 1767 2444 no-

1074 2453 1161 2487 men
1174 2458 1328 2487 dominns
1349 2457 1382 2487 in
1400 2457 1528 2487 tabulas
1545 2467 1663 2487 census
1681 2459 1764 2488 rufe-

1072 2501 1211 2530 rendum
1237 2506 1386 2530 curaret:
1418 2510 1482 2539 qno
1506 2500 1593 2529 sacto
1609 2501 1709 2532 simul
1726 2501 1766 2532 li-

1072 2544 1234 2574 bertatem
1263 2550 1297 2573 et
1326 2544 1494 2573 civitatem
1520 2543 1765 2582 adipiscebatur

1071 2588 1096 2617 is
1114 2588 1169 2627 qui
1188 2587 1501 2616 manumittcbatur.
1531 2587 1603 2615 vid.
1623 2588 1722 2618 Dion.
1741 2588 1762 2618 I.

1072 2631 1127 2661 IV.
1177 2632 1251 2660 I'ost
1269 2629 1457 2660 Vindicium
1482 2630 1690 2660 observatum
1711 2638 1761 2662 est

1065 2681 1102 2704 ut
1128 2684 1192 2703 non
1212 2674 1232 2703 ii
1258 2672 1353 2702 modo
1375 2673 1428 2710 qui
1455 2682 1512 2711 per
1535 2682 1684 2709 censum,
1701 2675 1758 2705 sed

1065 2725 1099 2747 et
1126 2718 1146 2747 ii
1171 2717 1226 2755 qui
1252 2715 1397 2745 vindicta
1421 2717 1549 2745 liberati
1574 2723 1697 2755 essent,
1722 2719 1755 2748 in

1064 2761 1237 2793 civitatem
1255 2760 1385 2799 accepti
1402 2759 1604 2790 viderentur.
