1914 3239
259 117 284 150 8
806 110 947 149 ΤΙΤΙ
983 109 1157 148 LIVII

259 212 342 254 deb
362 209 478 254 fama
498 217 588 253 est:
620 209 692 251 alii
719 209 874 266 proelio
900 210 1063 250 victum
1099 206 1301 249 Latinum
1325 221 1476 263 pacem
1505 221 1602 249 cum
1627 207 1704 248 ΙΕ-

261 283 358 320 nea,
390 267 545 309 deinde
577 266 844 308 adfinitatem
873 265 1075 319 junxisse
1111 265 1311 305 tradunt:
1352 263 1441 312 alii,
1473 277 1606 318 quum
1640 263 1706 303 in-

261 333 438 366 structae
462 324 575 365 acies
605 323 915 371 constitissent,
938 320 1187 376 priusquam
1223 320 1348 375 signa
1369 328 1586 369 canerent,
1609 333 1708 374 pro-

261 381 441 422 cessisse
466 380 664 421 Latinum
691 379 800 418 inter
819 377 1042 432 primoreS,
1061 377 1302 430 ducemque
1323 376 1585 416 advenarum
1607 389 1709 415 evo-

264 451 385 479 casse
417 436 469 478 ad
502 434 809 488 conloquium;
845 440 1171 487 percunctatum
1204 431 1374 482 deiude,
1395 431 1469 486 qui
1507 430 1708 471 mortales

263 503 424 543 essent,
444 492 572 541 unde,
613 500 687 530 aut
708 504 794 544 quo
817 503 917 529 casu
951 487 1132 543 profecti
1165 488 1312 538 domo,
1334 488 1493 542 quidve
1514 500 1710 541 quaeren-

266 558 330 588 tes
355 549 395 588 in
419 562 570 603 agrum
597 546 852 586 Laurentem
877 545 1095 585 exissent?
1129 552 1357 598 postquam
1384 543 1582 593 audierit,
1602 541 1711 583 mul-

269 605 497 644 titudinem
520 602 733 656 Trojanos
757 615 872 652 esse3
904 601 1057 640 ducem
1082 599 1423 650 AEnean,'filium
1442 598 1649 640 Anchisae
1667 608 1712 639 et

267 659 471 709 Veneris3
503 667 692 699 cremata
723 656 861 712 patria
887 665 930 697 et
957 656 1087 696 domo
1118 655 1327 711 profugos
1356 656 1499 696 sedem
1521 655 1712 696 conden-

267 716 421 770 daeque
446 715 539 754 urbi
566 714 705 754 locum
735 726 940 767 quaerere,
965 721 1009 752 et
1032 712 1304 752 nobilitatem
1327 711 1586 752 admiratum
1607 725 1712 765 gen-

268 772 323 812 tis
347 770 527 824 virique,
551 779 594 809 et
625 770 817 809 animum
841 768 907 809 vel
941 767 1050 822 bello
1077 768 1142 808 vel
1180 769 1272 822 paci
1303 777 1512 822 paratum,
1535 767 1714 808 dextera

267 827 369 867 data
401 826 528 867 fidem
561 825 718 866 futurae
757 825 962 865 amicitiae
993 824 1201 865 sanxisse.
1264 823 1371 864 Inde
1402 823 1547 864 foedus
1578 823 1711 863 ictum

268 885 381 924 inter
410 883 556 932 duceS,
581 882 692 922 inter
723 883 938 922 exercitus
973 880 1272 921 sslutationem
1308 879 1484 921 factam.
1543 879 1713 920 AEnean

267 940 382 994 apud
408 938 608 979 Latinum
630 938 760 978 fuisse
780 938 822 977 in
856 937 1059 991 hospitio.
1093 937 1151 976 ibi
1173 937 1375 977 Latinum
1395 936 1510 991 apud
1531 935 1716 976 Penates

271 995 390 1036 Deos
413 995 699 1036 domesticum
725 994 898 1049 publico
922 993 1172 1047 adjunxisse
1196 992 1356 1042 foedus,
1379 992 1468 1033 filia
1496 991 1647 1032 AEneae
1670 991 1715 1032 in

269 1051 594 1092 matrimonium
632 1051 747 1091 data.
781 1064 829 1090 ea
864 1063 929 1090 res
960 1050 1111 1104 utique
1141 1048 1340 1103 Trojanis
1364 1054 1483 1103 spem
1518 1047 1717 1088 adfirmat

272 1108 446 1149 tandem
490 1106 633 1148 stabili
677 1115 878 1161 certaque
921 1106 1019 1146 sede
1052 1105 1227 1146 finiendi
1261 1106 1428 1145 erroris.
1490 1104 1715 1160 Oppidum

58 1165 223 1213 Lavinium
271 1165 479 1205 condunt.
542 1163 701 1204 AEneas
742 1164 796 1203 ab
841 1162 1015 1202 nomine
1059 1163 1205 1202 uxoris
1243 1161 1472 1201 Lavinium
1515 1159 1716 1216 adpellat.

57 1209 212 1280 ἳζὲῖζξξζς
274 1221 401 1262 Brevi
427 1222 553 1275 stirps
576 1233 749 1274 quoque
773 1218 905 1258 virilis
938 1233 992 1259 ex
1024 1231 1137 1258 novo
1162 1217 1439 1258 matrimonio
1460 1216 1574 1269 fuit3
1619 1215 1718 1257 ⁶cui

57 1294 209 1324 nascitur.
272 1277 510 1318 Ascanium
536 1285 734 1331 parentes
759 1276 908 1315 dixere
932 1289 1105 1315 nomen.

332 1333 393 1374 II.
440 1332 560 1373 Bello
602 1331 758 1372 deinde
798 1330 1063 1386 Aborigines
1102 1329 1367 1385 Trojanique
1409 1329 1534 1369 simul
1577 1328 1721 1384 petiti.-

274 1389 444 1430 Turnus
475 1403 551 1429 rex
585 1387 860 1437 Rutulorum,
880 1388 949 1428 cui
986 1397 1112 1442 pacta
1137 1386 1318 1426 Lavinia
1354 1395 1454 1426 ante
1485 1385 1720 1426 adventum

275 1446 429 1487 AEneae
453 1444 606 1495 fuerat,
633 1444 856 1499 praelatum
880 1444 961 1484 sibi
994 1443 1203 1484 advenam
1229 1455 1344 1497 aegre
1381 1441 1563 1497 patienS‚
1593 1440 1721 1482 simul

275 1502 428 1543 AEueae
466 1502 707 1555 Latinoque
730 1500 887 1540 bellum
925 1499 1141 1540 intulerat.
1204 1498 1509 1539 Neutra'acies
1545 1497 1646 1538 laeta
1665 1511 1721 1538 ex

275 1573 327 1599 eo
350 1558 584 1599 certamine
607 1557 714 1598 abiit
735 1573 744 1598 :
778 1556 881 1597 victi
908 1555 1084 1597 Rutuli:
1121 1556 1306 1596 victores
1329 1553 1592 1608 Aborigines
1614 1553 1721 1595 Tro-

271 1615 452 1670 janique
474 1614 628 1655 ducem
656 1613 858 1654 Latinum
885 1613 1079 1653 amisere.
1142 1611 1249 1652 Inde
1271 1610 1442 1651 Turnus
1467 1610 1722 1665 Rutulique,

63 1673 253 1704 Mezentius.
277 1671 407 1713 diffisi
430 1671 570 1720 rebus,
598 1669 649 1709 ad
677 1670 877 1709 florentes
905 1668 1185 1709 Etruscorum
1219 1681 1321 1723 opes
1349 1666 1723 1720 Mezentiumque,

279 1742 427 1769 eorum
451 1741 610 1782 regem,
628 1725 910 1781 confugiunt:
935 1725 1023 1779 qui,
1048 1728 1060 1749 ⁷
1076 1725 1200 1765 Caere
1223 1723 1429 1778 opulento
1452 1732 1541 1764 tum
1559 1722 1723 1778 oppido

280 1784 547 1839 imperitans,
563 1783 656 1837 jam
683 1782 780 1822 inde
803 1783 856 1822 ab
894 1781 1019 1821 initio
1045 1781 1222 1821 minime
1258 1781 1381 1821 laetus
1407 1794 1530 1820 novae
1555 1779 1723 1834 origine

281 1842 414 1889 urbis,
437 1849 480 1879 et
504 1850 592 1880 tum
627 1838 761 1878 nimio
797 1838 904 1893 plus,
937 1852 1065 1892 quain
1101 1837 1203 1878 satis
1237 1846 1380 1877 tutum
1414 1844 1525 1876 esset
1547 1835 1724 1885 adcolis,

282 1911 370 1937 rem
390 1895 621 1949 Trojauam
637 1909 825 1935 crescere
850 1904 978 1944 ratus,
996 1894 1109 1935 haud
1129 1894 1340 1949 gravatim
1358 1893 1472 1933 socia
1495 1906 1613 1933 arina
1634 1891 1727 1932 Ru-

285 1952 568 2006 tulisjtinxit.
630 1951 804 2000 IEneas,
834 1951 1036 1991 adversus
1066 1950 1174 1991 tanti
1210 1949 1304 1990 belli
1331 1958 1532 1989 terrorem
1564 1959 1610 1989 ut
1633 1948 1725 1989 ani-

282 2024 375 2050 mos
403 2008 688 2062 Aboriginum
708 2008 788 2047 sibi
810 2007 1075 2057 conciliaret,
1100 2014 1114 2031 ⁸
1128 2020 1179 2047 ne
1193 2007 1272 2046 sub
1291 2005 1440 2046 eodem
1455 2005 1555 2059 jure
1572 2004 1725 2055 solum,

72 2070 189 2107 Latini.
287 2066 358 2105 sed
383 2066 510 2104 etiam
537 2064 724 2113 nomine,
748 2078 896 2104 omnes
918 2072 1074 2113 essent,
1104 2062 1281 2104 Latinos
1305 2070 1530 2116 utramque
1552 2070 1726 2116 gentem

287 2120 533 2176 adpellavit.
598 2120 690 2159 Nec
713 2119 866 2160 deinde
893 2120 1153 2175 Aborigines
1174 2118 1373 2173 Trojanis
1397 2118 1540 2158 studio
1563 2131 1613 2158 ac
1643 2117 1735 2159 fide.

288 2192 391 2232 erga
413 2191 555 2232 regem
574 2176 738 2217 AEnean
763 2190 945 2217 cessere:
980 2175 1198 2230 fretusque
1221 2175 1286 2215 his
1310 2174 1462 2215 animis
1485 2173 1728 2215 coalescen-

289 2236 395 2273 tium
423 2235 463 2273 in
487 2233 576 2272 dies
605 2233 740 2288 magis
771 2233 951 2272 duorum
985 2232 1240 2287 populorum
1266 2231 1439 2281 Hirmas,
1466 2243 1728 2286 quamquam

290 2298 410 2331 tanta
443 2289 596 2345 opibus
636 2289 808 2329 Etruria
850 2298 954 2340 erat,
991 2299 1035 2328 ut
1066 2289 1159 2343 jam
1191 2302 1277 2329 non
1319 2298 1449 2328 terras
1481 2287 1633 2338 solum,
1656 2286 1730 2331 sed

825 2394 839 2415 ὓ
855 2397 965 2426 exinde
979 2398 1075 2426 Gron.
1092 2397 1183 2426 Crev.

336 2490 356 2519 6
385 2487 441 2517 Fui
458 2487 650 2525 Ascanium]
667 2486 790 2516 vocem
808 2488 860 2516 cni
876 2487 988 2517 abesse
1033 2497 1101 2517 awo
1120 2487 1212 2517 (ἶφι-ρ
1233 2488 1305 2526 jam
1324 2496 1390 2518 non
1417 2486 1617 2527 opulentum
1637 2487 1730 2527 oppi·

295 2542 313 2561 a
331 2531 524 2570 quibus-dam
543 2531 673 2568 scriptis
696 2534 840 2560 testatur
863 2531 988 2560 (ii-ono-
1034 2531 1112 2560 duni
1131 2536 1212 2560 erat.
1249 2531 1430 2560 Restabant
1446 2535 1582 2560 tautum
1599 2529 1733 2567 rudera,

296 2577 378 2603 vius.
403 2574 493 2602 idem
512 2573 550 2603 ilc
566 2584 630 2601 uno
645 2583 661 2601 :i
674 2583 707 2601 se
722 2573 872 2611 inspecto
886 2573 990 2602 Hear-
1033 2578 1118 2603 teste
1135 2573 1348 2609 Strabone,1.
1366 2583 1397 2602 v.
1850 2562 1866 2618 ξ

299 2618 372 2646 nius
388 2618 538 2645 allii-inat.
577 2616 670 2645 Unus
692 2625 820 2654 quoque
836 2627 852 2644 υ
870 2617 990 2645 uostris
1080 2622 1096 2644 'a
1108 2617 1183 2646 *Ne
1195 2617 1252 2645 sul»
1264 2614 1469 2654 eadernjmv]
1484 2616 1531 2647 Ut
1544 2624 1611 2645 non
1623 2615 1732 2646 solum
1850 2632 1864 2652 ς

299 2660 388 2689 illam
415 2669 478 2687 non
504 2658 647 2687 t*'‹l1ll)t·t.
687 2660 772 2687 Sanc
800 2658 910 2688 Livius
934 2670 990 2697 po·
1035 2659 1150 2689 eodeni
1168 2660 1309 2700 imperio
1333 2659 1516 2697 iisdemque
1540 2657 1668 2697 legibus
1685 2667 1735 2688 rem
1844 2643 1865 2696 ἦ

298 2704 361 2731 mit
381 2703 440 2731 lm·
454 2702 524 2730 loz-o
540 2710 735 2740 pronomen,
749 2704 787 2730 ut
797 2711 884 2741 ειη-,ρο
898 2702 991 2737 alitis,
1037 2707 1208 2739 geruntur,
1220 2701 1278 2731 sed
1294 2702 1396 2733 ctiam
1410 2702 1527 2732 eodem
1543 2709 1658 2732 omnes
1675 2708 1734 2731 no-
1855 2724 1864 2741 s

299 2751 467 2776 uiuitur-n
1038 2745 1127 2775 minc
1145 2749 1265 2775 esseut.

347 2794 362 2821 'J
376 2789 484 2817 'stre-
506 2788 650 2824 opulento
672 2792 741 2817 tum
757 2787 880 2826 appiam]
911 2786 993 2817 Livii
