1925 3239
522 104 557 142 L
572 105 591 144 1
604 105 650 142 B.
679 102 750 143 IX.
789 106 819 142 C
835 104 869 142 A
882 105 924 145 Ρ.
949 104 1140 144 XXVIII.
1450 105 1527 148 529

92 218 172 248 nec
194 207 430 248 universam
453 200 507 248 ab
529 220 579 247 ea
601 213 720 261 parte
742 206 897 247 avertit
926 206 1076 247 aciem.
1138 205 1187 247 In
1213 221 1263 247 eo
1286 221 1417 249 cornu
1440 222 1524 249 non
1540 220 1581 252 U.
1600 220 1727 252 0440.

95 264 304 305 Poetelius
327 263 454 314 solus,
469 263 539 304 sed
564 263 775 318 Sulpicius
797 263 943 313 etiam,
961 263 1152 303 hortator
1174 264 1380 316 adfuerat,
1403 280 1527 306 avec-
1539 267 1578 296 A.
1596 265 1634 296 C·
1649 266 1725 295 3¹2·

95 330 163 361 tus
185 321 239 361 ab
262 321 346 361 suis
372 321 560 361 nondum
592 320 914 360 conserentibus
947 334 1096 360 manus
1127 321 1176 360 ad
1209 321 1451 371 clamorem,
1472 323 1526 362 ab

95 378 264 418 sinistra
287 388 404 433 parte
426 379 542 432 prius
563 388 778 417 exortum.
809 378 936 427 unde,
961 376 1071 418 haud
1103 377 1277 418 dubiam
1303 379 1528 420 victoriam

95 448 285 486 cernens,
307 448 438 489 quum
469 434 521 474 ad
554 448 675 473 suum
707 448 841 474 cornu
866 433 1056 474 tenderet
1077 449 1173 474 cum
1199 434 1312 474 mille
1334 436 1527 476 ducentis

95 492 212 542 viris,
233 491 478 531 dissimilem
504 490 562 530 ibi
587 489 799 530 fortunam
826 491 1014 531 invenit:
1061 491 1278 531 Romanos
1311 491 1404 532 loco
1436 492 1528 547 pul-

93 562 179 598 sos,
204 549 408 588 victorem
432 547 597 587 hostem
621 547 743 602 signa
763 548 802 587 iu
826 547 1041 601 perculsos
1074 547 1340 589 inferentem.
1402 548 1529 589 Cete-

95 618 188 645 rum
212 605 356 645 omnia
378 604 558 645 mutavit
583 613 754 658 repente
776 604 961 644 consulis
985 604 1206 645 adventus.
1242 620 1340 645 nam
1363 616 1406 645 et
1428 620 1531 646 con-

95 670 243 716 spectu
266 661 386 703 ducis
409 662 590 701 refectus
614 662 795 700 rnilitum
827 670 891 700 est
921 662 1116 703 animus:
1150 673 1206 709 et,
1231 663 1366 716 majus
1401 677 1530 717 quam

94 731 172 773 pro
203 733 379 759 numero
409 718 633 768 auxilium,
668 721 696 743 ¹⁰
711 718 999 758 advenerantk
1030 717 1159 758 fortes
1186 719 1285 759 viri:
1328 728 1370 759 et
1399 720 1529 773 partis

94 775 267 816 alterius
293 776 470 817 victoria
499 775 659 824 audita,
684 789 784 815 mox
821 775 907 814 visa
936 775 1080 825 etiam,
1104 776 1303 830 proelium
1330 777 1529 817 restituit.

95 831 206 872 Tota
238 832 391 874 deinde
414 832 507 887 jam
539 832 710 872 vincere
741 832 831 872 acie
869 831 1104 882 Romanus,
1126 843 1182 881 et,
1205 833 1362 873 omisso
1393 844 1679 876 certa-vincunt

94 889 225 940 mine,
246 889 354 930 caedi
390 889 572 943 capique
606 887 844 939 Samnites3
886 889 965 929 nisi
999 889 1070 942 qui
1112 888 1423 939 Maleventum,
1458 891 1684 930 cuiRomani.

95 959 211 987 nunc
243 947 334 987 urbi
372 946 664 987 Beneventum
700 960 852 986 nomen
887 955 965 996 est,
992 945 1284 1001 perfugerunt.
1354 945 1421 987 Ad
1457 946 1531 987 tri-

95 1002 217 1058 ginta
251 1002 386 1045 millia
417 1017 530 1044 caesa
561 1012 635 1043 aut
666 1012 793 1059 capta
827 1002 1099 1053 Samnitium,
1125 1003 1342 1058 proditum
1370 1017 1530 1045 merno-

96 1073 172 1100 riae
194 1070 274 1101 est.

63 1163 69 1171 ἒ
155 1114 390 1158 XXVIII.
422 1115 645 1167 Consules,
667 1115 840 1171 egregia
862 1115 1041 1157 victoria
1063 1124 1196 1171 parta,
1219 1117 1410 1172 protinus
1434 1116 1531 1158 inde

97 1172 150 1213 ad
186 1173 430 1214 Bovianum
467 1173 806 1228 obpugnandum
842 1173 1029 1228 legiones
1059 1175 1246 1214 ducunt:
1290 1174 1434 1228 ibique
1465 1173 1529 1214 hi-

95 1230 228 1271 berna
252 1239 447 1287 egerunt,
467 1231 605 1271 donec
635 1231 689 1271 ab
722 1230 841 1270 novis
871 1231 1115 1270 consulibus
1142 1231 1189 1270 L.
1215 1231 1387 1285 Papirio
1420 1229 1527 1271 Cur·
1541 1244 1581 1275 U,
1602 1245 1730 1277 0441,

95 1300 190 1327 sore
211 1288 424 1342 quintum,
446 1286 494 1328 C.
518 1287 652 1329 Junio
678 1286 874 1327 Bubulco
897 1287 1062 1337 iterum,
1083 1287 1325 1328 nominatus
1347 1288 1580 1328 dictator-x·
1600 1290 1634 1318 (ῑ-
1653 1293 1729 1339 {3¹}-

98 1343 152 1385 C.
180 1343 386 1385 Poetelius
421 1358 516 1385 cum
554 1344 621 1385 M.
651 1343 791 1384 Foslio
827 1344 1031 1399 magistro
1065 1345 1255 1398 equitum
1292 1345 1527 1385 exercitum
1541 1334 1742 1405 ξ’ἓᾟζᾚίο

95 1401 280 1456 accepit.
342 1400 398 1452 Is,
422 1415 556 1456 quum·
575 1401 761 1441 audisset
782 1415 919 1441 arcem
941 1400 1231 1456 Fregellanam
1256 1402 1308 1441 ab
1328 1400 1583 1448 Samniti-11}
1601 1399 1688 1449 6053,

96 1457 176 1498 bus
211 1468 400 1512 captam,
421 1458 580 1499 omisso
616 1458 809 1498 Boviano
848 1457 898 1499 ad
932 1458 1145 1513 Fregellas
1170 1459 1322 1513 pergit.
1358 1461 1384 1480 ¹¹
1407 1459 1691 1512 un(le‚pfnte1ius

97 1523 309 1555 nocturna
331 1514 586 1555 Samnitium
613 1514 717 1571 fuga
747 1515 836 1555 sine
857 1517 1089 1555 certamine
1111 1517 1291 1570 receptis
1315 1514 1531 1570 Fregellis,
1544 1506 1689 1536 d¹⁶t³²t⁰¹³

96 1571 382 1626 praesidioque
405 1571 544 1612 valido
565 1572 768 1627 inposito,
784 1571 826 1612 in
844 1571 1124 1626 Campaniam
1144 1572 1327 1612 reditum
1348 1573 1535 1613 maxime

97 1628 150 1669 ad
184 1628 340 1669 Nolam
371 1628 499 1669 armis
530 1628 818 1683 repetendam.
853 1642 904 1668 eo
935 1643 978 1668 se
1010 1629 1119 1669 intra
1151 1629 1326 1679 moenia,
1349 1630 1427 1669 sub
1459 1630 1533 1670 ad-

98 1694 276 1726 ventum
298 1685 535 1735 dictatoris,
557 1695 600 1726 et
622 1685 880 1726 Samnitium
903 1686 1040 1725 omnis
1066 1685 1294 1726 multitudo
1316 1694 1359 1725 et
1374 1685 1535 1726 Nolani

97 1751 287 1796 agrestes
322 1742 608 1783 contulerant.
685 1741 901 1792 Dictator,
936 1742 1052 1782 urbis
1090 1745 1172 1784 situ
1207 1743 1535 1797 circumspecto,

99 1812 185 1853 quo
215 1799 400 1853 apertior
431 1799 568 1840 aditus
599 1797 652 1840 ad
675 1800 838 1839 moenia
859 1807 981 1849 esset,
1005 1800 1149 1839 omnia
1170 1799 1352 1840 aedificia
1370 1805 1431 1852 (et
1454 1800 1536 1840 fre—

100 1863 277 1909 quenter
299 1855 358 1896 ibi
382 1855 674 1905 habitabatur)
690 1855 969 1910 circumjecta
992 1856 1120 1896 muris
1145 1855 1345 1896 incendit.
1378 1870 1454 1896 nec
1476 1857 1537 1896 ita

100 1912 237 1952 multo
260 1921 371 1968 post,
394 1913 482 1953 sive
505 1927 530 1954 a
554 1912 738 1953 Poetelio
770 1913 994 1963 dictatore,
1017 1913 1105 1952 sive
1126 1913 1180 1952 ab
1204 1912 1255 1954 C.
1277 1912 1409 1954 Junio
1433 1927 1536 1952 con-

101 1967 212 2018 sule,'
239 1973 358 2021 (nam
385 1979 613 2024 utrumque
644 1970 844 2019 traditur)
867 1969 979 2010 Nola
999 1978 1062 2009 est
1087 1979 1225 2023 capta.
1287 1969 1372 2015 Qui
1396 1979 1535 2024 captae

101 2025 231 2066 decus
256 2026 380 2067 Nolae
403 2027 455 2066 ad
482 2024 699 2068 consulem
731 2026 921 2076 trahunt,
943 2026 1168 2080 adjiciunt,
1190 2026 1364 2066 Atinam
1388 2035 1429 2065 et
1452 2025 1536 2066 Ca-

100 2080 248 2123 latiam
269 2083 324 2123 ab
343 2083 492 2124 eodem
515 2092 690 2139 captas;
725 2082 956 2123 Poetelium
985 2091 1142 2132 autem,
1165 2082 1406 2138 pestilentia
1427 2091 1535 2134 orta,

101 2138 210 2180 clavi
241 2139 400 2195 figendi
431 2154 579 2180 caussa
605 2139 858 2180 dictatorem
888 2139 1067 2180 dictum.
1128 2141 1280 2180 Suessa
1301 2148 1343 2179 et
1366 2137 1535 2180 Pontiae

102 2195 254 2236 eodem
283 2210 396 2237 anno
428 2196 610 2237 coloniae
649 2196 844 2237 deductae
879 2206 992 2236 sunt.
1053 2196 1204 2236 Suessa
1237 2195 1536 2237 Auruncorum

103 2251 272 2294 suerat:
318 2252 460 2293 Volsci
495 2252 685 2303 Pontias,
708 2252 886 2293 insulam
918 2253 1041 2292 sitam
1073 2253 1116 2292 in
1137 2261 1370 2306 conspectu
1402 2252 1535 2292 litoris

103 2310 184 2358 sui,
207 2308 488 2353 incoluerant.
520 2321 576 2360 et,
600 2308 845 2350 Interamna
865 2320 908 2349 et
931 2308 1134 2349 Casinum
1161 2319 1205 2349 ut
1230 2310 1562 2350 deducerentur*

104 2365 300 2417 coloniae,
323 2365 736 2407 senatusconsultum
759 2366 920 2407 factum
945 2376 1022 2406 est.
1054 2367 1125 2406 sed
1158 2366 1399 2406 triumviros
1422 2380 1538 2405 crea-

103 2436 216 2473 vere,
230 2437 280 2463 ac
302 2422 453 2463 misere
473 2423 721 2464 colonorum
745 2433 927 2477 quatuor
949 2423 1079 2463 millia
1098 2423 1363 2478 insequentes
1383 2436 1536 2463 consu-
1552 2433 1590 2464 U.
1611 2433 1739 2464 (1449,

104 2476 165 2520 les
190 2478 256 2522 M.
280 2479 486 2531 Valerius,
511 2479 561 2521 P.
584 2479 761 2521 Decius.
1550 2479 1587 2550 31.
1606 2478 1737 2549 qil-21¹2.)

622 2571 638 2595 Β
660 2573 820 2603 advenerat
836 2574 932 2603 Gron.
948 2574 1037 2604 Crev.
1550 2564 1693 2637 {egecio
1738 2552 1744 2555 “

157 2658 193 2685 lo
215 2654 526 2695 Advenerat,fortes
540 2653 616 2692 viri]
648 2654 803 2694 Optimus
849 2656 929 2684 lium
958 2659 1123 2684 venarum.
1179 2654 1232 2684 sic
1263 2653 1351 2684 enim
1384 2655 1440 2685 illo
1469 2654 1540 2685 loco

88 2698 212 2728 .codex
237 2708 255 2728 a
278 2698 443 2729 Gronovio
471 2698 647 2737 allegatus,
670 2699 805 2728 advene-
849 2697 1026 2737 legendum
1056 2708 1125 2728 esse
1155 2699 1358 2736 monuimus,
1382 2705 1414 2728 et
1442 2699 1542 2728 eden-

105 2746 183 2772 rant
197 2754 206 2770 :
223 2751 310 2771 unus
327 2751 344 2771 e
361 2743 495 2779 nostris,
507 2745 674 2772 venerant.
692 2741 801 2770 Alter-
845 2741 926 2771 dum
943 2741 1142 2771 cui-avinius.

106 2790 222 2814 utrum
238 2785 486 2815 admittandum
510 2785 651 2815 videtur.
695 2784 803 2823 Supra
894 2787 925 2813 lt
959 2783 1052 2813 Umle
1079 2783 1251 2824 nocturna]
1293 2783 1366 2823 Quo
1395 2794 1435 2814 ex
1463 2783 1535 2813 loco

106 2826 168 2859 111.
184 2830 214 2857 5.
237 2827 315 2867 quia
334 2838 444 2859 serum
459 2830 622 2860 aemilium
637 2832 803 2867 postproe-
846 2837 949 2866 quum
968 2833 1069 2857 noctu
1087 2829 1252 2858 Samnites
1269 2827 1441 2867 fugissent.

166 2883 273 2910 VOL.
306 2883 339 2910 1.
889 2883 923 2909 M
951 2883 992 2909 m
