1991 3250
392 156 470 191 390
939 157 1076 196 ΤΙΤΙ
1113 158 1282 198 LIVII

180 261 271 294 U.C.
289 267 363 298 337.
390 252 609 295 Terrorem
632 255 849 311 ingentem
871 256 1103 298 incusserat.
1127 258 1270 313 plebi3
1300 258 1482 300 ducibus
1515 257 1648 314 plebis
1671 274 1825 301 accen-

179 307 219 338 Α·
235 307 270 337 (“·
283 308 357 339 365.
392 310 457 350 dit
487 312 624 368 magis
655 315 888 354 certamine
920 315 1099 364 animos,
1122 330 1247 370 quam
1286 315 1454 356 minuit.
1486 316 1573 365 sed,
1605 330 1649 356 re
1679 326 1827 357 neutro

391 366 610 419 inclinata,
642 371 894 425 magistratu
935 385 977 411 se
1009 371 1252 423 abdicavit;
1283 386 1353 412 seu
1390 373 1491 427 quia
1521 372 1626 412 vitio
1661 382 1824 413 creatus

391 433 497 474 erat,
519 434 566 466 ut
587 427 791 481 scripsere
812 427 1010 482 quidam:
1042 442 1114 468 seu
1147 429 1246 483 quia
1279 429 1436 469 tribuni
1475 428 1607 483 plebis
1641 429 1828 469 tulerunt

391 480 445 521 ad
467 481 650 535 plebem,
673 483 800 538 idque
821 484 964 540 plebsc
991 485 1131 534 scivit,
1156 495 1214 536 ut,
1237 486 1269 525 si
1306 485 1371 526 M.
1396 485 1546 526 Furius
1581 499 1658 540 pro
1691 485 1826 526 dicta-

387 547 484 579 tore
505 539 606 593 quid
629 540 800 594 egisset,
823 540 1145 595 ⁵⁴quingentfim
1169 541 1344 582 millium
1367 542 1405 583 ei
1431 541 1564 582 multa
1584 551 1707 582 esset.
1740 541 1824 582 Sed

391 595 593 650 auspiciis
625 596 777 650 magiS,
799 610 926 650 quam
962 597 1060 637 novi
1093 598 1276 654 exempli
1312 599 1549 654 rogatione,
1578 598 1826 639 deterritum

164 692 167 695 s
345 675 351 681 Δ
392 659 441 690 ut
459 653 602 706 potius
621 653 949 707 credam‚quum
971 653 1100 708 ipsius
1123 655 1201 695 viri
1226 655 1327 696 facit
1345 655 1581 709 ingenium,
1602 664 1690 695 tum
1710 655 1825 709 quod

178 718 212 747 Ρ.
227 717 364 747 Manlius
391 707 430 747 ei
461 708 679 748 subfectus
712 718 777 749 est
807 709 1005 764 exemplo
1031 709 1092 751 P„
1106 709 1294 751 Manlius
1324 712 1532 755 dictator:
1564 725 1689 765 quein
1723 711 1827 766 quid

178 761 320 792 dictator.
390 765 522 804 creari
546 764 768 806 adtinebat
785 757 899 806 aH‘id
921 761 1148 817 certamen,
1167 782 1252 821 quo
1273 767 1339 807 M.
1364 768 1514 809 Furius
1535 768 1671 809 victus
1693 769 1826 810 esset?

390 828 434 860 et
469 822 584 875 quod
615 822 811 862 eumdem
843 821 908 862 M.
946 822 1120 863 Furium
1154 823 1403 864 dictatorem
1435 825 1659 880 insequens
1692 838 1827 865 annus

389 876 557 927 habuit,
581 877 693 919 haud
715 879 806 919 sine
833 879 994 934 pudore
1028 889 1141 920 certe
1173 879 1356 921 fractum
1388 881 1528 935 priore
1559 889 1672 922 anno
1705 882 1747 922 in
1781 894 1826 921 se

389 934 616 989 imperium
651 935 958 990 repetiturum:
997 936 1121 976 simul
1155 937 1268 992 quod
1301 951 1353 978 eo
1384 946 1589 993 tempore,
1609 953 1694 993 quo
1726 951 1825 993 pro-

389 992 628 1047 mulgatum
652 992 705 1033 de
727 992 860 1033 multa
881 992 972 1046 ejus
1000 993 1194 1044 traditur,
1215 1002 1288 1034 aut
1308 1002 1350 1035 et
1371 994 1469 1034 huic
1493 995 1718 1049 rogationi,
1740 1008 1825 1049 qua

391 1061 436 1088 se
458 1049 543 1089 ⁵⁵in
565 1049 758 1090 ordinem
787 1049 886 1105 cogi
911 1049 1096 1100 videbat,
1114 1050 1320 1091 obsistere
1343 1050 1508 1105 potuit3
1539 1061 1612 1092 aut
1645 1065 1698 1092 ne
1731 1051 1824 1092 illas

391 1104 584 1159 quidem,
607 1116 781 1161 propter
801 1121 904 1161 quas
929 1114 971 1146 et
1003 1106 1096 1147 haec
1127 1106 1213 1147 lata
1232 1117 1336 1157 erat,
1360 1106 1573 1161 inpedire:
1605 1118 1662 1157 et,
1683 1107 1825 1162 quoad

389 1175 524 1216 usque
561 1163 613 1203 ad
652 1164 896 1203 memoriam
934 1172 1120 1204 nostram
1164 1164 1402 1204 tribuniciis
1443 1164 1821 1219 consularibusque

391 1226 600 1260 certatum
642 1219 800 1261 viribus
840 1230 917 1271 est,
957 1220 1180 1261 dictaturae
1220 1235 1385 1277 semper
1425 1219 1548 1260 altius
1599 1220 1819 1276 fastigium

374 1273 491 1316 ·fuit.

448 1331 692 1375 XXXIX.
727 1332 843 1374 Inter
868 1332 1049 1388 priorem
1081 1334 1336 1375 dictaturam
1368 1334 1609 1375 abdicatam
1642 1347 1823 1373 novam-

390 1403 472 1443 que
503 1405 527 1430 a
566 1388 734 1431 Manlio
772 1391 937 1440 initam,
968 1391 1021 1430 ab
1062 1391 1242 1432 tribunis
1276 1391 1393 1432 velut
1428 1405 1499 1446 per
1531 1391 1820 1444 interregnum

369 1446 574 1487 ‘concilio
608 1446 743 1501 plebis
764 1447 926 1497 habito,
949 1447 1158 1501 adparuit,
1181 1462 1276 1503 quae
1299 1463 1352 1488 ex
1386 1447 1662 1503 promulgatis
1693 1446 1823 1501 plebi,

368 1517 485 1557 >quae
507 1503 712 1544 latoribus
742 1505 926 1559 gratiora
957 1515 1109 1545 essent.
1142 1519 1236 1545 narn
1271 1505 1324 1545 de
1360 1504 1527 1545 foenore
1564 1515 1692 1558 atque
1721 1517 1826 1558 agro

387 1561 632 1616 rogationes
656 1561 885 1615 jubebant,
909 1562 939 1585 ⁵⁶
952 1561 1004 1601 de
1033 1560 1202 1615 plebeio
1232 1561 1455 1602 consulatu
1477 1565 1508 1588 ⁵⁷
1525 1560 1821 1615 antiquabant.

388 1626 432 1656 et
454 1616 642 1672 perfecta
665 1628 842 1672 utraque
864 1632 926 1658 res
949 1628 1073 1667 esset,
1106 1619 1148 1658 ni
1173 1619 1332 1658 tribuni
1365 1632 1409 1658 se
1442 1618 1484 1658 in
1517 1618 1663 1658 omnia
1695 1615 1819 1656 simul

388 1674 608 1715 consulere
648 1673 1074 1729 plebem.dixissent.
1138 1674 1189 1715 P.
1220 1675 1409 1715 Manlius
1451 1674 1603 1715 deinde
1637 1673 1821 1713 dictator

175 1740 211 1767 (ἱ.
230 1737 366 1766 Licinius
390 1744 476 1770 rem
501 1731 543 1771 in
565 1745 756 1771 caussam
782 1731 917 1786 plebis
940 1731 1174 1781 inclinavit,
1197 1733 1227 1755 ⁵⁸
1243 1731 1295 1772 C.
1321 1731 1499 1781 Licinio,
1520 1731 1592 1786 qui
1625 1729 1821 1769 tribunus

174 1781 293 1852 patmus
314 1789 376 1828 ¹¹¹³?
393 1787 572 1828 militum
596 1787 746 1839 fuerat,
768 1788 968 1843 magistro
990 1789 1182 1842 equitum
1205 1787 1257 1828 de
1279 1788 1402 1843 plebe
1433 1788 1565 1828 dicto.
1626 1785 1677 1827 Id
1707 1799 1822 1840 aegre

172 1833 376 1895 {asmerdgqui-
396 1843 540 1885 Patres
579 1858 722 1898 passos
764 1846 956 1900 accipi03
998 1844 1248 1885 dictatorem
1289 1846 1527 1900 propinqua
1562 1843 1823 1898 cognatione

175 1909 278 1948 plebe.
392 1901 546 1942 Licinii
577 1915 620 1941 se
652 1901 762 1957 apud
799 1901 945 1942 Patres
979 1915 1183 1942 excusare
1214 1901 1400 1950 solitum,
1438 1900 1560 1941 simul
1594 1908 1823 1955 negantem

392 1958 581 2013 magistri
605 1960 794 2012 equitum
825 1959 977 2013 majus,
999 1973 1124 2012 quam
1149 1958 1306 1999 tribuni
1329 1958 1575 2007 consularis,
1597 1956 1821 2011 imperium

175 2027 271 2057 Sextii
289 2031 321 2056 et
388 2028 492 2055 esse.
556 2015 744 2056 Licinius
768 2015 1039 2070 Sextiusque,
1061 2029 1190 2069 quum
1225 2016 1491 2055 tribunorum
1530 2013 1641 2069 plebi
1676 2026 1824 2053 crean-

175 2071 289 2122 lacinii
387 2071 536 2112 dorum
561 2071 722 2113 indicta
742 2073 918 2113 comitia
938 2082 1091 2122 esseut,
1116 2072 1175 2112 ita
1195 2085 1238 2111 se
1261 2085 1418 2127 gerere,
1440 2082 1485 2110 ut
1510 2070 1704 2126 negando
1727 2069 1832 2123 jam*

172 2114 343 2185 ‘'fgfiss'dssl'
388 2129 467 2169 sibi
497 2128 601 2168 velle
631 2129 868 2169 continuari
894 2129 1114 2179 honorem,
1136 2129 1338 2168 acerrime
1359 2128 1664 2168 accenderents
1689 2127 1740 2166 ad
1765 2125 1824 2176 id,

170 2201 360 2238 conjunctim
387 2186 498 2240 quod
523 2185 828 2226 dissimulando
852 2186 1068 2240 petebant,
1094 2185 1273 2240 plebem.
1325 2184 1486 2224 Nonum
1509 2199 1546 2224 se
1566 2184 1823 2238 annumjam

171 2244 305 2272 ferendis
320 2254 367 2272 ro-
385 2242 493 2283 velut
506 2247 519 2267 g
540 2242 584 2282 in
605 2241 753 2282 aciem.*¹
776 2242 964 2283 adversus
985 2242 1193 2297 optimates
1214 2242 1387 2281 marimo
1413 2241 1609 2295 privatim
1626 2239 1822 2294 peretum,

170 2287 350 2360 {signamus
385 2303 416 2326 ⁵⁹
429 2298 540 2340 nullo
550 2298 712 2353 publice
732 2299 989 2343 emolumento
1010 2305 1132 2339 stare.
1164 2298 1405 2338 consenuisse
1422 2312 1518 2353 jam
1538 2312 1667 2338 secum
1687 2304 1724 2338 et
1754 2309 1820 2336 ro-

425 2389 437 2403 *
454 2383 557 2422 plebes
571 2383 667 2412 Gron.
682 2383 772 2413 Crev.
905 2381 918 2402 f
933 2383 1103 2413 accederent
1118 2383 1214 2412 Gron.
1357 2389 1370 2409 c
1394 2383 1486 2411 veluti
1502 2383 1593 2413 Crev.
1719 2378 1734 2399 Β
1757 2380 1824 2409 acie

384 2427 479 2456 Grou.
495 2428 585 2456 Crev.

426 2494 466 2521 54
490 2491 718 2531 ‚Quingentrtm
755 2490 911 2531 millium]
958 2490 1080 2530 Supple
1125 2491 1334 2529 significabat
1363 2500 1396 2519 se
1429 2500 1494 2520 non
1524 2489 1671 2529 accipere
1701 2487 1820 2528 legem.

382 2534 468 2563 mris.
515 2534 609 2564 Asses
635 2537 772 2565 500000.
789 2534 976 2564 aestiinandi
1001 2540 1080 2563 suut
1125 2536 1275 2574 Antiqua,
1289 2536 1309 2565 i.
1326 2545 1353 2564 e.
1372 2535 1508 2572 antiqua
1523 2533 1636 2573 probo,
1650 2531 1731 2562 nihil
1747 2532 1821 2561 novi

382 2578 500 2606 marvis
523 2578 651 2615 argenti
680 2578 880 2608 nostratibus
906 2580 978 2611 75¹³!-
1004 2587 1078 2607 cum
1124 2579 1225 2608 statui
1242 2577 1324 2607 volo.
1341 2579 1359 2595 *
1372 2578 1444 2607 vid.
1461 2582 1529 2606 not.
1546 2577 1596 2605 22.
1612 2575 1652 2605 ad
1668 2575 1704 2604 V.
1725 2578 1777 2606 30.

380 2619 507 2649 duabus
523 2622 640 2651 unciis.
1166 2625 1205 2652 58
1235 2622 1265 2651 C.
1286 2621 1421 2657 litaturo,
1438 2622 1492 2659 qni
1509 2620 1657 2649 tribunus
1679 2619 1822 2647 mimum

425 2666 491 2694 55‘
510 2664 545 2693 ln
572 2665 714 2694 ordmcm
732 2664 817 2703 cogi]
840 2664 912 2694 vid.
939 2670 1008 2694 not.
1025 2666 1076 2694 53.
1109 2663 1246 2703 suerat]
1274 2663 1458 2694 Undecimo
1474 2669 1551 2692 ante
1575 2671 1673 2691 anno.
1719 2661 1819 2691 Hunc

378 2705 419 2735 ad
438 2706 496 2736 lll.
515 2710 565 2736 35.
1052 2736 1054 2739 ,
1123 2708 1160 2738 C.
1177 2708 1342 2738 Licinium
1360 2715 1436 2736 cave
1453 2715 1528 2735 cum
1555 2704 1731 2735 Plutarcho
1747 2714 1817 2734 cre-

424 2750 464 2778 56
493 2750 540 2779 Dc
573 2751 690 2788 plebeio
734 2749 915 2788 consulatu]
964 2750 1077 2780 Plurts
1123 2751 1178 2780 (las
1196 2751 1348 2780 eumdem
1366 2758 1434 2780 csse
1452 2758 1527 2778 cunr
1546 2748 1581 2778 C.
1600 2748 1728 2778 Licinio
1745 2748 1819 2777 Sto-

379 2793 490 2831 svripti
510 2792 627 2821 turboni
646 2794 684 2821 du
697 2794 813 2832 plaehm'o
828 2795 962 2823 consule.
1125 2794 1212 2831 lone,
1233 2793 1367 2822 tribuno
1393 2791 1507 2832 plebis,
1526 2791 1635 2831 legum
1662 2800 1818 2821 novarum

376 2843 379 2846 “
422 2839 461 2870 57
487 2836 721 2875 Antiquabans]
746 2837 1078 2874 ,antiquam-verbnm
1123 2836 1236 2866 latore.

377 2880 512 2909 soltnne
550 2886 613 2916 est,
644 2889 707 2918 quo
740 2879 878 2918 populus
909 2879 1077 2910 Romanus
1167 2883 1206 2913 59
1232 2876 1695 2919 Nullopubliceemolumento]
1716 2877 1821 2909 Hear-
