1925 3239
591 82 712 121 LIB.
738 81 808 120 IX.
836 82 866 119 C
882 82 916 119 A
931 82 972 120 P.
999 81 1106 121 XLI.
1458 87 1532 121 545

93 193 236 225 tunam
279 183 533 228 habuerunt.
592 184 730 227 Decio
772 198 943 240 quoque
983 184 1100 225 alteri
1143 184 1306 226 consuli
1345 186 1583 226 secundaU
1601 189 1637 221 C
1653 193 1727 223 44⁵.

93 241 192 282 belli
214 242 385 284 fortuna
405 252 509 284 er.at
567 240 916 297 Tarquiniensem
946 251 1061 282 metu
1085 242 1308 297 subegerat
1341 232 1723 308 m1n1e11200‘t3·3g⁷·

90 306 179 339 tum
202 301 406 341 exercitui
431 300 634 355 praebere,
655 309 782 353 atque
804 297 1024 339 inducias
1017 312 1057 339 m
1080 299 1362 362 quadraginta
1390 287 1664 351 annostmscsf}
1695 294 1710 302 ⁹

88 366 245 419 pete-ime
305 356 637 397 Volsiniensium
668 354 841 396 castella
869 354 1033 410 aliquot
1064 356 1103 396 vi
1135 356 1275 410 cepit:
1320 357 1519 410 quaedam

88 425 142 451 ex
172 412 218 453 i1s
249 413 393 463 diruit,
414 427 465 454 ne
496 411 764 468 receptaculo
794 411 989 452 hostibus
1020 421 1185 454 essent:
1216 412 1518 454 circumferen-

89 467 230 523 doque
263 471 417 523 passim
461 468 582 519 bello,
613 477 776 509 tantum
809 478 1010 509 terrorem
1042 471 1106 509 sui
1137 468 1253 519 fecit,
1287 479 1331 509 ut
1361 483 1517 511 nomen

88 538 215 565 omne
239 525 463 567 Etruscum
489 525 631 567 foedus
654 526 707 565 ab
730 525 903 566 consule
932 535 1105 580 peteisset
1164 525 1230 566 Ac
1261 525 1312 567 de
1343 540 1392 566 eo
1424 528 1516 581 qui-

85 581 180 622 dem
207 583 311 623 nihil
335 583 607 639 inpetratum.
630 582 814 623 induciae
837 597 989 623 annuae
1013 582 1139 623 datae
1159 583 1415 638 stipendium
1440 598 1514 623 ex-

84 638 234 680 ercitui
260 639 458 681 Romano
480 640 533 680 ab
557 639 678 679 hoste
712 639 754 679 in
787 654 882 679 eum
917 653 1073 679 annum
1108 653 1300 693 pensum,
1323 650 1366 679 et
1402 640 1513 682 bina,

87 695 241 736 tunicae
285 697 326 737 in
369 697 544 737 militem
587 705 764 736 exactae.
807 710 856 736 ea
898 710 1055 736 merces
1100 696 1362 737 induciarum
1415 696 1511 738 fuit.

82 749 346 807 Tranquillas
387 768 450 794 res
485 753 578 816 Jam
622 751 811 792 Etruscis
855 752 1044 793 turbavit
1076 753 1295 808 iepentina
1326 752 1509 795 defectio

83 807 409 870 Umbrorum,t>
385 811 522 851 Grentis
544 810 722 864 integrae
745 824 769 848 ‘t
790 809 981 850 cladibus
1004 808 1117 860 belli,
1138 810 1214 849 nlsi
1238 810 1351 874 quod
1376 820 1510 851 trans-

82 864 188 906 itum
215 868 427 908 exercitus
449 881 548 922 ager
569 874 767 907 senserat.
830 865 881 917 Ii,
901 866 1116 906 concitata
1136 867 1251 907 omni
1276 867 1508 922 juventute

84 926 172 972 sua,
193 934 237 963 et
260 938 414 979 magna
437 932 555 979 parte
583 922 853 963 Εῑι·υ5(;οιυιῃ
883 923 934 963 ad
969 923 1240 964 rebellionem
1260 924 1506 987 compulsa,

80 988 246 1020 tantum
278 981 514 1021 exercitum
547 979 750 1030 fecerant,
782 989 843 1029 ut,
875 979 1021 1020 relicto
1055 989 1152 1044 post
1183 994 1226 1020 se
1258 981 1302 1020 in
1336 979 1507 1022 Etruria

80 1034 234 1087 Decio,
271 1037 323 1078 ad
361 1037 695 1092 obpugnandam
731 1037 828 1076 inde
868 1036 1048 1076 Romam
1093 1037 1239 1087 ituros,
1276 1037 1504 1092 magnifice

77 1091 130 1131 de
162 1108 227 1142 se,
269 1109 319 1134 ac
358 1094 610 1134 contemtim
653 1093 705 1133 de
745 1093 952 1133 Romanis
1003 1093 1237 1148 loquentes,
1271 1094 1502 1149 jactarent.

77 1147 205 1194 Quod
230 1151 445 1205 inceptum
469 1165 613 1190 eorum
638 1150 709 1190 ubi
743 1150 793 1190 ad
830 1149 1010 1191 Decium
1043 1150 1257 1190 consulem
1292 1151 1502 1214 perlatum

74 1214 151 1255 est,
166 1207 216 1246 ad
240 1208 384 1248 urbem
404 1222 455 1247 ex
484 1206 652 1247 Etruria
673 1207 838 1262 magnis
862 1207 1081 1247 itineribus
1107 1207 1258 1263 pergit,
1271 1218 1312 1247 et
1337 1223 1377 1247 m
1397 1222 1501 1262 agro

76 1261 322 1318 Pupiniensi
349 1264 399 1304 ad
425 1264 578 1304 famam
603 1264 789 1304 intentus
813 1264 996 1304 hostium
1020 1264 1227 1304 consedit.
1288 1264 1381 1305 Nec
1412 1265 1502 1305 Ro-

72 1333 154 1359 mae
179 1322 455 1384 spernebatur
479 1320 736 1362 Umbrorum
767 1320 948 1361 bellum:
980 1331 1020 1360 et
1046 1321 1147 1375 ipsae
1179 1321 1307 1362 minae
1338 1331 1500 1362 metum

72 1375 258 1417 fecerant
279 1379 466 1433 expertis
490 1393 513 1417 a
535 1377 702 1419 Gallica
722 1376 859 1428 clade,
881 1392 1008 1432 quam
1041 1377 1222 1417 intutam
1257 1379 1402 1418 urbem
1433 1378 1497 1418 in-

72 1433 274 1474 colerent.
318 1434 467 1489 Itaque
489 1434 617 1490 legati
641 1434 692 1474 ad
717 1433 895 1474 Fabium
919 1434 1135 1474 consulem
1160 1434 1275 1474 missi
1298 1446 1410 1485 sunt,
1434 1446 1494 1485 ut,

70 1489 103 1529 si
147 1490 249 1544 quid
291 1468 555 1532 laxamentit'
560 1506 585 1531 a
615 1490 725 1530 bello
757 1490 1011 1531 Samnitium
1044 1500 1166 1541 esset,
1199 1491 1238 1531 in
1274 1467 1495 1532 Umbriam

70 1560 248 1601 propere
268 1548 501 1588 exercitum
524 1548 710 1588 duceret.
748 1546 876 1588 Dicto
900 1549 1039 1603 paruit
1060 1548 1222 1597 consul,
1246 1549 1496 1603 magnisque

69 1603 290 1644 itineribus
312 1605 362 1645 ad
389 1605 651 1654 Mevaniam,
674 1604 747 1644 ubi
771 1615 860 1644 tum
893 1605 1031 1660 copiae
1068 1604 1326 1645 Umbrorum
1359 1616 1494 1656 erant,

66 1661 266 1722 perrexit.
328 1661 497 1716 Repens
519 1662 725 1702 adventus
755 1661 955 1713 consulis,
976 1675 1102 1716 quem
1134 1661 1282 1725 procul
1314 1661 1494 1703 Umbria

65 1730 111 1757 m
141 1716 316 1759 Samnio
351 1719 457 1759 bello
489 1717 572 1759 alio
601 1730 857 1772 occupatum
889 1718 1170 1768 credidenffant
1198 1719 1257 1758 ita
1285 1720 1704 1760 exterruitcontratm-

64 1773 266 1825 Umbros,
310 1783 354 1815 ut
393 1775 462 1816 alii
503 1774 784 1819 recedendum
824 1775 877 1816 ad
919 1776 1044 1816 urbes
1084 1774 1282 1824 munitas,
1317 1768 1583 1830 quidambs⁰⁵·

63 1830 346 1872 omittendum
390 1832 548 1872 bellurn
585 1840 818 1873 censen-,ent
875 1835 909 1858 ⁷⁹
924 1831 1057 1887 Plaga
1097 1847 1180 1872 una
1208 1831 1490 1896 (Materinam

63 1887 147 1942 ipsi
177 1887 409 1943 adpellant)
448 1903 531 1929 non
562 1889 777 1929 continuit
808 1887 934 1930 modo
965 1898 1128 1931 ceteros
1159 1889 1202 1929 in
1244 1890 1385 1939 armis,
1418 1890 1490 1931 sed

62 1943 290 1985 confestim
315 1945 367 1986 ad
390 1955 604 1986 certamen
627 1945 729 2001 egit.
743 1954 881 1986 castra
899 1944 1123 1986 vallantem
1147 1945 1327 1986 Fabium
1349 1946 1488 1987 adorti

63 2011 177 2042 sunt.
237 2001 358 2048 Quos
393 2002 464 2043 ubi
497 2001 654 2042 effusos
685 2016 805 2043 ruere
839 2003 880 2042 in
911 2003 1176 2043 munimenta
1196 1997 1342 2043 consul
1367 2003 1486 2054 vidit,

62 2066 284 2100 revocatos
306 2058 460 2099 milites
482 2059 537 2099 ab
559 2073 702 2123 opere,
721 2067 848 2113 prout
869 2058 950 2099 loci
972 2067 1121 2099 natura
1141 2069 1390 2114 tempusque
1413 2075 1483 2115 pa-

60 2114 260 2164 tiebatur,
304 2115 364 2155 ita
405 2115 631 2157 instruxit:
673 2116 1007 2170 cohortatusque
1048 2116 1351 2170 praedicatione
1389 2131 1486 2157 vm

59 2185 144 2226 qua
165 2171 208 2212 in
228 2170 393 2221 Tuscis,
414 2187 499 2227 qua
519 2172 563 2213 in
594 2172 768 2212 Samnio
792 2183 1010 2227 partorum
1041 2173 1256 2221 ‹leeor‚um
1279 2187 1483 2237 exrguam

59 2228 336 2283 adpendicem
372 2227 540 2269 Etrusci
571 2228 670 2269 belli
699 2230 910 2270 conficere
933 2228 1086 2283 jubet:
1130 2239 1172 2269 et
1205 2229 1319 2269 vocis
1353 2230 1481 2284 mpiae

59 2298 211 2348 pqenas
251 2295 467 2340 expetere,
497 2300 581 2340 qua
621 2300 664 2326 se
696 2286 842 2326 urbem
887 2285 1126 2326 Romanam
1159 2286 1482 2341 obpugnaturos

57 2341 207 2382 minati
229 2352 342 2382 sunt.
401 2341 513 2383 Haec
534 2350 654 2382 tanta
673 2352 772 2383 sunt
793 2342 1011 2383 alacritate
1041 2342 1222 2383 militum
1255 2343 1413 2392 audita,
1436 2353 1483 2383 ut

56 2397 232 2448 clamor,
254 2412 329 2438 sua
358 2408 510 2453 sponte
539 2407 673 2450 ortus,
694 2398 937 2453 loquentem
961 2398 1290 2453 interpellaverit
1316 2399 1481 2440 ducem.

57 2464 156 2496 ante
195 2455 419 2510 imperium
462 2455 615 2497 deinde
651 2460 681 2484 ⁷³
699 2466 910 2497 concentu
954 2456 1149 2496 tubarum
1190 2470 1240 2496 ac
1276 2470 1479 2496 cornuum

96 2586 138 2618 79
155 2584 268 2623 Plaga
283 2585 365 2624 una]
384 2585 478 2616 Unus
495 2595 535 2615 ex
551 2583 679 2625 populis
695 2585 746 2622 iis,
791 2585 825 2615 in
842 2585 913 2624 ipsa
928 2585 1060 2624 regione
1076 2589 1204 2614 notum.

52 2627 88 2658 in
107 2637 187 2666 quos
210 2628 412 2659 Umbrorum
436 2638 516 2668 gens
539 2629 642 2658 divisa
663 2632 745 2659 erat.
832 2632 872 2662 73
916 2628 1088 2668 concentu]
1128 2627 1259 2657 Plenius
1297 2637 1336 2657 ac
1366 2627 1482 2658 melius

53 2670 201 2709 Plagam
232 2671 284 2701 hic
313 2682 389 2701 cum
420 2672 558 2710 Dujatio
591 2671 746 2711 intelligi·
789 2671 922 2710 quidam
947 2671 1074 2702 codices
1097 2670 1234 2708 habent,
1249 2677 1335 2701 teste
1359 2671 1484 2702 Grono-

51 2723 127 2744 mus
140 2715 312 2753 regionem.
354 2715 454 2745 Addit
470 2715 595 2751 Livius,
610 2715 748 2745 blaten-i·
792 2715 864 2744 vio:
889 2719 965 2745 ante
996 2713 1180 2745 conc-emam
1203 2715 1371 2745 tubarum.
1417 2715 1484 2745 Ad-

52 2766 130 2787 nam
151 2758 210 2796 ipsi
231 2760 410 2797 appellunt,
435 2759 513 2797 quia
542 2767 662 2798 nempe
686 2758 747 2788 hoe
792 2757 974 2798 stipulatur
990 2757 1151 2799 Campani
1168 2756 1279 2787 editior

52 2809 172 2830 nomen
190 2800 334 2839 ignobile
350 2805 434 2840 erat,
448 2811 508 2833 nec
528 2800 668 2832 fortasse
685 2802 747 2832 nisi

103 2855 211 2883 voL.
231 2856 263 2884 1.
841 2856 870 2884 N
894 2857 922 2883 n
