1991 3250
403 117 481 152 368
914 117 1090 154 ›T1T1
1125 117 1301 155 LlVlI

320 227 395 258 370.
414 213 577 255 Latinis
595 222 638 256 et
660 213 878 267 Hernicis,
901 216 1026 257 simul
1047 221 1079 244 ⁷⁷
1095 216 1260 257 colonis
1284 216 1600 259 Circeiensibus
1620 226 1664 259 et
1683 233 1707 259 a
1730 217 1766 259 V
1770 217 1847 260 eli-

309 270 383 300 382².
414 271 500 322 tris,
523 272 806 327 purgantibus
827 287 871 313 se
894 273 1038 314 Volsci
1062 274 1240 314 crimine
1273 272 1390 324 belli,
1412 274 1691 330 captivosque
1723 289 1843 330 repe-

412 329 616 379 tentibus,
649 337 695 369 ut
724 328 852 370 ⁷⁸suis
888 329 1054 385 legibus
1088 331 1130 370 in
1169 344 1241 370 eos
1273 331 1673 381 animadverterent,
1706 331 1845 372 tristia

410 398 614 439 responsa
653 384 842 435 reddita3
893 387 1080 426 tristiora
1118 386 1296 437 colonis,
1337 387 1450 441 quod
1493 388 1608 429 cives
1660 386 1845 428 Romani

407 441 558 496 patriae
580 441 882 497 obpugnandae
906 442 1088 483 nefanda
1107 443 1286 484 consilia
1307 444 1518 493 inissent‘.
1579 443 1679 484 Non
1709 457 1841 500 nega·

412 507 503 539 tum
537 498 678 552 itaque
700 508 864 538 tantum
888 499 940 539 de
960 500 1142 554 captivis
1161 516 1171 550 ;
1203 501 1289 550 sed,
1311 501 1402 540 ⁷⁹in
1422 514 1507 554 quo
1529 500 1584 541 ab
1615 501 1742 541 sociis
1777 511 1840 541 ta-

410 567 509 595 men
551 564 905 608 temperaveram,
936 555 1240 596 denunciatum
1279 567 1448 597 senatus
1482 557 1634 607 verbis,
1666 557 1846 598 facesse-

411 621 505 651 rent
526 624 703 665 propere
726 625 778 650 ex
803 612 920 661 urbe,
939 613 993 651 ab
1012 627 1081 652 ore
1101 621 1228 668 atque
1249 613 1384 654 oculis
1408 613 1551 669 populi
1581 613 1780 663 Romani,
1793 627 1847 654 ne

411 667 517 707 nihil
538 681 609 707 eos
631 665 858 722 legationis
873 668 962 722 jus,
984 678 1162 709 externo
1185 683 1268 710 non
1291 671 1374 710 civi
1400 680 1694 725 comparatum
1728 680 1845 726 tege-

411 734 488 763 ret.
1083 740 1089 750 ¹
1319 751 1324 753 -

470 778 650 821 XVIII.
695 779 1037 822 Recrudescente
1078 780 1302 823 Manliana
1341 783 1563 832 seditione,
1603 784 1683 824 sub
1723 783 1845 824 exitu

413 837 513 876 anni
547 837 724 878 comitia
765 836 926 888 habita,
957 839 1172 893 creatique
1216 840 1373 880 tribuni
1411 839 1594 880 militum
1633 839 1846 880 consulari

201 908 242 938 U.
261 908 297 938 C.
314 910 386 941 271.
416 903 627 948 potestate
657 908 710 934 ex
747 893 945 935 Patribus
969 896 1058 936 Ser.
1079 895 1302 937 Cornelius
1323 894 1636 950 Maluginensis
1656 896 1843 947 tertium,

199 952 238 981 A.
258 952 383 981 ‘'d-35¹·
415 949 465 990 P.
503 949 696 991 Valerius
731 950 900 991 Potitus
939 952 1107 1001 iterum,
1137 959 1170 979 80
1186 952 1251 992 M.
1283 952 1435 993 Furius
1473 951 1676 993 Camillus
1691 959 1723 1002 “,
1754 953 1845 993 Ser.

200 225 245 256 U.
263 224 301 255 C.

197 269 237 300 A.
253 268 290 299 C.

199 995 359 1067 {fo‘ffi‘
415 1005 628 1062 Sulpicius
659 1007 798 1048 Rufus
831 1008 999 1059 iterum,
1020 1008 1070 1049 C.
1094 1009 1290 1064 Papirius
1327 1008 1520 1060 Crassus,
1541 1009 1591 1050 T.
1614 1009 1845 1056 Quinctius

199 1082 254 1109 ἃς,
271 1080 327 1110 Tr.
416 1063 699 1104 Cincinnatus
721 1065 968 1106 secundum.
1029 1065 1165 1120 Cujus
1179 1065 1403 1121 ‚principio
1435 1065 1534 1106 anni
1566 1076 1611 1106 et
1643 1066 1845 1107 Patribus

200 1122 269 1153 Mil.

414 1131 458 1160 et
480 1120 593 1176 plebi
630 1131 945 1176 peropportune
976 1130 1153 1163 externa
1184 1136 1269 1176 pax
1302 1122 1425 1163 data:
1460 1123 1588 1178 plebi,
1609 1122 1724 1179 quod
1759 1135 1846 1163 non

413 1186 594 1218 avocata
613 1177 778 1218 delectu
802 1192 919 1232 spem
941 1180 1068 1233 cepit,
1089 1179 1190 1219 dum
1213 1189 1297 1219 tarn
1324 1190 1540 1234 potentem
1564 1179 1740 1220 haberet
1767 1177 1847 1219 du-

413 1247 523 1284 ceni,
543 1234 724 1276 foenoris
745 1237 1021 1291 expugnandi
1042 1253 1052 1287 ;
1078 1235 1290 1285 Patribus,
1314 1249 1366 1276 ne
1386 1249 1472 1289 quo
1493 1245 1671 1277 externo
1692 1244 1848 1290 terrore

412 1300 692 1332 avocarentur
729 1291 860 1331 animi
893 1292 947 1332 ab
982 1293 1179 1332 sanandis
1217 1292 1463 1333 domesticis
1498 1292 1631 1334 malis.
1694 1291 1847 1347 Igitur,

411 1362 544 1402 quum
579 1362 673 1402 pars
696 1356 875 1403 utraque
897 1349 1036 1390 acrior
1057 1348 1276 1404 aliquanto
1298 1359 1445 1389 coorta
1465 1358 1588 1390 esset.
1609 1355 1640 1376 ⁶¹
1657 1349 1698 1388 in
1712 1356 1727 1370 ⁸
1749 1362 1846 1403 pro—

411 1405 622 1459 pinquum
663 1413 878 1445 certamen
911 1406 1056 1446 aderat
1086 1415 1129 1446 et
1169 1405 1396 1446 Manlius&
1427 1405 1635 1446 advocata
1670 1404 1847 1446 domum

412 1461 551 1516 plebe,
574 1475 670 1502 cum
693 1461 959 1518 principibus
982 1462 1272 1503 novandarum
1307 1476 1444 1503 rerum
1477 1460 1660 1503 interdiu
1695 1470 1848 1502 noctu-
1882 1478 1885 1480 ·

411 1532 496 1572 que
515 1518 695 1559 consilia
716 1518 867 1574 agitat,
887 1519 1052 1574 plenior
1072 1520 1290 1574 aliquanto
1323 1519 1560 1560 animorum
1586 1520 1846 1573 irarumque,

411 1589 540 1629 quam
564 1584 689 1616 antea
707 1575 860 1617 fuerat.
921 1575 1033 1617 Iram
1067 1576 1318 1617 accenderat
1350 1576 1587 1631 ignominia
1620 1588 1766 1616 recens
1801 1575 1847 1617 in

412 1632 558 1672 animo
579 1632 630 1672 ad
655 1631 958 1673 contumeliam
981 1634 1230 1687 inexperto:
1262 1633 1435 1688 spiritus
1456 1633 1603 1682 dabat,
1623 1632 1736 1687 quod
1767 1645 1848 1672 nee

412 1701 538 1729 ausus
559 1698 671 1729 esset
691 1689 803 1730 idem
827 1689 869 1730 in
893 1704 936 1730 se
953 1690 1152 1739 dictator,
1174 1689 1287 1744 quod
1313 1690 1353 1729 in
1387 1690 1461 1745 Sp.
1485 1688 1636 1729 Maelio
1671 1688 1848 1729 Cincin-

414 1753 539 1786 natus
575 1745 806 1792 Quinctius
840 1746 1036 1797 fecisset;
1066 1754 1108 1786 et
1139 1745 1401 1787 vinculorum
1435 1758 1604 1786 suorum
1640 1743 1848 1786 invidiam

411 1815 498 1842 non
521 1802 707 1843 dictator
743 1802 873 1844 modo
906 1803 1145 1844 abdicando
1178 1803 1432 1844 dictaturam
1465 1801 1660 1857 fugisset,
1682 1800 1754 1842 sed
1795 1813 1848 1841 ne

412 1869 581 1899 senatus
603 1860 775 1914 quidem
799 1860 1005 1901 sustinere
1027 1859 1246 1916 potuisset.
1301 1859 1384 1900 His
1408 1859 1532 1900 simul
1557 1858 1728 1898 inflatus
1745 1869 1848 1898 exa-

413 1917 695 1971 cerbatusque
719 1917 811 1972 jam
835 1931 908 1972 per
930 1931 974 1958 se
1008 1930 1208 1958 accensos
1242 1916 1450 1957 incitabat
1482 1915 1617 1972 plebis
1652 1914 1849 1956 animos-2

418 1969 634 2030 Quousque
653 1973 814 2014 tandem
836 1973 1077 2030 ignorabitis
1098 1973 1202 2014 vires
1222 1980 1390 2025 vestras,
1403 1987 1504 2029 quas
1525 1978 1673 2012 natura
1697 1984 1745 2012 ue
1767 1969 1850 2011 bel-

459 2075 469 2092 t

491 2079 629 2108 iniissent
644 2077 741 2108 Gron.
758 2079 848 2108 Crev.
1484 2080 1497 2095 Χ
1521 2080 1594 2105 esset
1606 2088 1616 2107 ;
1633 2073 1709 2115 jam
1722 2075 1755 2104 in
1769 2073 1853 2105 Eaed.

412 2131 425 2151 y
448 2121 553 2151 aderat
566 2132 575 2149 :
597 2126 626 2151 et
636 2121 778 2151 Illanlius
793 2122 876 2151 Eaed.

955 2083 971 2098 ¹¹
996 2078 1148 2108 Camillus
1160 2078 1300 2116 quintum
1314 2077 1398 2107 Eaed.

458 2213 499 2244 77
529 2208 646 2240 Catonis
675 2208 902 2239 Circeiensibus
924 2213 954 2239 ec
977 2218 998 2239 a
1023 2207 1108 2238 Veli-

416 2253 490 2292 tris]
510 2252 752 2283 Circeiensibus
769 2257 804 2282 et
817 2251 1005 2282 Veliternis.
1045 2252 1108 2282 Eo-

418 2297 494 2326 dem
520 2295 618 2326 modo
633 2295 763 2326 locutus
779 2300 829 2325 est
855 2305 953 2334 supra
980 2294 1106 2331 Livius,

417 2339 481 2369 hoc
499 2339 569 2379 ipso
585 2338 680 2376 libro,
698 2349 726 2368 c.
749 2341 795 2371 12.
811 2343 840 2369 et
856 2340 953 2369 coloni
976 2339 1073 2368 etiam
1087 2347 1109 2367 α

420 2382 640 2413 Velitrisstet
657 2391 787 2412 rursum
814 2392 843 2411 c.
867 2381 1050 2419 13.†Olim
1074 2381 1108 2411 in

419 2426 516 2456 editis
534 2425 646 2456 deerat
662 2425 828 2465 particula
841 2434 874 2457 a.
921 2424 1002 2454 Eam
1021 2423 1109 2462 adje-

421 2469 468 2499 cit
480 2469 647 2508 Sigonius,
659 2472 694 2499 et
702 2473 821 2499 tenent
830 2472 971 2508 quatuor
982 2478 998 2497 e
1013 2467 1113 2507 scrip-

420 2513 464 2542 tis
481 2512 613 2542 nostris.

465 2558 506 2588 78
535 2554 611 2586 Suis
626 2555 764 2595 legibus]
781 2555 941 2586 Observut
959 2554 1113 2592 lhrjatius

423 2597 487 2628 hoc
511 2597 649 2629 Latinos
672 2599 806 2638 quidem
824 2605 858 2628 et
882 2599 1043 2629 &lembos
1067 2597 1114 2627 di-

425 2651 500 2671 cere
526 2642 686 2681 potuisse,
711 2643 766 2680 qui
795 2642 862 2672 suis
888 2641 1014 2680 legibus
1042 2647 1116 2670 utc-

427 2689 567 2722 rentur3
606 2694 671 2715 non
703 2692 815 2716 autem
848 2686 1051 2715 Circeienses
1081 2689 1115 2714 et

426 2727 625 2765 Veliternos,
641 2729 710 2766 qui,
729 2733 844 2767 utpote
861 2727 968 2758 coloni
995 2727 1116 2757 Roma·

426 2771 474 2809 ni,
504 2770 669 2801 Romanas
701 2771 788 2810 leges
828 2771 998 2801 haberent.
1044 2770 1115 2800 Nisi

382 2845 384 2848 ,
423 2814 523 2851 forte,
554 2814 633 2852 quia
670 2823 735 2844 non
766 2824 879 2843 onmes
910 2825 927 2843 e
960 2814 1115 2843 Romanis

423 2862 532 2895 erant,
556 2857 613 2888 sed
637 2857 800 2889 veteribus
827 2856 942 2887 incolis
970 2856 1116 2892 admisti,

1151 2205 1274 2245 aliquid
1318 2215 1358 2235 ex
1403 2204 1545 2245 pristino
1582 2205 1660 2244 jure
1703 2203 1851 2233 retinue-

1152 2255 1239 2279 rant.

1194 2295 1234 2326 79
1244 2294 1262 2313 *ι
1275 2291 1314 2322 In
1329 2301 1389 2331 quo
1404 2292 1443 2321 ab
1457 2292 1546 2321 sociis
1561 2294 1669 2321 tamen
1684 2293 1846 2329 tempera-

1151 2335 1280 2374 verunt]
1307 2335 1436 2374 Quibus
1451 2335 1558 2364 verbis
1581 2333 1744 2371 minisque
1767 2341 1847 2370 erga

1152 2379 1270 2416 socios,
1287 2379 1422 2409 Latinos
1441 2378 1679 2415 Hernicosque,
1691 2374 1772 2406 licet
1787 2383 1847 2405 no-

1152 2423 1223 2452 xios
1240 2428 1274 2453 et
1293 2422 1369 2460 jure
1397 2421 1589 2461 increpitos,
1605 2426 1719 2450 tamen
1745 2417 1847 2449 absti-

1156 2471 1311 2496 nuerant.

1200 2512 1241 2540 80
1264 2509 1313 2540 M.
1341 2508 1463 2538 Furius
1498 2506 1654 2537 Camillus
1676 2502 1843 2544 quintum]

1158 2552 1245 2591 Lege
1260 2556 1397 2583 sextum.
1443 2549 1515 2582 Via.
1533 2554 1603 2579 not.
1619 2550 1672 2582 29.
1689 2546 1731 2578 ad
1747 2557 1777 2579 c.
1798 2550 1848 2579 10.

1159 2597 1180 2626 ι.
1197 2596 1236 2670 iil
1265 2638 1345 2669 «Iam
1378 2639 1410 2666 in
1437 2637 1653 2675 propinquum
1683 2637 1849 2664 certamen

1160 2683 1295 2712 aderat.-
1328 2686 1356 2713 ιτ
1380 2677 1543 2717 silentiar]
1572 2679 1613 2709 In
1632 2679 1849 2717 prnpi'uquum

1159 2731 1303 2764 tempus.
1349 2723 1502 2753 Ceterum
1534 2720 1730 2761 particulam
1752 2718 1845 2759 jam,

1159 2778 1257 2808 quain
1275 2766 1456 2797 Gronovius
1473 2775 1492 2794 a
1513 2766 1580 2795 suis
1607 2764 1734 2802 aliquot
1759 2762 1849 2793 libris

1161 2813 1271 2841 abesse
1286 2816 1441 2847 testatur,
1456 2809 1610 2847 ignorant
1626 2806 1740 2838 itidem
1756 2806 1854 2845 quin-

1162 2865 1223 2893 que
1240 2864 1256 2882 e
1275 2854 1405 2882 uostris.
1453 2851 1545 2881 Unde
1576 2848 1851 2882 considerandum
