1969 3239
594 83 1096 125 LIB.11.CAP.L1X.
1219 109 1223 113 ·
1502 92 1581 133 147

127 187 256 239 niter,
285 187 438 238 otiose,
472 185 763 244 neglegenter,
793 186 1110 229 contumaciter
1139 186 1285 228 omnia
1313 201 1455 243 agere.
1497 204 1628 238 necu
1646 205 1682 238 c
1699 210 1774 237 2⁸3.

129 246 282 302 pudor,
315 260 394 286 nec
425 254 563 286 metus
598 244 840 308 coemebat.
901 243 946 284 Si
981 244 1109 285 citius
1140 245 1209 300 agi
1248 244 1374 285 vellet
1404 261 1575 302 agmen,
1589 253 1627 281 A.
1643 251 1679 282 C
1695 253 1772 282 46⁹·

129 304 292 344 tardius
315 303 460 344 sedulo
483 302 703 344 incedere:
737 301 770 342 si
792 299 1044 343 adher-tatm
1064 303 1206 356 operis
1225 302 1404 352 adesset,
1426 294 1688 366 0101105ῘᾛΡ10
1706 296 1777 325 ⁶⁰⁵·

127 374 205 401 sua
235 372 389 416 sponte
421 362 452 383 ³¹
472 369 631 401 motam
658 359 876 399 remitteie
903 358 1173 399 industriam.
1208 364 1242 385 ³2
1260 361 1459 415 praesenti
1485 362 1575 402 vul-
1588 347 1754 414 ἓξὲξ,

129 427 198 458 tus
230 416 993 471 (1010111010,1301100100101011010111
1029 416 1267 458 exsecrari:
1314 425 1360 456 ut
1390 418 1576 460 invictus

127 474 198 516 ille
229 475 330 516 odio
364 474 530 530 plebeio
562 474 730 514 animus
763 472 977 514 inte1dum
1010 473 1472 515 0101··0101111.0111111
1504 490 1577 516 ne-

126 533 361 587 quidquam
385 531 617 572 aceibitate
642 542 825 586 piomta,
848 529 1063 584 nihiljam
1081 544 1179 570 cum
1200 530 1409 572 militibus
1428 547 1576 588 agerze

126 603 154 629 a
175 588 499 631 centurionibus
530 599 781 648 corruptum
814 588 1054 628 exercitum
1081 587 1248 630 dicere.
1281 567 1480 630 tribunos
1486 589 1578 645 ple-

128 646 190 688 hee·
210 645 411 688 cavillans
435 645 646 686 interdum
672 656 714 686 et
740 644 767 685 l
767 644 952 686 olm-ones
975 658 1142 687 vocuime

186 703 313 745 LIX,
354 702 476 743 Nihil
514 717 662 743 eorum
706 703 845 743 Volsci
888 702 1153 748 nesciebant,
1188 702 1491 758 instabantque
1525 704 1577 745 eo

126 761 279 816 magis,
311 769 528 815 sperantes
567 761 681 801 idem
721 771 941 801 certamen
977 759 1217 800 animorum
1255 759 1454 801 adversus
1485 761 1578 817 Ap-

125 818 244 873 pium
278 817 524 858 habiturum
554 817 794 858 exercitum
828 817 1090 866 Romanum,
1113 817 1227 870 quod
1261 817 1461 858 adversus
1495 819 1575 859 Fa-

126 876 244 915 bium
283 875 502 915 consulem
543 875 776 915 habuisset.
838 873 1042 915 Ceterum
1079 874 1215 914 multo
1251 873 1413 929 Appio,
1445 890 1576 930 quam

126 931 278 982 Fabio,
309 931 538 972 violentior
570 933 667 973 fuit.
728 932 829 972 Non
860 931 975 972 euim
1017 931 1186 971 vincere
1222 942 1388 972 tautum
1423 933 1575 984 noluit,

124 998 174 1030 ut
213 989 428 1030 Fabianus
470 989 701 1040 exercitus,
738 989 810 1029 sed
853 988 970 1029 vinci
1022 987 1172 1029 voluit
1245 988 1488 1030 Pioductus
1531 990 1769 1035 invincivult.

123 1046 262 1087 aciem
286 1046 400 1102 turpi
425 1045 512 1102 fuo·
505 1063 529 1087 ·1
552 1048 659 1102 petit
681 1057 845 1096 castia3
882 1060 961 1086 nec
983 1054 1083 1085 ante
1105 1045 1278 1096 testitit,
1301 1061 1428 1101 quam
1453 1048 1578 1103 signa

122 1102 378 1145 inferentem
412 1104 613 1145 Volscum
650 1104 928 1144 munimentis
961 1102 1082 1152 vidit,
1107 1102 1356 1158 foedamque
1392 1105 1576 1146 extiemi

123 1160 320 1216 agminis·
347 1161 527 1202 caedem.
577 1167 608 1190 ³³
626 1160 736 1202 Tum
774 1174 977 1215 expressa
1010 1160 1074 1200 vis
1107 1162 1158 1200 ad
1200 1161 1495 1215 pugnandum,
1528 1172 1577 1203 ut

124 1218 264 1259 victor
288 1217 382 1273 jam
406 1233 430 1259 a
455 1218 565 1260 vallo
596 1220 926 1260 submoveretur
948 1217 1109 1258 hostis:
1142 1227 1244 1258 sams
1271 1230 1409 1258 tamen
1444 1219 1576 1274 adpa-

123 1285 250 1326 reret,
267 1275 364 1331 capi
388 1284 555 1316 tantum
579 1286 718 1317 cistra
739 1276 921 1317 militem
948 1274 1193 1315 Romanum
1216 1275 1416 1316 noluisse.
1455 1277 1485 1298 ³⁴
1501 1276 1575 1317 alii

125 1332 312 1386 gaudere
335 1347 410 1374 sua
429 1332 552 1374 clade
572 1343 701 1390 atque
723 1333 977 1389 ignominia.
1039 1332 1210 1377 Quibus
1236 1332 1340 1373 011111
1366 1332 1574 1374 iufiactus

124 1388 249 1430 ferox
280 1388 413 1446 Appii
451 1391 633 1441 animus,
665 1405 797 1446 quum
833 1391 1008 1445 insuper
1038 1390 1189 1430 saevire
1227 1389 1366 1440 vellet,
1398 1392 1575 1431 0011010-

125 1460 311 1501 nemque
346 1447 590 1499 advocaiet,
623 1457 886 1489 concmrunt
917 1447 969 1487 ad
1007 1460 1105 1487 eum
1138 1446 1269 1502 legati
1310 1447 1573 1512 tribunique,

123 1516 364 1568 monentes,
393 1518 446 1545 ne
477 1505 625 1560 utique
656 1507 688 1528 ³
705 1505 889 1561 experiri
923 1503 1049 1544 vellet
1079 1504 1322 1558 imperium,
1353 1519 1477 1558 cujus
1509 1505 1572 1545 vis

123 1560 264 1601 omnis
289 1561 332 1602 in
355 1575 565 1603 consensu
589 1563 885 1603 obedientium
917 1570 1041 1602 esset.
1104 1561 1275 1616 Negare
1308 1562 1437 1617 vulgo
1460 1561 1573 1603 mili-

124 1625 205 1668 tes,
226 1631 270 1658 se
293 1618 345 1659 ad
367 1619 622 1660 concionem
645 1620 801 1660 ituros·
792 1653 803 1671 ‚
837 1619 1079 1675 passimque
1106 1618 1301 1658 exaudiii
1326 1632 1451 1659 voces
1475 1634 1576 1674 pos-

123 1674 371 1726 tulantium,
397 1685 444 1717 ut
475 1687 615 1717 castra
644 1691 699 1718 ex
730 1677 887 1718 Volsco
918 1691 1022 1732 agio
1055 1686 1321 1717 moveantur.
1385 1675 1574 1718 Hostem

124 1731 331 1773 victolem
355 1733 499 1789 paullo
520 1744 619 1775 ante
641 1748 773 1799 prope
795 1735 836 1776 in
867 1733 1004 1789 portis
1024 1747 1074 1774 ac
1100 1732 1208 1774 vallo
1231 1732 1387 1785 fuisse;
1420 1734 1574 1789 ingen-

122 1788 265 1844 tisque
299 1790 396 1831 mali
432 1805 515 1832 non
552 1792 840 1847 suspicionem
875 1791 1020 1842 modo,
1051 1790 1131 1831 sed
1157 1800 1348 1845 apertam
1383 1793 1572 1846 speciem

121 1846 340 1888 obversari
363 1857 462 1889 ante
483 1848 645 1890 oculos.
686 1849 835 1890 Victus
858 1849 1046 1898 tandem,
1070 1848 1438 1912 (quandoquidem
1462 1847 1573 1889 nihil

123 1913 279 1959 praeter
310 1914 478 1962 tempus
506 1905 540 1929 ³⁶
558 1921 688 1947 noxae
718 1906 999 1957 lu'crarentui)
1031 1919 1207 1946 remissa
1236 1906 1460 1956 concione,
1491 1905 1572 1946 iter

167 2007 205 2036 31
232 2004 371 2047 Motum]
406 2006 594 2037 Caxehanc
610 2017 726 2038 100010
743 2018 824 2039 cum
867 2017 926 2038 nos
952 2006 1133 2046 quidquam
1151 2006 1286 2043 juvant.
1334 2004 1416 2046 Vide
1441 2015 1482 2034 an
1503 2003 1571 2044 legi

125 2048 254 2078 Clerico
271 2049 440 2088 sollicites,
456 2051 513 2090 qui
536 2051 704 2082 infelicem
723 2051 822 2092 plane
867 2053 971 2091 possit
987 2052 1066 2081 alia.
1086 2073 1092 2079 .
1109 2060 1170 2079 sua
1187 2050 1297 2079 clade:
1321 2054 1359 2079 ut
1376 2057 1493 2080 sensus
1510 2048 1569 2087 Sit,

122 2097 159 2121 et
175 2091 400 2131 inelegantem
415 2096 641 2134 conjecturam
660 2095 822 2133 obtrudit,

124 2118 283 2175 vultqueD
280 2138 394 2175 reponi
408 2142 529 2168 notmn.
574 2139 666 2169 Nihil
690 2139 823 2170 clarius.

124 2178 239 2218 Quum
272 2180 396 2210 milites
433 2191 495 2211 sua
530 2190 662 2224 sponte
685 2193 823 2213 manum

126 2223 219 2271 operi
242 2223 480 2261 admovissent,
496 2225 524 2254 si
547 2225 741 2257 hortaturus
760 2227 825 2266 Ap-

125 2266 201 2306 pius
231 2267 489 2307 supervenisset,
519 2278 634 2299 omues
670 2271 825 2300 consulto

125 2311 261 2349 segnius
279 2320 387 2350 agere.

169 2355 210 2384 32
221 2353 240 2371 *ὅ
249 2353 303 2384 Pv
304 2355 413 2384 aesentz'
427 2356 539 2384 vultus
548 2355 731 2395 demittere]
757 2356 822 2387 Ubi

126 2404 271 2436 praesens
286 2398 414 2439 Appius
430 2403 529 2435 esset,
544 2398 674 2429 vultum
695 2406 728 2429 et
744 2410 823 2431 ocu-

125 2438 174 2470 los
191 2440 358 2480 defigere·
350 2451 385 2472 111
399 2447 537 2480 terram,
555 2451 596 2471 ne
613 2452 691 2472 eum
712 2443 825 2473 intue-

126 2488 255 2514 rentur.

169 2530 209 2558 33
243 2527 331 2558 Tum
353 2537 501 2568 expressa
524 2530 571 2559 tis
598 2529 644 2559 ad
667 2537 824 2567 pugnan—

123 2569 221 2610 dum]
252 2571 342 2602 Tum
367 2572 492 2602 milites
515 2574 622 2602 coacti
638 2573 724 2602 vires
748 2582 824 2601 exe-

127 2622 197 2643 rere
223 2615 266 2646 ad
292 2616 475 2647 arcendum
500 2616 721 2646 munimentis
747 2615 823 2646 hos·

126 2660 208 2687 tem.

170 2702 213 2731 34
233 2701 303 2732 Aizi
324 2702 473 2741 gaudere
497 2714 561 2735 sua
584 2702 691 2743 clade]
725 2702 823 2732 Men-

126 2741 212 2773 dum
233 2754 304 2775 esse
330 2750 487 2786 putamus
513 2749 548 2778 in
572 2758 650 2778 voce
674 2749 744 2784 alii,
769 2746 823 2776 eui

126 2785 211 2816 nihil
226 2791 277 2818 est
291 2790 380 2827 quod
400 2791 612 2831 respondeat,
629 2801 691 2822 1100
714 2789 823 2830 quoad

124 2829 237 2868 verba»
253 2840 314 2863 nec
330 2834 440 2873 quoad
461 2843 610 2866 sensum.
652 2835 725 2866 Nec
747 2832 822 2864 libri

869 2095 1010 2124 militem
1033 2095 1220 2124 Romanum
1244 2093 1316 2133 capi
1340 2097 1472 2122 tautum
1498 2101 1571 2121 cas-

868 2144 922 2168 tra
939 2138 1082 2168 noluisse
1097 2149 1107 2175 3
1133 2145 1296 2173 ceterum,
1314 2136 1402 2175 quod
1420 2136 1571 2166 attinue-

868 2183 911 2212 rit
929 2182 969 2211 ad
986 2181 1147 2220 reliquam
1166 2180 1293 2210 cladem
1311 2190 1404 2209 suam
1424 2183 1458 2208 et
1474 2179 1570 2218 igno-

869 2226 1022 2261 niiniam,
1048 2234 1168 2264 nempe
1191 2224 1306 2263 fugam
1331 2233 1371 2252 ex
1395 2223 1478 2260 acie,
1504 2231 1570 2252 cae-

868 2269 943 2299 dem
962 2268 1196 2308 plurimorum,
1213 2277 1253 2296 ea
1269 2268 1418 2306 gavisum
1434 2266 1550 2296 fuisse.

913 2312 1151 2350 35³*Experirc'
1169 2334 1175 2341 .
1195 2333 1202 2341 .
1222 2334 1228 2340 .
1244 2308 1434 2350 imperium]
1477 2309 1570 2338 Peri-

868 2356 977 2385 clitari
997 2361 1031 2385 et
1055 2361 1199 2392 tentare,
1217 2363 1369 2392 qua’nam
1395 2358 1482 2383 esset
1505 2353 1569 2382 im·

868 2400 950 2439 perii
969 2399 1029 2436 vis,
1046 2404 1209 2438 quantum
1235 2397 1429 2467 imperatori
1447 2396 1480 2426 in
1505 2396 1569 2426 mi-

868 2443 946 2473 lites
964 2442 1092 2472 liceret.

912 2487 953 2516 36
988 2484 1107 2525 Nomia]
1149 2483 1273 2514 Milites
1314 2485 1368 2523 qui
1408 2484 1443 2513 in
1481 2483 1588 2512 noxa'

867 2534 974 2560 erant.
1005 2529 1104 2559 Nox-a
1120 2534 1169 2558 est
1185 2528 1218 2557 id
1235 2537 1333 2557 omne
1351 2527 1437 2566 quod
1456 2531 1568 2564 nocet,

867 2573 935 2603 51νο
959 2572 1070 2611 culpa,
1085 2572 1152 2601 sive
1170 2570 1272 2608 laesio,
1289 2572 1356 2600 sive
1381 2571 1449 2610 ipse
1467 2570 1568 2599 homo

868 2616 924 2655 qui
943 2617 1074 2655 culpam
1094 2615 1274 2651 commisit,
1292 2613 1492 2644 damnumve
1516 2613 1569 2642 iu-

867 2659 959 2689 tulit.
1005 2659 1077 2689 Hoc
1103 2658 1222 2687 ultimo
1246 2667 1344 2687 seusu
1365 2657 1569 2696 intelligitur

867 2712 905 2732 ac
923 2702 1082 2732 definitur
1098 2711 1117 2731 a
1132 2701 1324 2731 Justiniano
1342 2701 1452 2731 Iustit.
1470 2700 1491 2729 l.
1510 2699 1567 2729 1V.

866 2746 920 2776 tit.
939 2749 969 2777 8.
996 2745 1050 2775 Sic
1067 2749 1100 2775 et
1115 2746 1247 2775 servitia
1263 2754 1322 2784 pro
1338 2745 1451 2782 sert-is,
1465 2751 1568 2784 opera·

866 2799 926 2830 pru
941 2789 1083 2828 operarii
1099 2788 1269 2819 dicuntur.

869 2880 946 2921 ΧΩ
