1991 3250
404 132 494 171 370
955 124 1099 166 ΤῙΤΙ
1138 122 1314 166 LIVII

191 241 234 273 U.
251 241 287 271 c.
305 242 378 275 371.
463 226 604 268 XIX.
626 225 684 267 At
708 226 750 267 in
774 235 890 282 parte
924 227 1056 268 altera
1093 237 1260 268 senatus
1291 227 1343 267 de
1363 233 1395 255 ⁸⁴
1409 226 1658 278 secessione,
1679 227 1721 268 in
1758 224 1836 270 do·-

191 286 232 316 A.
249 285 378 339 C··38¹·
408 297 522 324 mum
547 282 770 338 privatam,
795 283 943 338 plebis,
967 284 1074 324 forte
1095 286 1220 325 etiam
1246 285 1286 324 in
1308 297 1402 323 arce
1435 284 1628 338 positam,
1651 289 1737 324 ⁸³et
1769 285 1836 324 in-

194 326 386 400 ῗζὲιῗὲἒξάξε
409 340 584 381 minenti
629 340 737 380 mole
770 340 970 389 libertati,
1002 341 1150 394 agitat.
1212 340 1373 394 Magna
1408 354 1500 394 pars
1535 339 1837 389 vociferantur,

196 412 319 442 Manlio
413 395 585 437 Servilio
607 395 748 437 Ahala
768 410 864 451 opus
882 410 972 445 esse,
993 397 1064 450 qui
1084 411 1161 436 mm
1184 397 1225 436 in
1245 396 1406 436 vim-ala
1425 395 1518 436 daci
1534 395 1718 451 jubendo
1739 396 1838 436 irri-

195 456 305 496 agitat.
411 459 468 494 tec
483 452 691 507 publicum
712 452 873 501 llos-tem,
895 451 961 492 sed
991 453 1107 492 unius
1128 453 1302 507 jactura
1323 453 1424 493 civis
1443 451 1575 506 finiat
1604 452 1839 492 intestinum

412 509 574 550 bellum.
636 509 883 549 Decurritur
905 508 956 547 ad
981 507 1181 548 leuiorem
1206 509 1342 549 verbis
1365 509 1632 558 sententiam,
1656 510 1739 548 vim
1777 517 1840 548 ta·

410 579 508 607 men
530 566 720 606 eamdem
746 564 988 613 habentem,
1004 566 1035 587 ⁸⁶
1054 563 1108 604 Ut
1129 565 1291 604 ‘rideant
1313 566 1593 620 magistratus,
1607 579 1653 604 ne
1674 563 1776 618 quid
1794 577 1841 604 ex

405 622 642 677 perniciosis
671 620 850 661 consiliis
885 619 948 660 M.
973 619 1129 660 Manlii
1165 621 1388 674 respublica
1421 621 1652 661 detrimenti
1688 620 1840 674 capiat.

411 678 521 720 Tum
556 678 710 718 tribuni
734 676 949 717 consulari
985 685 1207 730 potestate,
1232 678 1473 731 tribunique
1506 678 1615 732 plebi
1637 697 1649 710 ι
1679 680 1727 727 (87
1745 690 1842 716 nam

412 746 469 785 et,
491 735 592 789 quia
611 733 807 774 eumdem
829 742 869 772 et
893 747 978 772 suae
1004 734 1236 786 potestatis,
1259 747 1383 788 quem
1407 734 1613 774 libertatis
1634 733 1843 782 omnium,

415 791 541 831 finem
563 791 810 839 cernebant,
834 789 1008 829 Patrum
1036 789 1278 829 auctoritati
1313 804 1355 829 se
1385 790 1652 838 dediderant)
1675 789 1718 829 hi
1751 798 1842 829 tum

414 861 576 897 omnes,
597 846 698 900 quid
730 860 836 901 opus
863 845 975 885 facto
997 845 1065 896 sit,
1088 845 1344 886 consultant.
1403 847 1549 892 Quum
1584 854 1735 901 praeter
1758 846 1843 886 vim

414 913 457 944 et
479 904 640 944 caedem
665 902 770 943 nihil
791 902 990 956 cuiquam
1011 903 1269 952 obcurreret,
1291 916 1383 942 eam
1405 912 1544 943 autem
1574 902 1759 957 ingentis
1781 901 1845 942 di-

415 960 657 1001 micationis
679 960 770 999 fore
791 959 1035 1012 adpareret3
1066 966 1154 998 tum
1179 957 1246 998 M.
1270 958 1456 999 Maenius
1478 969 1521 1000 et
1554 960 1611 1005 Q.
1636 958 1845 999 Publilius

417 1016 573 1068 tribuni
600 1015 748 1071 plebis,
775 1014 889 1059 Quid
909 1013 1088 1054 Patrnm
1107 1021 1144 1054 et
1160 1013 1292 1068 plebis
1312 1021 1511 1056 certamen
1517 1014 1716 1071 jacimus,
1739 1013 1847 1069 qaod

415 1072 598 1114 civitatis
617 1086 695 1112 esse
708 1070 897 1111 adversus
917 1084 1039 1111 unum.
1054 1070 1291 1127 pestiferum
1306 1071 1431 1112 civem
1451 1071 1563 1112 debet
1578 1070 1600 1112 {3
1626 1071 1739 1115 Quid
1758 1082 1846 1111 cum

409 1129 527 1184 plebe
547 1127 809 1184 adgredimur
829 1142 930 1176 eam,
953 1141 1066 1182 quem
1100 1142 1171 1181 per
1192 1127 1320 1181 ipsam
1346 1127 1499 1181 plebem
1519 1128 1644 1168 tutius
1676 1127 1846 1183 adgredi

416 1193 491 1236 est,
514 1192 558 1227 ut
577 1185 657 1225 suis
679 1185 760 1239 ipse
779 1190 964 1224 oneratas
984 1183 1138 1224 viribus
1159 1191 1251 1224 ruat
1267 1183 1289 1224 {l
1320 1183 1441 1225 Diem
1459 1185 1586 1225 dicere
1607 1184 1642 1224 ei
1663 1184 1776 1224 nobis
1805 1183 1848 1224 in

417 1242 551 1284 animo
572 1248 643 1282 est.
667 1240 772 1281 nihil
789 1240 920 1281 minus
937 1239 1130 1294 populare
1147 1255 1266 1295 qaam
1291 1255 1455 1296 regnam
1476 1247 1547 1281 est.
1590 1240 1725 1280 Simul
1745 1239 1848 1286 mul-

419 1299 550 1340 titudo
571 1297 647 1338 illa
676 1311 756 1337 non
783 1311 912 1337 secum
932 1298 1081 1338 certari
1110 1297 1302 1347 viderint,
1322 1304 1357 1337 et
1387 1312 1434 1337 ex
1454 1301 1485 1322 ⁸⁸
1501 1297 1706 1338 advocatis
1726 1296 1850 1351 judi·

419 1354 598 1411 cesfactz‘
619 1361 747 1403 erunt,
769 1360 807 1393 et
826 1359 1076 1394 accusatores
1097 1353 1145 1394 cle
1178 1353 1305 1408 plebe,
1323 1352 1543 1408 patriciam
1577 1367 1683 1393 reum
1721 1353 1848 1393 intue-

422 1413 587 1461 bantur,
610 1417 647 1451 et
665 1409 779 1465 regni
799 1410 948 1451 crimen
969 1409 1012 1450 in
1032 1409 1160 1451 medio
1177 1426 1189 1459 ,-
1220 1410 1322 1450 nulli
1343 1409 1493 1465 magis,
1510 1424 1632 1466 quam
1653 1408 1849 1460 libertati,

408 1468 631 1526 favebunt,
649 1481 741 1507 suoe.

211 1541 403 1573 Manliodies
481 1525 595 1566 XX.
625 1520 976 1579 Adprobantibus
1004 1523 1183 1573 cunctis,
1204 1522 1315 1564 diem
1350 1522 1518 1564 Manlio
1550 1522 1713 1564 dicunt.
1735 1521 1850 1576 quod

210 1587 357 1641 fxit-stura
428 1582 499 1623 ubi
521 1590 584 1622 est
615 1579 792 1629 facturn,
817 1580 952 1634 primo
973 1590 1188 1620 commota
1218 1580 1336 1635 plebs
1358 1590 1435 1630 est,
1455 1580 1602 1634 utique
1624 1587 1851 1634 postquam

219 1629 266 1660 st‘
282 1629 327 1658 ΡΙ·
425 1638 687 1680 sordidatum
712 1650 827 1677 reum
852 1636 1071 1687 viderunt3
1104 1650 1181 1677 nec
1202 1651 1301 1677 cnm
1323 1650 1373 1676 eo
1395 1651 1479 1676 non
1518 1635 1645 1676 modo
1677 1634 1853 1675 Pan-um

425 1707 697 1750 quemqaum,
719 1693 790 1733 sed
814 1706 866 1733 ne
895 1702 1104 1748 cognatos
1135 1693 1306 1747 quidem
1339 1702 1412 1733 aut
1441 1692 1615 1743 adfines,
1637 1700 1853 1746 postremo

427 1766 480 1792 ne
513 1751 661 1792 fratres
694 1749 866 1804 quidem
899 1747 953 1789 A.
974 1759 1017 1789 et
1048 1748 1098 1789 T.
1131 1748 1343 1790 Manlios:
1375 1749 1487 1804 quod
1520 1749 1573 1789 ad
1610 1762 1705 1788 eum
1739 1747 1853 1788 diem

427 1821 661 1862 numquam
706 1821 781 1846 usu
822 1806 1015 1857 venisset,
1057 1815 1104 1846 ut
1145 1807 1187 1846 in
1228 1815 1346 1846 tanto
1396 1805 1638 1846 discrimine
1686 1818 1771 1844 non
1812 1812 1855 1844 et

428 1865 611 1921 proximi
647 1871 803 1903 vestem
837 1871 1062 1903 mutarent.
1120 1862 1206 1917 Ap,
1230 1862 1411 1903 Claudio
1445 1863 1487 1903 in
1511 1856 1682 1902 vincula'
1708 1860 1854 1909 ducto,

430 1922 484 1964 C.
506 1920 730 1962 Claudium
757 1918 977 1959 inimicum
1002 1918 1311 1974 Claudiamque
1331 1933 1500 1960 omnem
1523 1926 1694 1974 gentem
1721 1917 1857 1958 sordi-

429 1979 574 2020 datam
617 1976 758 2016 fuisse.
789 1989 997 2016 consensu
1037 1975 1221 2030 obprimi
1265 1975 1509 2030 popularem
1552 1975 1704 2024 virum,
1735 1973 1854 2029 quod

434 2036 592 2091 primus
615 2048 639 2072 a
663 2032 861 2073 Patribus
882 2032 933 2072 ad
957 2031 1122 2087 plebem
1145 2032 1386 2072 defecisset.
1444 2032 1590 2078 Quum
1615 2031 1704 2071 (lies
1727 2030 1857 2080 venit,

431 2106 544 2146 quae,
588 2099 737 2144 praeter
777 2098 916 2129 coetus
959 2089 1242 2129 multitudinis
1291 2088 1594 2142 seditiosasque
1636 2101 1776 2137 voeeS‚
1815 2088 1859 2127 et

432 2147 705 2203 largitionem
726 2155 770 2185 et
792 2145 918 2185 fallax
944 2145 1160 2196 indicium,
1182 2145 1434 2200 pertinentia
1456 2145 1624 2200 proprie
1653 2142 1709 2184 ad'
1739 2143 1858 2198 regni

434 2205 594 2248 crimen
628 2203 682 2242 ab
715 2202 1031 2242 accusatoribus
1062 2201 1232 2256 objecta
1267 2202 1352 2242 siut
1383 2216 1467 2251 reo,
1498 2201 1610 2258 apud
1648 2201 1859 2241 neminem

435 2268 652 2301 auctorem
696 2258 881 2298 invenio.
924 2273 999 2298 nec
1040 2259 1190 2299 dubito
1232 2258 1343 2298 haud
1387 2273 1515 2313 parva
1555 2257 1697 2308 fuisse,
1728 2270 1860 2311 quum.

436 2314 664 2358 damnandi
698 2329 817 2371 mora
850 2314 961 2370 plebi
996 2329 1080 2355 non
1120 2315 1162 2355 in
1195 2329 1356 2365 caussa,
1390 2314 1462 2356 sed
1500 2315 1539 2355 iu
1576 2314 1687 2366 loco,
1720 2312 1858 2353 fuerit.

1037 2434 1050 2448 ²
1066 2429 1165 2468 plebea·
1179 2428 1269 2460 (λεν.

481 2532 522 2560 84
554 2527 742 2568 secessione]
779 2527 859 2557 Haee
890 2530 940 2556 est
970 2526 1132 2556 invidiosa.
1173 2537 1273 2566 supra
1288 2526 1309 2556 l.
1326 2526 1387 2557 ΙΙΙ.
1405 2538 1432 2557 ο,
1447 2531 1478 2558 4.

437 2576 471 2602 et
488 2580 579 2603 atrox
603 2571 796 2611 appellatio,
813 2579 885 2608 quae
909 2569 1129 2599 desectionem
1217 2573 1255 2604 87
1274 2571 1366 2601 Nam
1375 2574 1403 2600 et
1419 2572 1510 2610 quia]
1526 2568 1608 2600 Delu
1623 2578 1859 2609 supervacuam

439 2621 547 2651 titulat,
562 2621 597 2644 et
622 2620 720 2653 rupta
735 2613 837 2643 debiti
855 2611 980 2650 legibus
1004 2616 1037 2642 et
1061 2623 1130 2642 ina-
1175 2613 1323 2643 voculam
1355 2617 1397 2650 εδ,
1422 2624 1520 2652 quam
1551 2613 1716 2642 omittunt
1747 2613 1813 2642 duo
1843 2624 1859 2641 e

437 2658 630 2698 gistratibus
644 2657 792 2694 obsequii
803 2656 891 2694 jura.
1177 2657 1294 2686 nostris
1310 2656 1475 2686 codicibus
1491 2669 1496 2685 :
1522 2655 1570 2684 vel
1588 2654 1659 2694 lege
1675 2665 1753 2685 nam
1768 2660 1798 2685 ce
1815 2656 1862 2695 ln',

481 2704 522 2732 85
562 2701 610 2731 Ee
638 2701 823 2729 imminenti
854 2700 932 2728 mole
969 2697 1124 2736 liberlmi]
1174 2709 1294 2738 nempe
1311 2698 1434 2728 tribuni
1453 2697 1566 2736 plebis.

438 2745 481 2776 Et
513 2742 672 2784 periculo,
695 2742 782 2781 quod
814 2742 1003 2772 immineret
1032 2741 1128 2772 liber·
1215 2745 1255 2773 83
1277 2741 1460 2781 dat-acam]
1489 2741 1561 2771 vid.
1589 2746 1658 2771 not.
1689 2741 1773 2772 1.αά
1801 2739 1860 2773 Ill.

435 2789 508 2820 tati.
1173 2788 1225 2816 44.

480 2831 521 2864 86
562 2829 607 2861 Ut
635 2829 763 2859 videa-ut
793 2828 1023 2866 magistratus]
1053 2827 1126 2858 vid.
