1991 3250
0 2687 13 2775 ⁵15³?ae
0 2671 2 2680 ἡ
0 2513 11 2646 :sem
0 2488 3 2496 <

355 99 409 132 80
651 88 792 128 TIT}
829 87 1004 127 LIVII
1046 87 1170 126 LIB.
1194 88 1228 126 I.
1265 88 1396 128 CAP.
1428 90 1516 129 LX.

359 193 456 232 vius
478 191 624 241 fiere23
646 190 887 244 eodemque
903 188 991 230 fere
1015 196 1224 244 tempore,
1240 189 1418 230 diversis
1436 190 1676 241 itineribus,
1693 190 1805 232 Bru·

360 259 428 290 tus
480 247 679 297 Ardeam,
721 245 983 301 Tarquinius
1025 245 1227 296 Romam,
1270 256 1497 288 venerunt.
1569 247 1809 303 Tarquinio

144 326 316 366 Expenuu-
362 306 521 348 clausae
543 315 696 361 portae,
714 303 1004 358 exsiliumque
1022 303 1258 344 indictum:
1281 303 1554 345 liberatorem
1573 305 1692 346 urbis
1711 304 1811 346 laeta

143 374 209 401 tur.
361 375 504 405 castra
524 374 758 418 accepere:
789 361 1022 415 exactique
1043 360 1144 401 inde
1164 359 1289 401 liberi
1320 361 1448 416 regis·
1508 359 1610 402 Duo
1645 370 1809 416 patrem

357 420 498 462 secuti
523 427 639 470 sunt,
662 417 736 472 qui
760 416 1006 458 exsulatum
1036 416 1161 457 Caere
1183 416 1228 457 in
1251 416 1459 459 Etruscos
1491 418 1646 458 ierunt.
1704 418 1808 460 Sex.

359 475 635 531 Tarquinius,
653 477 686 498 ÷s
703 473 886 524 Gabios,
903 483 1124 527 tamquam
1147 473 1193 514 in
1214 488 1340 515 suum
1358 488 1555 530 reguum,
1574 473 1808 530 profectus,

361 535 417 575 ab
434 533 644 574 ultoribus
662 541 855 572 veterum
877 529 1159 582 simultatum,
1180 544 1287 586 quas
1307 531 1391 572 sihi
1414 532 1506 587 ipse
1527 531 1720 572 caedibus
1741 546 1808 573 ra-

362 591 563 646 pinisque
582 588 845 637 conciverat,
867 596 932 627 est
954 585 1222 629 interfectus.
1283 587 1332 629 L.
1346 587 1615 644 Tarquinius
1649 588 1809 643 Super-

362 648 444 689 bus
465 645 666 702 regnavit
695 658 830 685 annos
852 643 1043 699 quinque
1067 653 1112 685 et
1141 644 1315 701 viginti.
1375 644 1627 701 Regnatum
1652 645 1807 688 Romae

147 712 327 742 U-C-‘245-
365 705 420 746 ab
443 704 619 745 condita
650 701 756 742 urbe
786 700 840 741 ad
869 701 1094 742 liberatam
1117 715 1253 742 annos
1279 701 1487 744 ducentos
1517 702 1807 759 quadraginta

147 757 240 830 ἰξυῖ
257 758 329 829 5⁰03·
365 770 564 816 quatuor.
625 757 727 800 Duo
749 757 946 799 consules
967 757 1068 799 inde
1089 758 1279 799 comitiis
1301 760 1555 801 centuriatis
1576 774 1602 800 a
1623 759 1806 816 praefecss-

174 808 243 830 ”¹¹¹¹
311 808 350 828 ⁵⁵'
367 829 412 858 to
442 818 560 859 urbis
591 821 623 845 ⁴⁹
636 830 692 857 ex
722 815 1044 856 commentariis
1075 814 1168 855 Ser.
1190 813 1319 856 Tuliii
1350 817 1483 859 creati
1508 824 1627 868 sunt,
1651 816 1701 859 L.
1721 815 1804 859 Ju-
1843 842 1849 849 u

363 875 461 917 nius
486 875 646 917 Brutus
665 881 710 914 et
731 872 782 913 L.
800 871 1061 929 Tarquinius
1086 871 1343 914 Collatinus.

407 993 448 1021 48
480 989 607 1026 Gabios,
631 993 791 1028 tanquam
812 989 848 1018 in
869 997 969 1018 suum
990 997 1067 1026 reg·
1111 986 1175 1017 isse
1191 986 1358 1026 deponere
1373 985 1565 1026 imperium.
1608 985 1727 1018 Potuit
1745 987 1809 1018 ita-

338 1070 343 1073 ·
365 1034 463 1072 unm]
488 1033 532 1063 Et
547 1043 622 1062 vero
645 1041 759 1071 regem
783 1041 861 1062 eum
885 1031 1066 1060 Gabini-um
1111 1039 1176 1069 que
1203 1029 1462 1061 commentarios
1485 1030 1663 1068 conficere,
1678 1031 1715 1060 in
1737 1031 1811 1070 qui-

366 1077 576 1107 constituisse
596 1080 690 1116 pater
705 1074 829 1106 dicitur
846 1084 866 1105 a
888 1074 1027 1114 Dionys.
1043 1073 1066 1104 1.
1112 1074 1173 1104 bus
1189 1083 1262 1104 eam
1281 1073 1435 1113 regendae
1450 1073 1643 1113 reipublicae
1664 1073 1809 1104 formam

366 1121 424 1152 IV.
1109 1116 1325 1154 describeret,
1342 1127 1443 1156 quam
1464 1116 1568 1147 libera
1589 1117 1670 1148 olim
1693 1117 1810 1148 civitas

410 1168 451 1197 49
485 1163 544 1194 Et
568 1163 810 1194 commentariis
838 1160 910 1192 Ser.
944 1159 1062 1199 Tullii]
1109 1160 1264 1191 Romana
1279 1162 1484 1191 constituere
1506 1160 1655 1191 deberet.
1697 1160 1809 1200 Atque

365 1207 519 1237 Vidimus
542 1217 643 1248 supra
658 1217 686 1237 c.
702 1209 755 1238 48.
771 1211 806 1236 et
828 1205 968 1244 Dionys.
986 1213 1067 1243 quo-
1110 1203 1173 1234 hoe
1196 1203 1295 1234 modo
1318 1203 1540 1244 intelligenda
1560 1203 1717 1236 videntur
1736 1203 1810 1236 hoee

369 1261 432 1292 que
449 1255 593 1282 testatur
608 1251 760 1282 Servium
775 1249 810 1281 in
834 1249 946 1280 animo
962 1248 1066 1279 habu·
1110 1247 1198 1279 Livii
1213 1247 1323 1279 verba.
