1925 3239
291 113 368 151 576
845 110 1197 151 '1'1T1L1vtt

102 180 113 194 ὃ

81 225 123 256 U.
140 224 176 255 c,
192 224 268 256 456.
296 207 517 263 urguendo
536 207 747 259 cedentes,
765 209 1109 267 insequendoque
1122 211 1279 253 effusos
1299 211 1544 268 compulere
1567 210 1618 252 ad
1639 224 1733 252 eas·

85 268 122 298 Α.
140 268 177 298 C.
194 268 270 302 296.
297 273 374 305 tra.
443 265 524 316 lbi,
567 266 805 307 interventu
859 268 987 309 Gellii
1039 269 1368 324 cohortiumque
1406 270 1439 296 ⁷⁶
1454 267 1733 318 Sabellarum,

299 320 525 376 paullisper
547 323 762 363 recruduit
786 339 941 379 pugna.
959 327 1010 366 iis
1035 340 1206 381 quoque
1227 340 1328 366 mox
1354 325 1472 376 fusis,
1486 325 1578 379 jam
1601 339 1627 365 a
1645 325 1731 376 vic-

298 378 462 418 toribus
494 389 631 419 castra
664 380 1052 435 obpugnabantur:
1095 395 1152 432 et,
1185 380 1606 436 quum,Volumnius
1640 379 1732 435 ipse

297 445 432 487 portae
468 434 590 490 signa
623 435 823 487 inferret3
854 437 1036 492 Appius,
1063 438 1284 479 Bellonam
1307 438 1525 478 victricem
1561 437 1732 478 idemti-

296 491 391 530 dem
434 491 666 542 celebrans,
708 494 958 534 accenderet
1000 496 1179 536 militum
1223 497 1404 542 animos,
1420 500 1426 505 ‘
1443 508 1515 549 per
1557 492 1733 542 vallum,

296 560 372 601 per
413 547 545 588 fossas
585 549 850 603 inruperunt.
912 550 1060 591 Castra
1110 561 1237 607 capta
1290 552 1568 606 direptaque:
1623 563 1731 605 prae-

297 604 349 643 da
392 605 540 659 ingens
586 616 704 659 parta
746 616 787 645 et
840 607 962 647 militi
1013 622 1216 649 concessa
1265 619 1344 648 est.
1386 617 1547 662 septem
1599 606 1733 647 millia

297 675 346 700 ac
380 661 554 701 trecenti
599 661 785 702 hostium
819 664 966 714 occisi,
996 665 1081 705 duo
1123 665 1257 706 millia
1286 675 1329 704 et
1369 675 1541 706 centum
1573 662 1730 719 viginti

296 729 426 771 capti.

353 773 466 814 XX.
511 773 626 814 Dum
669 775 796 815 ambo
837 775 1030 817 consules
1071 776 1295 832 omnisque
1346 776 1543 818 Romana
1582 775 1647 816 vis
1684 775 1730 816 in

297 828 522 871 Etruscum
549 830 702 871 bellum
727 833 863 886 magis
886 833 1075 882 inclinat,
1098 835 1139 874 in
1166 834 1340 874 Samnio
1373 835 1471 874 novi
1502 832 1733 882 exercitus,

296 887 433 926 exorti
457 889 507 927 ad
533 887 854 942 depopulandos
876 890 1041 944 imperii
1069 890 1250 931 Romani
1275 891 1393 940 fines,
1414 905 1489 945 per
1523 888 1731 929 Vescinos

297 943 338 983 in
364 943 644 998 Campaniam
670 944 974 1000 Falernumque
995 962 1140 1003 agrum
1175 949 1492 997 transcendunt,
1515 947 1732 1001 ingentes-

83 1006 265 1055 volumnius
296 1014 378 1056 que
400 1001 563 1056 praedas
586 1001 764 1042 faciunt.
798 1002 1091 1053 Volumnium,
1112 1005 1278 1058 magnis
1299 1004 1521 1044 itineribus
1543 1003 1585 1043 in
1608 1002 1731 1043 Sam·

81 1051 282 1122 indsjztmmum
295 1058 412 1098 nium
436 1058 695 1107 redeuntem,
715 1059 821 1112 (jam
844 1060 955 1100 enini
982 1060 1116 1101 Fabio
1152 1060 1369 1115 Decioque
1400 1058 1616 1116 prorogati
1648 1059 1728 1098 im-

77 1103 111 1122 T‘
135 1104 142 1122 ¹
162 1114 170 1123 '
295 1114 399 1169 perii
424 1114 517 1154 finis
539 1115 702 1164 aderat)
724 1116 837 1155 fama
857 1117 908 1156 de
933 1116 1188 1157 Samnitium
1218 1118 1408 1158 exercitu
1443 1114 1729 1172 populationi-

295 1171 458 1224 busque
481 1170 688 1227 Campani
724 1173 813 1227 agri
836 1173 888 1213 ad
922 1174 1100 1214 tuendos
1133 1174 1270 1215 socios
1303 1173 1531 1214 convertit.
1591 1171 1651 1213 Ut
1682 1171 1752 1222 in·

295 1226 499 1268 Calenum
524 1242 671 1283 agrum
698 1229 826 1277 venit,
843 1240 884 1269 et
904 1229 995 1284 ipse
1014 1231 1150 1271 cernit
1172 1231 1357 1271 recentia
1378 1229 1510 1270 cladis
1532 1227 1730 1282 vestigia,

293 1293 336 1324 et
360 1283 505 1324 Caleni
528 1295 713 1336 narrant,
737 1295 900 1327 tantum
927 1287 1018 1341 jam
1043 1287 1198 1342 praedae
1221 1287 1363 1328 hostes
1386 1287 1565 1337 trabere,
1591 1295 1635 1326 ut
1653 1284 1726 1325 vix

293 1340 508 1395 explicare
523 1356 676 1396 agmen
697 1342 913 1397 possintvz
938 1344 1187 1398 itaquejam
1212 1343 1425 1400 propalam
1444 1343 1572 1384 duces
1594 1340 1729 1396 loqui,

293 1397 510 1452 externplo
533 1399 716 1439 eundum
751 1399 791 1440 in
817 1399 1037 1441 Samnium
1069 1415 1186 1452 esse;
1218 1411 1278 1452 ut,
1307 1400 1454 1442 relicta
1484 1400 1545 1441 ibi
1569 1397 1728 1455 praeda,

294 1455 334 1494 in
357 1455 676 1509 expeditionem
699 1456 886 1507 redeant,
909 1471 985 1498 nec
1009 1468 1092 1498 tam
1115 1469 1337 1498 oneratum
1365 1471 1518 1512 agmen
1549 1456 1728 1498 dimica·

295 1511 400 1551 tioni
424 1512 711 1552 committant.
746 1512 1092 1568 Ea,quamquam
1117 1514 1272 1555 similia
1285 1514 1392 1554 veris
1411 1522 1546 1564 erant,
1566 1512 1724 1554 certius

295 1578 435 1608 tamen
458 1568 720 1622 exploranda
741 1580 871 1621 ratus,
895 1571 1076 1612 dimittit
1096 1572 1277 1626 equites,
1299 1570 1372 1625 qui
1398 1584 1528 1626 vagos
1562 1568 1725 1625 praeda-

294 1633 406 1666 tores
437 1625 479 1665 in
511 1639 639 1680 agros
670 1625 860 1681 palantes
901 1627 1145 1682 excipiant:
1188 1642 1241 1669 ex
1273 1628 1429 1683 quibus
1472 1624 1726 1681 inquirendo

293 1682 532 1737 cognoscit,
555 1682 603 1722 ad
631 1682 884 1724 Vulturnum
910 1684 1067 1724 flumen
1090 1684 1234 1725 sedere
1252 1685 1448 1735 hostem3
1479 1683 1577 1724 inde
1600 1681 1726 1723 tertia

83 1769 130 1797 Ob
154 1768 238 1797 rimit
295 1738 442 1794 vigilia
462 1748 698 1780 moturum:
722 1739 801 1780 iter
823 1741 864 1780 in
890 1740 1109 1781 Samnium
1131 1755 1234 1782 esse.
1268 1741 1350 1782 His
1374 1741 1474 1782 satis
1494 1738 1727 1794 exploratis

81 1779 232 1841 smiinites
294 1794 525 1849 profectuS,
548 1806 666 1836 tanto
699 1796 919 1838 intervallo
941 1798 995 1838 ab
1017 1797 1212 1839 hostibus
1233 1798 1439 1847 consedit,
1463 1806 1508 1837 ut
1539 1793 1618 1837 nec
1649 1795 1725 1836 ad-

83 1857 267 1905 praedato-res
296 1862 444 1892 ventus
468 1867 566 1892 suus
592 1853 909 1908 propinquitate
932 1854 1062 1894 nimia
1097 1855 1212 1895 nosci
1251 1864 1406 1910 posset,
1427 1865 1469 1894 et
1501 1852 1724 1909 egredien-

83 1901 265 1936 “ampamae'
297 1918 378 1948 tem
402 1923 425 1949 e
446 1909 594 1949 castris
620 1909 784 1950 hostem
809 1911 1083 1965 obprimeret.
1135 1909 1370 1966 Aliquanto
1391 1920 1490 1951 ante
1510 1909 1648 1950 lucem
1670 1909 1723 1949 ad

293 1975 431 2005 castra
460 1966 667 2017 accessit3
699 1981 938 2021 gnarosque
969 1967 1094 2008 Oscae
1125 1967 1300 2023 linguae,
1321 1967 1588 2022 exploratum
1619 1964 1724 2020 quid

293 2032 458 2076 agatur,
491 2023 637 2063 mittit.
698 2023 942 2064 Intermixti
985 2023 1178 2064 hostibus
1219 2025 1353 2079 (quod
1395 2024 1518 2064 facilc
1548 2033 1638 2073 erat
1679 2022 1722 2063 in
1757 2025 1761 2028 ’

292 2089 501 2119 nocturna
552 2079 854 2134 trepidatione)
897 2090 1181 2135 cognoscunt,
1220 2081 1504 2136 infrequentia
1550 2080 1723 2121 armatis

294 2136 416 2190 signa
447 2149 628 2190 egressa,
653 2137 838 2192 praedam
876 2137 1117 2192 praedaeque
1147 2138 1344 2179 custodes
1379 2138 1510 2187 exire,
1532 2134 1724 2192 ignobile

294 2206 464 2246 agmen,
486 2200 529 2232 et
550 2206 624 2233 sua
644 2207 856 2247 quemque
875 2193 1137 2243 molientem,
1157 2197 1189 2220 ⁷⁷
1204 2194 1318 2234 nullo
1350 2193 1460 2234 inter
1481 2194 1585 2234 alios
1615 2207 1722 2237 con-

293 2262 432 2298 sensu,
455 2262 530 2291 nec
552 2250 652 2289 satis
676 2258 793 2290 certo
817 2250 1010 2305 imperio.
1068 2249 1254 2304 Tempus
1282 2250 1554 2306 adgrediendi
1587 2250 1723 2305 aptis-

294 2305 446 2344 simum
475 2305 606 2346 visum
630 2311 719 2347 est':
739 2306 890 2361 etjam
916 2307 987 2347 lux
1011 2306 1254 2362 adpetebat.
1277 2307 1419 2362 itaque
1442 2307 1566 2363 signa
1596 2319 1723 2347 cane·

294 2361 510 2415 rejussit3
541 2376 779 2417 agmenque
804 2363 987 2403 hostium
1012 2364 1271 2418 adgreditur.
1319 2364 1546 2413 Samnites,
1578 2363 1722 2418 praeda

295 2418 486 2472 inpediti,
515 2419 800 2473 infrequentes
833 2420 997 2470 armati,
1024 2435 1117 2475 pars
1150 2421 1303 2461 addere
1335 2421 1528 2476 gradum,
1549 2434 1598 2460 ac
1631 2433 1719 2474 prae

293 2489 336 2514 se
355 2488 478 2528 agere
504 2475 703 2529 praedam,
729 2490 820 2530 pars
844 2485 968 2526 stare,
990 2476 1137 2517 incerti
1163 2485 1300 2518 utrum
1334 2477 1547 2533 progredi,
1569 2490 1622 2516 an
1655 2489 1719 2516 re-

294 2531 413 2586 gredi
440 2530 479 2571 in
503 2541 640 2572 castra
672 2534 802 2572 tutius
833 2533 958 2583 foret,
981 2533 1091 2574 inter
1120 2534 1436 2575 cunctationem
1467 2533 1719 2590 obprimun-

724 2652 740 2672 Ρ
760 2647 912 2686 explicari
925 2658 953 2676 a.
966 2649 1063 2687 possit
1077 2649 1173 2679 Gron.
1190 2650 1281 2679 Crev.

329 2735 345 2765 7
351 2731 370 2762 6
383 2731 401 2749 '⁶
416 2730 636 2772 Summarum]
656 2734 925 2764 Samniticarum.
1029 2738 1098 2766 ant.
1135 2737 1335 2778 Optat-emus
1350 2739 1434 2769 inter
1447 2747 1491 2777 se,
1506 2737 1558 2769 vel
1572 2740 1658 2770 inter
1672 2739 1721 2779 ip-

251 2800 265 2814 „
313 2777 366 2808 ²27
397 2775 497 2804 Num»
511 2778 596 2805 iulet·
618 2777 695 2806 alins
715 2777 880 2817 consensu]
906 2779 981 2808 Non
1024 2790 1079 2809 sm.

288 2818 433 2848 ridemus
458 2819 620 2856 quom-„10
646 2819 714 2849 tna-c
739 2821 878 2859 intelligi
903 2831 982 2858 (μη-’-
