1991 3250
395 138 470 172 160
901 134 1045 173 T1T1
1084 133 1266 173 L1v11

177 232 217 263 U
233 234 267 262 C
283 238 355 264 291·
392 231 477 272 nici
494 232 729 283 nunciant,
762 232 808 274 in
841 247 945 289 agro
979 249 1054 275 suo
1086 233 1252 289 AEquos
1271 231 1547 298 Volscosque
1577 233 1819 289 conjunctis

175 275 214 305 Α.
233 278 266 306 C.
282 280 355 307 461.

177 319 317 356 AEquiet

391 289 526 344 copiis
548 298 686 330 castra
706 267 912 345 posuisse.
937 290 1034 331 inde
1054 291 1247 332 exercitu
1269 290 1463 346 ingenti¹¹
1493 289 1598 331 fines
1627 306 1724 332 suos
1746 292 1820 332 de·

177 362 275 390 v0150,
292 373 368 401 1²¹ae
390 346 598 402 populari.
662 346 949 402 Piaeterquam
991 349 1105 402 quod
1149 347 1394 401 infrequens
1444 354 1611 387 senatus
1657 348 1818 389 indicio

176 405 301 436 dantur.

389 411 478 442 erat
517 403 659 454 sociis,
696 403 910 444 adflictam
948 404 1050 445 civit
1055 415 1164 444 atem
1206 403 1442 459 pestilentia
1475 417 1579 453 esse,
1614 413 1816 446 moestum

388 460 514 499 eti-un
551 474 796 515 responsum
832 459 983 502 tuler:e
1017 467 1059 502 ut
1087 475 1161 515 per
1190 475 1229 501 se
1249 462 1323 515 ipsa
1352 460 1527 501 Hernici
1545 474 1634 501 cum
1655 459 1819 502 Latinis

387 530 449 556 res
468 531 557 556 suas
579 522 821 557 tutarentur.
885 514 1029 557 Urbem
1053 515 1282 558 Romanam
1300 517 1433 558 subita
1469 515 1604 558 Dezim
1624 519 1689 558 ira
1710 532 1819 558 mor-

389 571 438 613 bo
449 571 658 627 populari.
691 572 739 614 8¹2·
757 587 836 629 qua
854 574 936 628 ejus
950 573 1049 614 mali
1061 574 1170 629 quies
1186 574 1335 624 veniat,
1355 578 1398 630 ul
1415 589 1520 614 anno
1536 581 1641 623 ante,
1659 581 1703 615 ut
1720 588 1819 615 sem-

381 643 456 683 per
475 629 593 679 alias,
610 629 724 670 sociis
744 644 855 684 opem
876 629 1041 671 laturos.
1085 629 1330 671 Discesse1e
1349 631 1468 681 socii,
1486 645 1562 685 pro
1583 631 1690 671 tristi
1709 645 1819 672 nun-

387 685 455 726 cio
480 686 707 727 tristiorem
728 686 902 727 domum
923 685 1173 727 nNJefenentes·
1164 687 1352 742 ,quippe
1371 689 1524 742 quibus
1541 702 1617 742 per
1636 702 1678 728 se
1695 688 1819 729 susti-

386 743 572 783 nendum
597 743 752 784 bellum
776 751 879 791 erat,
895 743 1011 797 quod
1029 743 1101 783 vix
1121 743 1327 784 Romanis
1345 745 1439 785 fulti
1460 745 1616 786 viribus
1634 745 1818 786 sustinu-

386 798 530 839 issent.
565 800 663 840 Non
683 800 841 840 diutius
859 812 902 839 se
922 800 963 839 in
987 798 1178 845 Hernico
1199 800 1333 845 hostis
1352 801 1579 842 continuit.
1594 803 1735 858 peigit
1754 802 1818 842 in-

385 856 437 896 de
460 855 668 896 infestus
660 871 702 896 m
725 871 850 912 agros
876 855 1111 907 Romanos,
1129 857 1254 897 etiam
1275 857 1364 898 sine
1387 858 1514 898 belli
1506 859 1660 913 injuria
1683 868 1817 899 vasta-

386 920 467 953 tos.
500 913 585 954 Ubi
609 928 738 968 quum
761 913 911 954 obvius
937 928 1077 964 nemo,
1099 928 1150 954 ne
1173 915 1344 954 inermis
1367 915 1553 978 quidem,
1574 916 1706 965 fieret,
1725 931 1817 971 per-

383 984 465 1024 que
487 970 642 1021 omnizu
665 985 748 1011 non
774 970 983 1025 praesidiis
1006 970 1134 1011 modo
1156 970 1338 1022 deserta,
1358 973 1428 1012 sed
1462 972 1532 1012 eti
1524 987 1590 1012 un
1625 972 1738 1013 cultu
1771 988 1815 1013 a·

384 1028 530 1080 gresti‚
552 1003 799 1067 transirent·
791 1041 1053 1082 ‚pertenere
1074 1028 1124 1068 ad
1147 1028 1316 1069 tertium
1338 1028 1518 1084 lapidem
1543 1029 1714 1069 Gabina
1737 1030 1815 1070 via

386 1082 586 1124 Mortuus
602 1084 800 1125 AEbutius
813 1093 901 1125 erat
915 1083 1039 1125 Rom·
1032 1099 1135 1125 ·mus
1145 1085 1312 1125 consul.
1327 1085 1492 1141 collega
1504 1086 1594 1140 ejus
1609 1085 1684 1126 Ser
1690 1086 1811 1126 vilius

383 1140 543 1196 exigua
565 1141 605 1181 in
630 1154 704 1204 spe
725 1141 917 1182 trahebat
938 1141 1139 1183 animam.
1159 1141 1317 1183 adfecti
1346 1119 1538 1197 plerique
1561 1142 1814 1197 principum,

387 1196 563 1238 Panum
585 1199 723 1253 major
744 1212 855 1252 pars,
879 1198 1070 1239 militaris
1093 1197 1180 1239 fere
1212 1207 1314 1240 aetas
1344 1213 1506 1240 omnis:
1539 1210 1584 1239 ut
1609 1213 1694 1239 non
1725 1214 1817 1240 mo-

384 1254 440 1294 do
462 1254 513 1296 ad
537 1254 848 1309 expeditioneS,
870 1269 974 1310 quas
996 1256 1036 1295 in
1062 1264 1181 1296 tanto
1204 1255 1386 1297 tumultu
1417 1263 1481 1296 res
1505 1256 1720 1309 poscebam
1742 1256 1815 1297 sed

386 1311 459 1352 vix
481 1311 534 1352 ad
557 1312 719 1367 quietas
742 1312 945 1352 stationes
968 1312 1126 1353 viribus
1153 1313 1424 1354 subficerent.
1486 1312 1649 1353 Munus
1675 1313 1814 1368 vigili·

384 1381 504 1409 arum
538 1379 768 1419 senatores,
790 1369 861 1424 qui
893 1383 965 1424 per
997 1378 1168 1411 aetatem
1200 1384 1250 1410 ac
1284 1369 1571 1410 valetudinem
1600 1375 1814 1424 poterant,

385 1439 462 1480 per
495 1440 537 1466 se
570 1426 649 1482 ipsi
685 1426 891 1468 obibant:
921 1428 953 1449 ²⁴
967 1426 1164 1467 circuitio
1197 1441 1247 1467 ac
1279 1441 1382 1467 cura
1410 1426 1641 1467 ⁹⁵aedilium
1681 1426 1813 1481 plebei

385 1491 490 1523 erat.
523 1483 576 1524 ad
608 1498 681 1525 eos
715 1497 882 1524 summa
914 1497 1054 1525 rerum
1087 1498 1137 1524 ac
1165 1482 1361 1539 majestas
1390 1483 1623 1531 consularis
1646 1482 1814 1538 imperii

389 1547 577 1581 venerat.

444 1595 548 1637 VII.
582 1595 764 1638 Deserta
784 1596 940 1648 omnia,
963 1596 1053 1638 sine
1075 1597 1233 1652 capite,
1254 1597 1345 1638 sine
1374 1596 1546 1647 viribus,
1571 1596 1644 1638 Dii
1667 1595 1815 1652 praesi-

390 1652 463 1694 des
481 1668 531 1695 ac
550 1653 719 1694 fortuna
739 1655 853 1696 urbis
873 1662 1011 1695 tutata
1032 1663 1110 1705 cst,
1131 1669 1228 1709 quae
1245 1654 1409 1695 Volscis
1429 1654 1682 1709 AEquisque,
1703 1668 1814 1708 prae-

385 1709 544 1751 donum
578 1711 720 1766 potius
751 1720 953 1761 mentem,
975 1725 1101 1766 quam
1132 1710 1334 1762 hostium,
1355 1711 1486 1752 dedit.
1518 1711 1569 1734 2⁶·
1563 1711 1668 1751 ·1deo
1699 1711 1814 1751 enim

385 1767 504 1808 nulla
524 1782 616 1823 spes
640 1782 727 1809 non
750 1768 946 1833 potiundi
969 1768 1114 1820 modo,
1135 1768 1208 1809 sed
1238 1783 1291 1809 ne
1312 1767 1496 1808 adeundi
1526 1767 1699 1831 quidem
1722 1766 1814 1807 Ro-

385 1838 510 1865 mana
530 1825 708 1876 moenia,
731 1825 897 1867 animos
917 1839 1064 1867 eorum
1091 1827 1221 1881 cepit,
1243 1831 1441 1880 tectaque
1472 1823 1620 1880 procul
1641 1824 1730 1865 visa
1750 1832 1815 1864 at-

384 1896 468 1936 que
502 1881 757 1923 inminentes
789 1882 940 1924 tumuli
973 1891 1160 1924 avertere
1195 1892 1358 1924 mentes
1396 1895 1568 1933 eorum;
1616 1889 1675 1931 ut,
1711 1881 1811 1922 totis

384 1939 542 1994 passim
575 1940 722 1981 castris
749 1942 781 1966 ⁹⁷
797 1939 969 1981 fremitu
998 1948 1151 1996 crito,
1128 1938 1227 1980 (uid
1254 1940 1300 1981 in
1326 1946 1437 1981 vasto
1469 1953 1515 1980 ac
1536 1913 1685 1979 d⁷eserto
1713 1952 1812 1994 agro

383 1996 489 2037 inter
508 1995 638 2037 tabem
650 2011 842 2052 pecorum
863 1957 1151 2053 hominumque
1161 1996 1309 2038 desides
1328 1996 1411 2038 sine
1427 1994 1564 2059 praeda
1584 2002 1736 2050 tempus
1736 1974 1814 2036 Ote-

384 2060 531 2106 Terent,
554 2068 674 2109 quum
696 2053 819 2118 integ
821 2068 856 2095 τι
877 2053 979 2105 loca,
1003 2052 1042 2095 T
1040 2055 1274 2096 asculanum
1301 2068 1459 2110 agrum,
1479 2067 1654 2108 opzmum
1675 2051 1814 2116 copiis,

375 2115 510 2164 petere
539 2118 717 2163 possent.
707 2110 729 2141 ‘l
771 2126 894 2167 Signa
929 2119 1104 2167 repente
1139 2088 1441 2161 convellerent,
1477 2109 1812 2164 transversisque

382 2166 606 2208 itineribus
629 2182 704 2223 per
736 2146 974 2210 Lavieanos
997 2182 1120 2224 agios
1142 2168 1187 2210 in
1217 2167 1478 2209 Tusculanos
1509 2166 1638 2208 colles
1661 2166 1818 2207 transi-

381 2232 491 2264 rent.
523 2239 573 2265 eo
605 2239 667 2265 V1s
690 2225 828 2266 omnis
852 2202 1167 2281 tempestasque
1188 2224 1288 2266 belli
1319 2238 1521 2266 conversa
1551 2232 1630 2265 est.
1691 2222 1810 2264 Inte-

381 2280 462 2325 rim
486 2280 663 2323 Hernici
674 2282 932 2346 Latinique,
953 2282 1116 2338 pudore
1136 2282 1279 2333 etiam,
1300 2296 1387 2323 non
1422 2281 1712 2322 misericordia
1744 2294 1812 2320 so-

381 2336 485 2389 lum,
506 2338 629 2390 moti,
651 2338 685 2379 si
704 2353 784 2380 nec
804 2339 1069 2382 obstitissent
1090 2339 1389 2380 communibus
1418 2338 1630 2386 hostibus,
1652 2336 1809 2377 infesto

380 2395 554 2451 agmine
574 2395 701 2438 Rom
694 2411 818 2438 inam
840 2397 987 2438 urbem
1019 2396 1281 2452 petentibus,
1303 2410 1382 2437 nec
1413 2410 1540 2452 opem
1570 2394 1699 2435 ullam
1732 2393 1811 2434 ob-

843 2497 858 2512 ¹¹
874 2492 995 2531 ingenti
1008 2492 1144 2522 evercitu
1156 2490 1254 2522 Gron.
1269 2492 1360 2523 Crev.

425 2569 496 2598 94*
512 2563 666 2600 Cir-ciritio
688 2577 728 2600 αι·
750 2568 849 2610 cura]
876 2569 1075 2599 Circuibant
1118 2568 1196 2599 urbs
1213 2573 1336 2599 natura.
1349 2568 1410 2599 loci
1429 2571 1463 2598 et
1484 2566 1600 2598 validis
1621 2567 1812 2597 munimen-

381 2610 509 2649 vigilias
532 2618 567 2642 ct
590 2623 643 2642 ens
668 2618 758 2643 reete
782 2613 950 2643 obeundas
980 2622 1076 2642 cura·
1119 2613 1162 2642 tis
1178 2612 1326 2650 defensa,
1339 2611 1435 2642 facile
1453 2611 1518 2641 vim
1532 2610 1679 2640 hostium
1692 2611 1812 2640 arcuit.

381 2654 463 2684 bant
480 2655 590 2685 sedites
606 2656 723 2695 plebei.
1162 2657 1202 2690 27
1228 2655 1376 2686 Fremitu
1391 2658 1469 2691 orto,
1481 2653 1574 2694 quid]
1595 2653 1742 2684 Fremitu
1758 2663 1811 2684 or-

424 2699 465 2728 25
488 2698 657 2729 AEdilium
678 2699 793 2740 plebei]
828 2700 898 2730 Hoc
926 2699 1073 2739 primum
1118 2703 1155 2729 to
1185 2699 1405 2738 rogitantium
1435 2699 1522 2728 inter
1549 2707 1598 2735 se,
1626 2697 1705 2737 quid
1723 2705 1798 2727 ..’..

379 2739 452 2770 loco
483 2740 595 2772 Livius
627 2742 738 2772 {milles
776 2743 882 2783 plebei
913 2743 1071 2784 appellnt.
1117 2743 1189 2773 Hoc
1220 2751 1286 2771 non
1311 2751 1534 2779 moneremus,
1552 2740 1615 2770 nisi
1640 2739 1724 2770 Tan.
1751 2740 1811 2770 Fa-

378 2783 453 2814 vid.
470 2790 538 2814 not.
556 2788 607 2815 80.
625 2785 664 2815 ad
682 2797 711 2816 c
725 2789 777 2816 33.
796 2787 817 2816 l.
835 2785 877 2815 ΙΙ.
1116 2786 1175 2815 bei·
1197 2784 1365 2815 videretur
1386 2785 1496 2815 locum
1511 2784 1602 2814 hunc
1625 2793 1743 2823 parum
1759 2784 1810 2814 in·

423 2828 465 2858 96
489 2828 574 2858 Adeo
595 2829 695 2869 enim]
720 2829 829 2859 Volsci
854 2829 993 2860 Romam
1014 2839 1072 2871 op-
1116 2828 1296 2867 tellexissc,
1313 2828 1393 2858 dum
1410 2827 1482 2859 vult
1499 2827 1644 2859 recidere
1661 2826 1695 2857 τὶ
1709 2826 1796 2867 quid„

378 2880 582 2911 pugnavere,
616 2873 640 2901 si
681 2873 840 2911 ,Dionysio
870 2872 961 2902 fides.
1009 2872 1071 2901 sed
