1914 3239
519 378 1257 456 MONITUM.

164 644 549 711 BREVITER
574 660 851 709 monendus
876 675 945 717 es,
962 658 1119 708 amice
1141 659 1318 717 lector,
1333 673 1423 707 nos
1440 657 1498 705 in
1515 656 1611 704 hac

166 747 227 795 T.
254 746 384 795 Livii
422 747 754 795 Historiarum
780 746 999 794 editione
1025 754 1318 795 contextum
1343 748 1405 795 ad
1442 760 1611 794 recen-

165 835 315 883 sionis
350 834 841 883 Drakenborchianae
870 834 1037 891 fidem,
1062 851 1209 898 quam
1239 836 1511 900 potuimus,
1536 848 1612 881 ac-

169 922 473 970 curatissime
509 921 856 985 descripsisse:
899 920 951 967 in
988 922 1392 970 annotationibus
1427 929 1612 977 autem,

167 1023 277 1071 quae
308 1023 371 1055 ex
400 1006 584 1070 majore
610 1006 848 1055 Crevierii
872 1023 1021 1071 opere
1057 1007 1265 1071 integrae
1297 1006 1613 1062 exhibentur,

166 1093 467 1156 digerendis,
491 1092 588 1140 hoc
626 1092 797 1142 sedulo
829 1093 1092 1151 curavisse,
1116 1102 1173 1141 ut
1202 1095 1350 1141 Notoe
1375 1092 1614 1142 Posterio-

166 1195 246 1227 res
268 1181 334 1226 ad
367 1181 729 1227 emendationem
762 1187 1002 1227 contextus
1030 1181 1341 1242 pertinentes,
1366 1197 1486 1245 quas
1524 1179 1615 1227 sin-

165 1265 395 1330 gulorum
418 1265 726 1313 voluminum
765 1266 888 1314 calci
927 1266 1137 1330 subjecit
1160 1268 1252 1314 Vir
1287 1268 1615 1325 Clarissimus,

167 1370 301 1401 nunc
326 1361 600 1402 ceterarum
639 1362 867 1402 notarum
894 1355 1016 1401 serie
1042 1355 1326 1404 intertextae
1353 1356 1612 1420 legantur:

169 1449 279 1489 tum
302 1458 470 1510 porro,
495 1458 558 1489 ex
581 1442 770 1489 minore
797 1442 1033 1500 editione,
1060 1459 1170 1505 quae
1206 1445 1264 1490 ad
1303 1459 1445 1490 usum
1479 1441 1619 1489 scho-

173 1529 331 1577 larum
366 1530 748 1582 accommodata
793 1528 977 1592 prodiit
1025 1528 1219 1576 Parisiis
1261 1536 1398 1580 1746.
1438 1535 1467 1575 6
1502 1528 1621 1576 Vol.

177 1625 335 1664 12mo.
359 1615 516 1662 multa
538 1616 918 1680 deprompsisse,
942 1616 1185 1663 tironibus
1216 1617 1431 1664 maxime
1454 1615 1621 1680 profu-

170 1711 298 1751 tura.
372 1701 499 1749 Haec
523 1718 641 1748 vero
676 1702 1032 1760 additamenta,
1057 1718 1157 1765 quo
1193 1703 1367 1751 melius
1391 1721 1420 1751 a
1445 1704 1623 1752 ceteris

158 1788 559 1851 distinguantur,
596 1789 830 1836 asterisco
865 1789 1049 1852 ubique
1092 1790 1405 1853 signavimus.
1476 1791 1624 1854 Frag-

126 1936 135 1941 δ
176 1881 400 1921 mentum
435 1872 547 1920 libri
584 1873 725 1921 XCI.
754 1874 828 1921 Cl.
856 1875 1051 1922 Brunsii
1084 1876 1342 1940 diligentia
1374 1877 1426 1922 in
1460 1876 1625 1924 lucem

177 1969 390 2018 erutum,
410 1976 473 2008 ex
498 1960 664 2008 Taciti
690 1958 767 2009 e'd.
794 1961 1084 2010 Broteriana
1109 1971 1265 2010 12mo.
1298 1970 1436 2014 1776.
1463 1979 1626 2012 acces-

174 2046 252 2094 sit.

241 2219 397 2276 Quod
433 2231 672 2286 superest,
703 2224 771 2272 ita
804 2224 955 2274 libros
991 2227 1350 2287 distribuimus,
1375 2237 1431 2277 ut
1466 2230 1627 2295 singu-
1664 2290 1669 2295 1

175 2307 240 2355 1ae
276 2309 490 2356 decades
527 2311 731 2374 singulis
755 2313 1086 2363 voluminibus
1112 2317 1626 2380 comprehendantur:

177 2410 325 2457 quam
361 2396 425 2442 ob
462 2412 676 2457 causam,
701 2416 764 2448 ne
795 2402 933 2464 prior
957 2410 1120 2450 tomus
1157 2405 1307 2451 nimia
1338 2405 1467 2453 mole
1497 2405 1631 2453 labo-

181 2496 289 2533 rare
312 2482 582 2542 videretur,
607 2487 939 2549 praefationes,
959 2491 1327 2540 dissertationes
1352 2501 1447 2540 etc.
1475 2492 1629 2541 ad-ul-

185 2568 361 2626 timum
387 2569 606 2634 relegare
633 2575 793 2622 coacti
818 2592 998 2622 sumus.
