1914 3239
336 344 415 404 T.
475 341 738 436 Livii
803 338 1326 402 PATAVINI

639 446 905 550 LIBER
961 497 1001 545 I.

675 649 972 675 f*-

97 761 242 829 JAM
264 786 450 850 primum
474 785 670 826 omnium
700 785 803 825 satis
829 792 1017 834 constat,
1035 783 1169 840 Troja
1194 791 1335 840 capta,
1362 784 1404 825 in
1434 791 1551 826 cete-

94 858 163 884 ros
177 844 376 885 saevitum
390 857 481 883 esse
496 842 734 895 Trojanos3
757 842 942 892 duobus,
971 841 1129 883 ¹AEnea
1142 841 1490 896 Antenoreque,
1507 851 1550 882 et
1911 845 1914 879 i

97 899 255 943 vetusti
290 899 391 954 jure
430 898 625 953 hospitii,
648 907 691 938 et
725 898 826 953 quia
866 898 983 953 pacis
1017 898 1331 952 reddendaeque
1367 874 1549 939 Heleiiae
1912 904 1914 910 '

96 970 267 1012 semper
288 966 485 997 auctores
506 956 691 1005 f·ue1ant,
706 970 836 995 omne
848 970 922 1010 Jus
943 954 1041 995 belli
1061 955 1254 995 Achivos
1273 955 1548 995 abstinuisse.
1911 916 1914 995 l

95 1012 315 1054 2Casibus
346 1012 501 1053 deinde
526 1011 654 1052 xariis
679 1011 945 1052 Antenorem
973 1026 1070 1052 cuni
1096 1011 1375 1051 multitudine
1400 1011 1548 1051 Hene-
1560 1021 1731 1050 Antenori

97 1068 203 1120 tum,
219 1069 310 1123 qui,
329 1068 540 1111 seditione
563 1083 616 1108 ex
638 1067 940 1122 P·1phlagonia
965 1067 1088 1123 pulsi,
1111 1079 1154 1108 et
1175 1068 1294 1108 sedes
1316 1078 1359 1107 et
1378 1064 1635 1119 ducein,f³t'¹·

94 1139 196 1179 rege
220 1126 470 1180 Pylaemene
500 1125 552 1165 ad
586 1123 764 1179 Trojarn
801 1125 973 1174 amisso,
1007 1126 1275 1178 qiu-e1·eb·1nt,
1315 1125 1480 1164 venisse
1506 1125 1545 1164 in

95 1181 299 1223 intimum
334 1196 463 1223 maris
500 1181 746 1222 Hadriatici
780 1181 951 1222 sinum:
987 1180 1306 1236 Euganeisque,
1339 1182 1413 1235 qui
1438 1182 1549 1222 inter

93 1252 210 1280 mare
231 1237 450 1295 Alpesque
473 1238 736 1288 incolebant,
761 1238 909 1302 pulsis,
935 1237 1132 1278 Henetos
1156 1237 1456 1301 Troianosque
1478 1252 1548 1278 eas

94 1294 283 1336 tenuisse
320 1304 478 1336 terras:
510 1304 554 1334 et
582 1293 624 1334 in
665 1309 793 1349 quem
828 1295 1014 1350 primum
1053 1294 1215 1350 egressi
1255 1304 1355 1334 sunt
1388 1295 1548 1344 locum,

93 1349 227 1405 Troja
247 1356 479 1403 vocaturss,
496 1365 696 1407 pagoque
719 1351 818 1392 inde
840 1350 1031 1406 Trojano
1055 1365 1212 1391 nomen
1236 1362 1314 1400 est,
1331 1365 1436 1406 gens
1454 1352 1550 1391 uni-

93 1422 216 1449 versa
235 1408 391 1449 Veneti
416 1408 635 1470 adpell·1ti.
697 1407 880 1456 AEnean,
904 1409 959 1448 ab
983 1407 1112 1447 simili
1148 1407 1184 1448 cl
1191 1408 1269 1448 ‘ide
1298 1408 1429 1449 domo
1451 1423 1549 1471 pro-
1561 1423 1668 1451 'Eneae
1689 1422 1769 1451 (aa

93 1464 264 1520 fugum,
288 1466 359 1505 sed
384 1465 437 1505 ad
468 1479 524 1506 111
515 1478 635 1518 iJor‘1
657 1464 782 1504 initia
804 1479 942 1506 rerum
976 1464 1235 1505 ducentibus
1269 1464 1384 1514 fatis,
1410 1479 1548 1519 pinno

95 1521 138 1561 in
145 1496 477 1565 <³Mcoeedoniam
501 1521 692 1563 venisse:
726 1521 825 1561 inde
846 1521 887 1561 in
913 1520 1104 1561 Siciliam
1129 1530 1394 1576 quaerentein
1428 1522 1549 1561 sedes

93 1577 308 1624 delatum:
334 1586 347 1606 ⁴
363 1579 418 1619 ab
437 1577 570 1619 Sicili·
562 1593 585 1617 ·ι
605 1577 738 1618 classe
757 1578 1015 1618 Laurentem
1034 1592 1185 1640 agrum
1208 1578 1417 1618 tenuisse:
1441 1577 1549 1618 Tro·

86 1633 150 1691 J'ae
175 1644 218 1674 et
240 1634 342 1676 huic
363 1635 460 1675 loco
485 1648 642 1674 nomen
672 1643 751 1675 est.
814 1633 883 1674 Ibi
909 1635 1069 1689 egressi
1091 1633 1192 1688 Troj
1200 1635 1286 1686 ini,
1320 1645 1367 1674 ut
1390 1634 1548 1689 quibus

94 1692 182 1735 ab
174 1705 370 1732 inmenso
395 1705 529 1747 prope
551 1705 693 1731 er·r01e
715 1690 1012 1745 nihil,p1aete1
1034 1705 1152 1731 arm
1173 1701 1215 1731 et
1236 1706 1315 1731 nax
1322 1705 1379 1740 eS,
1401 1706 1549 1746 super-

92 1757 222 1798 esset,
241 1763 374 1803 quum
400 1748 514 1804 piaed
521 1762 587 1788 un
612 1761 666 1787 ex
687 1748 801 1804 agris
824 1757 1018 1803 agerent,
1038 1747 1217 1787 Latinus
1243 1763 1315 1788 rex
1340 1723 1548 1803 A'borioi-

91 1818 269 1859 nesque,
294 1805 368 1860 qui
394 1814 484 1845 tum
515 1818 565 1844 ea
597 1805 806 1845 tenebant
827 1804 936 1867 loca,
969 1779 1022 1844 md
1045 1806 1272 1844 arcendam
1299 1805 1383 1844 xiin
1418 1805 1549 1845 adve-

92 1875 243 1903 narum
267 1861 424 1909 armati
445 1876 500 1902 ex
524 1861 629 1901 urbe
651 1870 781 1916 atque
803 1861 918 1916 agris
942 1870 1222 1901 concurrunt.
1252 1864 1264 1884 5
1281 1860 1492 1916 Duplex
1484 1876 1549 1903 ln-

579 1967 593 1982 a
615 1953 728 1991 AEuee'e
742 1962 955 2001 Antenorique
970 1962 1061 1991 Crev-

138 2051 151 2078 1
174 2046 295 2082 ,Enete
306 2047 540 2086 Antenorique]
560 2047 689 2078 Decem
706 2046 797 2076 codi-

91 2100 145 2121 ces
182 2090 307 2129 allegat
336 2089 410 2120 Jac.
442 2089 642 2129 Gronovius,
661 2091 696 2119 in
725 2089 797 2129 qui-

90 2134 152 2164 bus
184 2138 295 2163 exstet
325 2132 397 2163 haec
428 2132 609 2172 scriptura,
637 2143 738 2173 quam
762 2140 797 2162 et

91 2186 148 2207 sex
174 2176 277 2206 nostri
295 2178 457 2207 retinent.
503 2176 587 2206 Eam
611 2177 724 2215 itaque
742 2176 798 2206 ad-

86 2220 257 2250 misimus.
294 2220 418 2250 Sensus
448 2223 521 2250 est:
568 2219 712 2250 Achivos
737 2219 795 2258 jus

90 2273 190 2292 omne
229 2262 320 2298 belli,
359 2263 394 2293 id
430 2267 494 2300 est,
530 2260 693 2302 quiesquid
718 2263 796 2302 jure

91 2306 171 2336 beni
202 2306 237 2335 in
270 2306 374 2336 victos
406 2305 498 2344 licet,
528 2306 624 2336 nulla
652 2316 692 2336 ex
720 2316 796 2345 par-

86 2353 124 2379 te
140 2358 294 2380 exercere
311 2348 346 2378 in
362 2349 503 2380 AEneam
521 2349 795 2388 Antenoremque

88 2392 243 2423 voluisse.
289 2392 448 2422 Sicinira
474 2391 559 2422 1.11.
578 2402 607 2422 c.
631 2394 682 2423 12.
715 2392 795 2422 Pur-

90 2445 172 2466 sena
196 2435 237 2465 ad
261 2434 438 2466 Mucium:
455 2433 538 2477 jure
563 2436 636 2466 belli
656 2436 794 2467 liberum

178 2479 339 2508 ,dimitam
364 2493 368 2495 >

103 2489 152 2553 62
164 2522 263 2553 *Οτι-ει
259 2523 324 2552 bus
339 2521 454 2552 deinde
468 2531 533 2552 vav
532 2520 586 2560 iis]
603 2521 687 2552 Haee
704 2531 795 2551 eom-

90 2566 242 2596 munite:-
257 2564 385 2595 cadunt
400 2566 434 2594 in
459 2566 668 2595 Antenorem
684 2569 718 2594 et
732 2565 790 2594 ΖΕ-

89 2618 190 2645 nean,
206 2618 349 2647 quorum
364 2618 441 2638 mox
459 2618 554 2638 casus
572 2607 654 2638 varii
669 2607 792 2638 descri-

89 2652 242 2688 buntur,v

132 2698 151 2726 3
163 2694 344 2735 *Pagoque
357 2695 432 2725 inde
443 2694 584 2735 Trojano
596 2703 711 2724 nomen
726 2692 785 2732 est]

89 2737 199 2776 Atque
227 2748 266 2768 ex
293 2737 353 2768 illa
368 2738 497 2777 origine
523 2747 629 2777 pagus
656 2736 791 2776 quidam

89 2781 160 2819 agri
176 2781 296 2810 Veneti
312 2781 355 2811 ad
371 2787 522 2810 nostram
536 2790 639 2819 usque
656 2784 794 2810 aetatem

87 2824 224 2864 'ri-ojani
242 2833 366 2854 nomen
390 2824 542 2854 retinuit.
588 2824 698 2863 Pagus
715 2833 794 2853 con-

841 2050 908 2077 stat
925 2055 965 2076 ex
989 2046 1140 2087 pluribus
1157 2046 1251 2083 vicis,
1268 2054 1350 2085 gens
1373 2051 1487 2076 antem
1506 2056 1546 2079 ex

841 2089 993 2131 pluribus
1021 2090 1127 2130 pagis.
1178 2089 1294 2128 Itaque
1321 2089 1376 2118 hic
1394 2090 1478 2119 bene
1496 2090 1545 2120 di-

841 2133 1029 2173 stinguitur
1043 2143 1148 2173 pagus
1158 2133 1325 2171 Trojanus
1342 2143 1360 2162 a
1377 2132 1448 2162 rico
1463 2133 1548 2164 Tro-

837 2178 888 2216 ja,
902 2182 935 2207 et
952 2186 971 2206 a
987 2181 1087 2215 gente
1101 2177 1256 2206 universa
1270 2175 1420 2206 Venetis.

869 2225 891 2251 4
900 2220 948 2250 Ab
959 2219 1087 2259 Sicilia,
1097 2221 1197 2250 classe
1208 2219 1409 2249 Laurentem
1421 2229 1545 2258 agrum

840 2262 992 2300 tenuisse]
1012 2262 1091 2293 Ideo
1105 2263 1257 2292 observat
1272 2262 1386 2292 Livius
1402 2263 1546 2292 iEneam

840 2307 881 2336 ab
911 2307 1026 2336 Sicilia
1053 2305 1157 2336 classe
1186 2305 1394 2336 Laurentem
1426 2315 1546 2344 agrum

839 2350 1003 2387 tenuisse,
1019 2354 1060 2379 ut
1078 2349 1205 2379 indicet
1220 2358 1298 2378 euin
1317 2358 1383 2385 nou
1407 2349 1447 2378 ab
1463 2349 1547 2378 Sici-

839 2393 885 2422 lia
914 2393 948 2422 in
973 2393 1126 2432 proxima
1150 2391 1258 2421 Italiae
1281 2397 1544 2430 transgressum,

840 2435 988 2475 pedestri
1004 2435 1124 2465 deinde
1140 2436 1262 2465 itinere
1279 2435 1321 2465 ad
1336 2435 1546 2464 Laurentem

839 2489 958 2518 agrum
977 2480 1179 2518 pervenisse,
1195 2478 1253 2508 sed
1271 2481 1362 2513 recto
1386 2488 1486 2507 cursu
1502 2478 1544 2507 ab

838 2523 952 2552 Sicilia
967 2521 1009 2552 ad
1025 2521 1202 2552 Laurentis
1227 2522 1297 2560 agri
1314 2520 1431 2551 littora
1452 2521 1546 2550 navi*-

833 2565 895 2596 bus
914 2565 1066 2595 delatum
1082 2565 1195 2595 fuisse.
1235 2564 1338 2594 Hunc
1358 2564 1469 2593 locum
1487 2573 1544 2593 va-

836 2609 887 2639 nis
904 2609 1109 2648 conjecturis
1132 2607 1318 2638 sollicitant
1334 2607 1432 2638 ambo
1461 2607 1543 2637 Gro-

836 2652 937 2681 novii.

880 2698 897 2725 5
922 2694 1062 2734 Duplex·
1078 2694 1209 2732 exinde]
1234 2693 1357 2733 Scripti
1380 2692 1507 2732 aliquot
1525 2702 1544 2723 a

840 2738 1007 2767 Gronovio
1024 2738 1215 2775 memorati,
1233 2741 1268 2768 et
1284 2740 1428 2777 quatuor
1444 2747 1460 2766 e
1485 2745 1543 2771 no-

838 2781 936 2811 stris:
961 2780 1184 2821 dupleaez'nde.

852 2873 930 2909 1³4
