1969 3239
575 101 699 140 LIB.
727 102 799 140 111.
840 103 973 140 CAP.
1002 102 1188 141 XXXVI.
1225 109 1228 112 ’
1520 109 1594 145 189

163 198 276 241 inter
296 199 573 250 decemviros,
596 215 648 242 an
679 201 787 241 inter
816 201 1080 250 candidatos,
1101 215 1353 242 numerares.
1416 201 1597 258 Propior
1610 215 1650 246 U.
1671 214 1706 244 C.
1722 213 1796 244 303.

164 257 376 297 interdum
417 258 614 312 petendo,
653 272 777 311 quam
819 258 1020 312 gerendo,
1058 259 1324 314 magistratui
1362 268 1464 299 erat.
1516 262 1595 300 cri-
1610 261 1646 290 A.
1664 258 1699 288 C.
1716 259 1790 290 449·

162 314 314 354 minari
340 316 580 368 optimates,
603 313 804 354 extollere
825 315 1146 354 candidatorum
1170 315 1427 355 levissimum
1450 330 1597 368 quem-

161 384 245 423 que
269 369 651 424 humillimumque.
690 370 779 424 ipse
808 371 972 411 medius
1004 372 1112 411 inter
1144 372 1395 412 tribunicios
1433 371 1596 412 Duilios

164 424 393 481 Iciliosque
418 428 459 467 in
491 426 584 466 foro
609 425 795 475 volitare,
821 441 892 481 per
915 427 1006 467 illos
1035 442 1076 467 se
1098 427 1211 482 plebi
1242 428 1482 469 venditare:
1520 430 1596 468 do-

161 495 240 522 nec
263 483 438 538 collegae
462 497 645 536 quoque,
667 483 739 537 qui
767 485 888 523 unice
914 483 971 523 illi
999 484 1130 525 dediti
1157 484 1322 524 fuerant
1350 485 1400 525 ad
1426 485 1466 524 iu
1490 494 1597 525 tcm—

161 553 256 594 pus,
291 540 513 593 conjecere
553 541 593 578 in
632 553 729 578 eum
769 540 930 590 oculos,
965 542 1163 582 mirantes
1197 542 1299 595 quid
1333 541 1413 581 sibi
1455 542 1595 581 vellet.

160 595 392 651 Adparere,
433 595 535 635 nihil
573 595 724 635 sinceri
765 610 880 647 esse3
923 595 1113 653 Profecto
1153 597 1262 637 leand
1294 597 1517 652 gratuitam
1554 598 1596 637 in

162 658 278 692 tanta
305 651 489 706 snperbia
511 652 731 692 comitatem
747 652 860 707 jore.
898 653 1064 693 nimium
1096 658 1125 678 ⁵2
1140 654 1182 694 in
1202 654 1379 694 ordinem
1400 668 1437 694 se
1466 654 1596 709 ipsum

163 722 311 763 cogere,
333 715 368 748 et
390 706 552 762 vulgari
571 723 658 748 cum
681 710 870 763 privatis,
892 724 969 750 non
991 718 1073 750 tam
1097 711 1349 764 properantis
1369 711 1483 752 abire
1510 726 1600 751 maa

160 765 349 820 gistrum,
371 778 490 819 qua-m
511 764 618 804 vz'am
647 765 701 805 ud
729 766 1040 808 continuandum
1064 768 1345 822 magistratum
1375 768 1597 823 (lucer-entis,

162 835 253 861 esse.
317 820 541 876 Propalam
565 822 733 862 obviam
760 823 818 862 ire
840 823 1064 876 cupiditati
1091 838 1234 878 parum
1259 826 1365 873 ausi,
1388 826 1596 865 obsecun-

159 877 300 918 dando
331 877 497 918 mollire
528 879 718 933 inpetum
750 879 1068 934 adgrediuntur.
1114 881 1387 921 comitiorum
1428 881 1486 920 illi
1519 879 1596 921 ha-

160 934 412 985 bendorum,
438 935 609 988 quando
644 936 841 975 minimus
871 947 972 975 natu
1007 937 1075 986 sit,
1105 951 1255 977 munus
1287 951 1495 978 consensu
1531 939 1594 978 in-

153 989 362 1046 jungunt.
422 991 502 1031 Ars
531 991 624 1032 haec
645 1001 747 1042 erat,
771 1007 822 1032 ne
843 1001 976 1032 semet
1006 993 1095 1048 ipse
1119 1007 1258 1034 creare
1287 1003 1452 1049 posset3
1483 994 1595 1048 quod

161 1058 317 1102 praeter
340 1047 533 1088 tribunos
557 1048 689 1103 plebis
712 1053 773 1101 (et
795 1049 835 1089 id
864 1049 1001 1104 ipsum
1028 1051 1210 1104 pessimo
1231 1050 1448 1105 exemplo)
1471 1065 1596 1100 nemo

160 1118 363 1158 umquam
395 1104 577 1145 fecisset.
622 1104 690 1145 ille
719 1105 951 1155 enimvero,
973 1106 1085 1160 quod
1116 1108 1221 1147 bene
1252 1117 1402 1158 vertat,
1426 1107 1595 1147 habitu-

160 1174 253 1200 rum
280 1175 322 1201 se
347 1161 522 1201 comitia
554 1161 777 1216 professus,
800 1162 1137 1216 inpedimentum
1167 1178 1244 1218 pro
1274 1166 1500 1204 occasione
1529 1178 1596 1204 ar·
1965 1184 1969 1215 χ

159 1217 306 1272 ripuit.
366 1217 628 1272 dejectisque
650 1218 810 1259 honore
839 1225 867 1246 ⁵³
890 1233 961 1274 per
983 1220 1214 1260 coitionem
1237 1220 1402 1260 duobus
1429 1220 1595 1266 Quinc·
1966 1222 1969 1234 ⁶

160 1274 246 1323 tiis,
279 1273 528 1329 Capitolino
558 1285 601 1315 et
634 1274 907 1325 Cincinnato,
938 1285 980 1316 et
1017 1286 1168 1331 patruo
1199 1291 1274 1318 suo
1313 1276 1364 1318 C.
1398 1276 1594 1329 Claudio,
1964 1275 1969 1363 ξ

159 1332 507 1372 constantissimo
541 1332 629 1372 viro
658 1332 699 1372 in
724 1333 996 1386 optimatium
1030 1347 1193 1383 caussa,
1214 1343 1257 1374 et
1280 1334 1371 1374 aliis
1402 1334 1594 1388 ejusdem

163 1386 325 1442 fastigii
357 1388 538 1438 civibus,
560 1402 828 1444 nequaquam
860 1389 1083 1443 splendore
1114 1391 1211 1431 vitae
1237 1405 1357 1445 pares
1381 1391 1595 1431 decemvi-

160 1457 229 1483 ros
259 1452 397 1485 creat:
438 1458 481 1484 se
509 1444 551 1484 in
578 1445 740 1499 primis,
764 1446 876 1500 quod
909 1446 1020 1487 haud
1051 1461 1169 1487 secus
1199 1446 1360 1487 factum
1392 1448 1594 1503 inproba-

159 1500 265 1541 bant
289 1501 405 1549 boni,
428 1515 554 1556 quam
583 1516 707 1542 nemo
739 1501 878 1542 facere
908 1517 1104 1544 ausurum
1136 1504 1386 1544 crediderat.
1448 1504 1592 1545 Creati

160 1571 259 1597 cum
290 1571 342 1598 eo
379 1557 445 1597 M.
482 1557 704 1599 Cornelius
741 1558 1067 1613 MaluginensiS,
1099 1560 1164 1600 M.
1200 1561 1386 1616 Sergius,
1418 1560 1466 1600 L.
1503 1560 1592 1600 Mi-

159 1613 326 1665 nucius,
349 1614 406 1660 Q.
432 1613 588 1655 Fabius
613 1615 862 1665 Vibulanus,
891 1622 919 1642 ⁵⁴
937 1616 991 1662 Q.
1024 1616 1273 1667 Poetelius⁹,
1300 1616 1351 1657 T.
1375 1616 1590 1658 Antonius

161 1668 386 1719 Merenda,
417 1669 468 1711 K.
495 1670 678 1722 Duilius,
701 1672 775 1726 Sp.
803 1671 970 1727 Oppius
993 1672 1220 1722 Cornicen,
1240 1673 1318 1714 Μ’.
1343 1673 1591 1714 Rabuleius.

207 1726 440 1768 XXXVI.
460 1726 536 1768 Ille
556 1727 653 1768 finis
668 1727 813 1784 Appio
827 1728 974 1770 alienae
992 1744 1182 1784 personae
1198 1730 1382 1771 ferendae
1402 1730 1494 1771 fuit.
1517 1746 1592 1772 suo
1959 1728 1965 1782 i

149 1782 244 1838 jam
267 1784 365 1824 inde
389 1784 528 1825 vivere
544 1784 718 1839 ingenio
737 1787 889 1839 coepit,
909 1801 1127 1841 novosque
1150 1787 1439 1842 collegasjam
1462 1788 1593 1842 prius,
1962 1786 1963 1803 ³

158 1854 286 1894 quam
310 1840 464 1881 inirent
485 1841 797 1896 magistratum,
822 1843 862 1882 in
889 1857 985 1883 suos
1010 1857 1146 1883 mores
1178 1843 1376 1884 formare.
1436 1844 1595 1890 Quoti-

158 1897 227 1938 die
265 1897 442 1938 coibant
479 1898 653 1938 remotis
689 1899 882 1940 arbitris:
929 1899 1026 1940 inde
1063 1900 1356 1954 inpotentibus
1395 1901 1592 1941 instructi

158 1954 360 2005 consiliis,
379 1968 475 2009 quae
498 1966 660 1996 secreto
683 1956 737 1995 ab
759 1955 848 1995 aliis
874 1957 1130 2011 coquebant,
1146 1957 1239 2010 jam
1262 1957 1373 1997 haud
1396 1957 1593 1998 dissimu-

157 2009 284 2050 lando
315 2011 570 2066 superbiam,
601 2014 630 2034 ⁵⁵
644 2012 725 2053 rari
748 2012 902 2064 aditus,
926 2013 1281 2068 conloquentibus
1307 2014 1516 2064 difficiles,
1539 2015 1591 2056 ad

159 2065 261 2107 Idus
302 2065 444 2107 Maias
483 2082 571 2109 rem
609 2069 858 2122 perduxere.
920 2069 1023 2109 Idus
1061 2081 1150 2110 tum
1191 2070 1324 2111 Maiae
1365 2070 1589 2112 sollemnes
1603 2083 1644 2115 U.
1662 2085 1698 2115 C.
1714 2090 1788 2119 304.

158 2123 354 2163 ineundis
376 2124 696 2179 magistratibus
718 2134 849 2165 erant.
905 2125 1036 2166 Initio
1060 2127 1189 2182 igitur
1211 2128 1483 2182 magistratus
1506 2129 1588 2183 pri·
1602 2127 1640 2157 Α·
1660 2130 1696 2158 C·
1712 2133 1785 2181 4ᾆὸ-

157 2193 274 2219 mum
298 2179 471 2220 honoris
493 2181 605 2221 diem
627 2182 956 2223 denunciatione
975 2183 1159 2238 ingentis
1183 2185 1352 2224 terroris
1376 2185 1586 2240 insignem
1601 2172 1773 2248 ἷζῗᾟῗέζ

158 2235 311 2277 fecere.
348 2251 446 2277 nam
467 2251 599 2292 quum
620 2238 679 2279 ita
700 2238 858 2294 priores
889 2239 1118 2281 decemviri
1141 2251 1390 2292 servassent,
1415 2251 1459 2281 ut
1483 2257 1587 2282 unus
1603 2266 1659 2287 nus
1676 2260 1717 2288 11.

670 2327 682 2343 ¹
703 2323 850 2354 Poetilius
865 2325 961 2354 Gron.
982 2325 1075 2356 Crev.

200 2386 240 2416 52
264 2385 306 2416 In
325 2385 467 2416 ordinem
490 2388 628 2427 seipsum
651 2390 776 2430 cogere]
811 2392 852 2421 Se
896 2397 953 2422 tur
988 2395 1175 2424 concionem.
1233 2394 1431 2424 Emendavit
1463 2396 1591 2425 verissi-

158 2438 271 2468 parem
283 2429 528 2467 quodammodo
539 2432 794 2472 'ceterisevulgo
804 2434 853 2464 fa-
896 2445 949 2464 me
968 2437 1134 2475 Sigonius,
1152 2439 1301 2476 quamvis
1326 2439 1588 2477 repugnantibus

157 2482 241 2501 cere.
288 2472 453 2503 Potestate
491 2483 551 2503 sua
587 2484 688 2515 supra
725 2483 850 2507 ceteros
896 2477 1000 2509 libris.
1032 2483 1038 2486 ’
1087 2487 1090 2489 ’
1577 2486 1582 2490 ’

156 2515 336 2552 eminebat,
360 2520 396 2546 et
421 2519 513 2547 extra
536 2517 684 2548 ordinem
710 2520 851 2558 reliquo-
940 2525 979 2552 54
1015 2521 1059 2562 ῼ.
1090 2522 1241 2553 Poelilius
1330 2523 1410 2554 Geso
1438 2524 1585 2562 Duilius,

158 2567 230 2588 rum
255 2559 380 2597 positus
404 2565 476 2590 erat
498 2561 634 2600 Appius.
678 2561 853 2600 Vulgando
900 2563 956 2603 Sp.
990 2563 1110 2604 Oppius
1144 2566 1307 2606 Cornicen]
1343 2567 1410 2597 Hos
1442 2568 1585 2607 plebeios

157 2610 193 2630 se
209 2611 285 2630 cum
301 2603 449 2641 privatis,
467 2613 537 2633 sese
557 2604 678 2643 redigit
693 2605 852 2643 quodam·
896 2607 997 2637 fuisse
1014 2609 1117 2638 tradit
1133 2610 1322 2649 Dionysius.

159 2644 256 2673 modo
286 2645 318 2674 in
345 2645 507 2683 ordinem,
535 2656 552 2676 e
579 2657 643 2686 quo
667 2658 746 2678 suus
773 2658 850 2678 eum
941 2653 979 2681 55
1014 2651 1100 2681 Rari
1129 2652 1248 2691 aditus]
1287 2652 1347 2682 Hae
1379 2663 1473 2683 voces
1501 2656 1585 2683 ava—i-

157 2687 375 2725 magistratus
392 2689 569 2720 eximebat.
897 2693 1026 2731 piendae
1056 2701 1135 2723 sunt
1165 2695 1198 2724 in
1229 2697 1334 2734 patrio
1372 2707 1460 2726 casu.
1506 2698 1585 2726 Vult

198 2732 243 2760 -53
278 2730 347 2760 Per
375 2732 549 2770 coitionem]
591 2733 750 2763 Coeundo
776 2744 852 2764 cum
897 2735 1010 2766 Livius
1033 2746 1133 2768 novos
1156 2738 1369 2770 Decemviros
1392 2740 1491 2770 fuisse
1516 2744 1586 2770 rari

161 2773 277 2803 ceteris
307 2774 490 2805 candidatis
518 2776 672 2806 adversus
701 2778 852 2816 ingratos
897 2779 1016 2810 aditus.

157 2814 222 2845 sibi
242 2818 486 2857 competitores.
532 2819 622 2850 Olim
645 2820 698 2851 bic
722 2819 852 2860 legeba-
