1925 3239
546 111 674 149 LIB.
703 106 790 148 vn.
825 106 904 149 CA
920 111 962 149 P.
992 110 1179 149 XXXIV.
1501 117 1576 153 435

136 212 320 255 siluisset
348 227 401 255 ex
433 226 557 270 equo,
582 212 792 264 Nostrum,
811 211 964 268 inquit,
980 210 1163 266 peditum
1192 209 1310 262 illud,
1330 211 1491 264 milites,
1513 222 1568 255 est
1581 225 1622 256 U.
1641 225 1677 257 c.
1695 229 1770 259 412.

136 284 244 325 opus.
275 270 493 327 agitedum,
514 277 560 312 ut*
579 284 640 311 me
657 269 856 320 videritis,
878 282 1127 324 quacumque
1155 267 1342 308 incessero
1371 269 1414 309 in
1443 269 1617 312 aciemA·
1636 271 1673 301 (J.
1691 274 1766 303 5⁵⁴0·

134 326 317 378 hostium,
326 327 450 384 fier-ro
473 328 582 369 viam
588 326 825 384 facientem,
846 326 902 366 sic
914 340 995 381 pro
1016 339 1054 365 se
1075 325 1241 380 quisque
1270 325 1404 366 obvios
1422 329 1567 369 sterni-

133 390 185 423 te.
246 383 331 425 Illa
351 385 501 436 onznia,
523 398 602 440 qua
620 397 724 425 nunc
745 388 878 424 erecta:
896 383 1048 423 micant
1068 381 1211 432 hasne,
1226 380 1438 437 patefacta
1459 390 1567 424 stra-

127 454 181 494 ge
200 447 312 481 vasta
334 442 514 482 cernetis
567 439 678 481 Haec
699 440 817 481 dicta
836 439 1024 489 dederat,
1045 452 1178 494 quum
1200 439 1361 493 equites
1381 441 1566 481 consulis

126 497 250 550 jussu
285 497 526 538 discurrunt
559 497 602 538 in
639 511 814 547 cornua,
847 495 1088 551 legionibus
1125 495 1166 535 in
1205 495 1387 536 mediam
1430 497 1566 538 aciem

131 554 326 607 aperiunt
349 554 474 596 viam.
508 553 674 594 Primus
693 554 884 594 omnium
907 551 1056 593 consul
1086 552 1250 592 invadit
1280 552 1475 603 hostem3
1508 565 1564 605 et,

131 624 229 650 curn
251 625 336 665 quo
362 611 470 651 forte
491 610 674 651 contulit
695 610 888 666 gradum,
910 610 1154 650 obtruncat.
1199 608 1298 649 Hoc
1320 610 1564 665 spectaculo

132 670 161 690 ⁵⁵
175 667 340 707 accensi
380 667 532 707 dextra
570 667 776 722 laevaque,
808 677 907 707 ante
939 680 982 706 se
1016 666 1209 720 quisque,
1244 666 1564 708 memorandum

129 722 329 775 proelium
352 721 506 764 cient¹.
568 723 694 764 Stant
725 723 866 764 obnisi
900 723 1129 772 Samnites,
1150 737 1408 777 quamquam
1443 723 1565 778 plura

128 780 360 835 accipiunt,
382 792 508 835 quam
529 779 734 830 inferunt,
757 781 940 821 vulnera.
992 778 1268 834 Aliquamdiu
1285 781 1377 834 jam
1398 794 1564 836 pugna-

129 843 218 876 tum
241 848 358 879 erat:
389 848 513 878 atrox
535 838 673 878 caedes
695 838 809 878 circa
830 837 953 892 signa
973 836 1247 887 Samnitium,
1269 836 1373 892 fuga
1394 837 1448 878 ab
1470 837 1564 878 nul·

127 890 268 933 ladum
293 902 411 948 parte
433 903 536 935 erat.
559 894 664 936 adeo
687 903 824 934 morte
855 893 943 934 sola
979 893 1091 934 vinci
1127 892 1444 934 destinaverant
1472 895 1564 934 ani-

126 949 222 990 mis.
273 949 424 1005 Itaque
446 950 646 1002 Romani,
668 965 799 1006 quum
821 953 852 976 ⁵⁶
865 959 908 991 et
929 950 1166 1005 fluerejam
1185 949 1434 991 lassitudine
1453 951 1563 991 vires

126 1006 345 1057 sentirent,
367 1018 410 1049 et
431 1008 515 1048 diei
538 1008 650 1049 haud
674 1007 854 1048 multum
878 1017 1112 1062 superesset
1127 1003 1149 1057 ¹,
1173 1008 1338 1047 accensi
1371 1008 1433 1048 ira
1454 1023 1560 1048 con-

125 1063 263 1104 citant
285 1079 328 1105 se
352 1066 394 1105 in
415 1064 597 1106 hostem.
655 1063 766 1106 Tum
790 1064 972 1120 primum
1004 1064 1147 1104 referri
1173 1063 1321 1118 pedem
1346 1075 1473 1118 atque
1497 1066 1558 1105 in-
1571 1079 1747 1109 vincuntur

123 1118 271 1161 clinari
308 1135 394 1162 rem
429 1121 471 1162 in
505 1121 652 1177 fugam
685 1121 909 1176 adparuit3
941 1129 1029 1161 tuni
1067 1120 1178 1175 capi,
1203 1121 1342 1160 occidi
1377 1121 1767 1175 Samnisss'fflssssitefffn

121 1188 201 1217 nec
221 1178 528 1233 superfuissent
550 1178 688 1229 multi,
706 1178 748 1218 ni
770 1193 856 1219 nox
876 1177 1097 1218 victoriam
1121 1178 1271 1232 magiS,
1292 1192 1417 1231 quani
1442 1192 1557 1232 proe-
1571 1166 1750 1204 campama’

120 1232 241 1284 lium,
274 1235 525 1276 diremisset.
585 1234 643 1275 Et
679 1234 865 1276 Romani
897 1234 1155 1283 fatebantur,
1189 1247 1422 1288 numquam
1458 1249 1557 1277 cum

119 1292 402 1344 pertinaciore
433 1291 556 1333 hoste
585 1292 864 1333 conflictum:
896 1302 940 1332 et
972 1290 1201 1340 Samnites,
1228 1305 1358 1345 quum
1390 1306 1556 1347 quaere-

118 1356 247 1397 retur,
267 1362 465 1403 quaenam
488 1349 626 1404 prima
645 1363 794 1390 caussa
817 1359 903 1389 tam
935 1348 1174 1389 obstinatos
1198 1348 1400 1388 movisset
1421 1349 1466 1390 in
1488 1349 1556 1390 fu-

119 1417 217 1458 gam
237 1406 250 1445 ?
279 1404 412 1446 oculos
431 1405 510 1446 sibi
532 1403 810 1446 Romanorum
840 1404 980 1445 ardere
1009 1404 1125 1455 visos,
1149 1404 1335 1454 aiebant,
1361 1420 1553 1447 vesanos-

115 1474 194 1516 que
212 1459 352 1502 vultus
371 1467 409 1502 et
423 1460 622 1517 furentia
643 1476 740 1503 ora.-
769 1461 864 1502 inde
886 1461 1000 1517 plus,
1022 1476 1145 1516 quam
1173 1475 1221 1501 ea:
1251 1461 1338 1501 alia
1374 1462 1461 1503 ulla
1495 1477 1552 1513 re,

118 1517 285 1558 terroris
321 1524 467 1559 ortum.
498 1532 625 1574 quem
661 1526 861 1560 terrorem
895 1533 980 1559 non
1017 1532 1174 1574 pugnae
1207 1518 1342 1558 solum
1381 1530 1552 1570 eventu,

117 1573 192 1614 sed
213 1583 423 1616 nocturna
443 1574 723 1630 profectione,
741 1575 925 1617 confessi
947 1586 1060 1616 sunt.
1122 1575 1299 1616 Postero
1320 1574 1389 1616 die
1409 1578 1553 1617 vacuis

116 1630 304 1671 hostium
329 1633 475 1673 castris
497 1631 718 1673 Romanus
741 1633 927 1688 potitur:
959 1647 1044 1688 quo
1068 1646 1112 1672 se
1135 1633 1273 1672 omnis
1306 1631 1551 1688 Campano-

114 1701 210 1728 rum
231 1687 464 1729 multitudo
486 1689 799 1745 gratulabunda
820 1688 985 1730 effudit.

171 1743 407 1786 XXXIV.
439 1744 641 1787 Ceterum
662 1746 744 1787 hoc
776 1747 980 1802 gaudium
1010 1759 1167 1801 magna
1188 1759 1321 1801 prope
1353 1746 1471 1788 clade
1503 1746 1546 1788 in
1560 1753 1694 1785 Cornelh

115 1800 291 1843 Samnio
313 1802 526 1843 foedatum
556 1812 634 1844 est,
665 1817 764 1843 nam
784 1804 839 1844 ab
862 1803 1052 1844 Saticula
1074 1801 1291 1858 profectus
1322 1802 1545 1845 Cornelius
1557 1799 1690 1871 {⁰³⁵⁰}ss
1705 1806 1736 1824 ’Π

112 1857 265 1899 consul
304 1859 541 1900 exercitum
573 1860 744 1901 incaute
783 1859 828 1900 in
866 1859 1036 1911 saltum,
1066 1873 1171 1900 cava
1199 1859 1307 1900 valle
1335 1850 1712 1914 pervium,r{¹‡¹1¹1¹,¹,{’„p
1718 1849 1745 1867 θ’

111 1914 312 1970 circaque
331 1916 537 1957 insessum
560 1917 614 1957 ab
631 1916 769 1966 hoste,
791 1916 985 1958 induxit:
1010 1930 1088 1957 nec
1108 1916 1240 1971 priUS,
1261 1931 1390 1971 quam
1410 1918 1543 1974 recipi

111 1979 207 2015 tuto
240 1972 363 2028 signa
391 1986 478 2014 non
509 1981 720 2028 poterant,
748 1973 1028 2015 inminentem
1059 1972 1192 2028 capiti
1224 1973 1389 2014 hostem
1422 1975 1542 2016 vidit.

109 2033 141 2057 ⁵⁷
159 2026 276 2069 Dum
298 2029 342 2070 id
360 2043 492 2071 morae
512 2029 777 2071 Samnitibus
798 2040 876 2081 est,
897 2030 1038 2086 quoad
1062 2039 1200 2070 totum
1227 2030 1270 2070 in
1294 2030 1443 2071 vallem
1475 2032 1543 2072 in-

110 2083 255 2125 fimam
294 2089 324 2110 ⁵⁸
338 2082 623 2127 demitterent?
640 2101 809 2143 agmen,
844 2086 896 2129 P.
931 2086 1091 2128 Decius
1127 2086 1323 2127 tribunus
1357 2087 1542 2129 militum

110 2141 323 2197 conspicit
343 2156 474 2184 unum
493 2143 655 2185 editum
671 2145 714 2185 in
737 2144 844 2185 saltu
865 2144 1032 2194 collem,
1051 2143 1329 2184 inminentem
1350 2144 1541 2186 hostium

109 2199 273 2251 castris,
294 2198 412 2239 aditu
434 2199 611 2241 arduum
632 2200 826 2256 inpedito
847 2201 1025 2257 agmini,
1049 2200 1261 2255 expeditis
1291 2200 1404 2242 haud
1427 2202 1539 2242 diffi-

107 2254 248 2297 cilem.
307 2254 460 2311 Itaque
491 2256 656 2298 consuli
687 2257 836 2298 territo
866 2257 1012 2308 animi,
1038 2255 1201 2298 Videsne
1229 2264 1288 2310 tu,
1309 2258 1461 2313 inquit,
1483 2257 1541 2300 A.

432 2349 449 2372 k
471 2351 529 2381 ciet
543 2351 641 2381 Gron.
658 2351 749 2383 crev.

152 2442 192 2472 55
214 2441 345 2472 Accensi
361 2463 370 2471 .
381 2462 389 2471 .
402 2464 411 2472 .
425 2443 557 2482 quisque
573 2463 582 2472 .
593 2463 602 2472 .
616 2465 624 2472 .
636 2442 710 2482 ciet]
730 2442 803 2473 Me-

109 2481 172 2513 lius
198 2485 303 2514 cient.-
327 2485 414 2523 quod
439 2485 573 2525 praefert
599 2485 802 2526 Campanus,

107 2531 143 2555 et
159 2536 244 2557 unus
259 2537 278 2557 e
294 2529 413 2558 nostris
429 2528 523 2559 codd.
546 2528 598 2558 Sic
610 2538 710 2568 supra
725 2541 732 2559 z
743 2539 804 2569 pro

109 2578 143 2599 se
163 2571 294 2611 quisque
314 2572 415 2603 olmios
435 2573 581 2609 sternite,
598 2580 665 2601 non
686 2575 803 2610 eterne,

107 2620 174 2642 non
188 2617 324 2645 sternat.

152 2655 193 2686 56
215 2656 266 2687 Et
276 2656 400 2697 fluere]
438 2659 572 2698 Septem
604 2656 805 2688 Gronoviani

108 2697 204 2729 MSS.
241 2700 388 2740 quinque
422 2712 440 2731 e
466 2701 601 2738 nostris,
628 2700 691 2731 hoc
717 2701 805 2740 quod

106 2741 270 2772 edidimus
288 2743 434 2775 firmant.
457 2744 546 2775 Editi
563 2744 662 2783 vulgo
677 2744 804 2775 habent

108 2782 253 2823 effluere,
269 2786 354 2824 quod
372 2790 479 2817 minus
497 2787 660 2827 placebat.

153 2830 191 2860 57
216 2827 308 2861 Dum
335 2830 370 2860 id
393 2839 490 2861 moroe
516 2830 716 2862 Samnitibus
741 2831 803 2871 est]

920 2351 930 2373 ¹
951 2344 1102 2391 superesse
1117 2351 1200 2382 Eaed.

847 2442 1090 2474 Cunctantibus
1114 2443 1332 2482 Samnitibus,
1349 2450 1383 2475 et
1409 2454 1542 2485 exspect

846 2487 996 2517 tantibus
1028 2487 1106 2516 ‘lum
1134 2487 1250 2517 consul
1278 2493 1389 2518 totum
1419 2497 1540 2527 agmen

847 2529 1034 2560 demisisset
1050 2530 1084 2560 'm
1101 2529 1234 2567 vallem,
1249 2531 1306 2560 ubi
1322 2541 1398 2561 eum
1422 2530 1540 2561 facilli-

849 2582 902 2602 me
917 2574 1105 2613 oppressuri
1120 2573 1182 2603 sibi
1205 2573 1411 2605 videbantur.

891 2619 931 2647 58
966 2616 1174 2655 Demitteret]
1217 2616 1313 2647 Hanc
1350 2617 1541 2655 lectionem,

848 2669 921 2698 quae
948 2660 1132 2698 priscorum
1157 2659 1323 2691 editorum
1353 2666 1416 2699 est,
1443 2666 1542 2692 tuen-

848 2707 905 2732 tur
930 2712 986 2732 sex
1009 2702 1103 2732 codd.
1120 2702 1234 2733 nostri.
1279 2703 1462 2734 Gronovius
1488 2704 1543 2734 de-

847 2745 940 2775 derat
968 2745 1198 2783 demitterent,-
1210 2751 1244 2776 et
1265 2747 1477 2778 intellexerat
1502 2747 1542 2776 de

847 2788 1074 2827 Samnitibus;
1100 2790 1187 2830 quod
1203 2789 1365 2822 miramur
1385 2790 1543 2822 excidisse

848 2840 979 2862 summo
993 2841 1073 2864 viro.

884 2873 985 2916 rf2
