1925 3239
117 853 187 884 Filii
204 853 270 890 ejus

120 898 228 935 pictas.

324 113 401 148 404
862 108 1004 148 ΤΙΤΙ
1047 107 1228 149 LIVII

124 224 165 253 Γ,
180 223 216 253 C.
235 225 308 258 393.
334 207 407 248 ubi
432 222 582 263 summo
612 207 696 249 Ioco
725 214 842 249 nutus
867 207 1103 251 dictatorius
1130 209 1300 265 juvenis
1329 209 1570 266 quotidiana
1597 211 1761 254 miseria

120 268 160 299 A.
177 267 215 297 C.
229 270 305 301 359·
331 263 513 314 disceret,
543 278 634 305 vere
673 264 882 319 imperioso
917 273 1036 320 patre
1076 280 1118 307 se
1146 274 1286 307 natum
1321 280 1411 307 esse.
1469 266 1532 308 At
1560 282 1683 322 quam
1711 267 1762 308 ob

330 320 510 362 noxam?
551 321 650 376 quia
689 319 949 377 iufacundior
987 323 1055 372 sit,
1085 329 1123 363 et
1164 323 1307 380 lingua
1345 323 1582 378 iupromtuS.
1643 322 1766 367 Quod

328 384 487 418 natura
506 377 695 418 damnum
715 385 851 418 utrum
870 383 900 404 ³³
915 378 1170 419 nutriendum
1187 379 1320 434 patri,
1341 380 1392 431 (si
1412 379 1635 435 quidquam
1654 380 1699 420 in
1717 394 1763 420 eo

330 432 498 474 humani
517 435 630 483 esset)
652 448 705 475 an
734 433 1013 490 castigandum
1042 449 1089 476 ac
1117 436 1322 476 vexatione
1349 437 1504 491 iusigne
1521 435 1765 491 faciendum

316 487 490 544 fuisse?
519 504 566 530 ne
583 496 715 530 mutas
736 489 893 545 quidem
915 490 1059 531 bestias
1074 492 1204 532 minus
1225 491 1397 533 alereac
1415 492 1578 548 jovere,
1599 492 1633 532 si
1663 491 1765 547 quid

330 560 379 586 ex
390 547 584 601 progenie
604 560 678 586 sua
695 560 844 600 parum
865 560 1099 601 prosperum
1118 548 1184 588 sit.
1245 549 1322 599 At,
1345 548 1535 598 Hercule,
1557 547 1612 589 L.
1634 546 1766 589 Man-

331 601 447 653 lium,
479 601 628 643 malum
656 601 761 642 malo
791 616 936 657 augere
949 603 1056 658 filii,
1086 610 1123 644 et
1152 603 1387 646 tarditatem
1418 605 1569 661 ingenii
1601 605 1765 659 insuper

322 673 530 713 premere‚·
571 664 624 708 et,
653 657 688 698 si
717 658 818 714 quid
846 659 889 698 in
917 674 958 700 eo
989 660 1176 715 exiguum
1203 660 1406 701 naturalis
1433 661 1585 717 vigoris
1622 661 1693 711 sit,
1719 660 1767 701 id

331 715 578 771 exstinguere
606 714 693 755 vita
733 715 883 770 agresti
920 721 956 756 et
995 711 1142 757 rustico
1181 716 1306 768 cultu,
1336 718 1442 758 inter
1476 716 1652 772 pecudes
1691 716 1764 758 Iza-

332 770 474 812 hendo.

387 828 442 868 V.
485 826 690 869 Omnium
731 827 874 882 potius
924 827 991 869 his
1039 829 1421 882 criminationibus,
1461 843 1588 884 quam
1631 828 1769 884 ipsius

323 883 513 939 juvenis,
538 885 722 925 irritatus
745 893 808 925 est
828 884 1018 926 animus:
1042 886 1144 939 quin
1166 894 1326 936 contra,
1348 901 1392 927 se
1409 900 1579 941 quoque
1600 885 1764 940 parenti

329 955 520 982 caussam
565 941 738 982 invidiae
780 950 907 995 atque
947 942 1171 983 criminum
1211 957 1316 993 esse,
1355 957 1466 998 aegre
1506 956 1666 998 passus,
1698 945 1766 994 (ut

329 1012 476 1039 omnes
519 996 593 1038 Dii
635 997 913 1052 hominesque
952 999 1124 1049 scirent,
1165 1013 1208 1039 se
1249 1000 1411 1055 parenti
1453 1013 1575 1054 opem
1617 998 1763 1049 latam,

329 1069 457 1109 quam
508 1053 692 1094 inimicis
740 1053 847 1107 ejus,
888 1054 1030 1104 malle)
1069 1055 1186 1110 capit
1226 1055 1466 1106 consilium,
1505 1055 1620 1095 rudis
1669 1054 1765 1109 qui-

328 1113 425 1152 dem
457 1119 584 1165 atque
613 1111 790 1166 agrestis
821 1111 967 1160 animi,
997 1121 1040 1152 et
1069 1126 1326 1167 quamquam
1359 1115 1391 1136 ³⁴
1407 1125 1492 1152 non
1521 1111 1658 1153 civilis
1688 1125 1765 1152 ex-

328 1167 473 1223 empli,
504 1177 646 1207 tamen
677 1167 837 1222 pietate
866 1167 1089 1209 laudabile.
1152 1167 1434 1210 Inscientibus
1464 1167 1650 1218 cunctis,
1675 1166 1766 1208 cul-

330 1234 396 1265 tro
419 1223 680 1273 subcinctus,
703 1237 825 1264 mane
846 1224 888 1264 in
908 1225 1070 1275 urbem,
1091 1234 1218 1279 atque
1250 1241 1274 1265 a
1301 1232 1422 1280 porta
1454 1224 1628 1265 domum
1659 1237 1780 1265 con-‚-

329 1281 474 1322 festim
517 1280 569 1321 ad
628 1279 692 1320 M.
738 1279 1023 1335 Pomponium
1075 1282 1292 1322 tribunum
1343 1280 1486 1336 pergit
1505 1297 1514 1322 :
1562 1280 1760 1334 janitori,

330 1352 428 1393 opus
447 1351 527 1378 esse
546 1335 624 1378 sibi
653 1335 812 1377 domino
829 1338 913 1392 ejus
934 1345 1122 1379 convento
1143 1337 1348 1393 extemplo,
1371 1338 1445 1378 ait.
1466 1337 1692 1387 nunciaret,
1713 1335 1763 1376 T.

329 1393 544 1443 ,Manlium
565 1392 618 1433 L.
621 1393 765 1448 filium
786 1408 881 1434 esse.
922 1393 1033 1435 Mox
1052 1394 1334 1444 introductus,
1357 1393 1532 1447 (etenim
1555 1393 1766 1448 percitum

328 1453 392 1492 ira
414 1452 455 1492 in
480 1460 642 1506 patrem
665 1465 758 1505 spes
777 1461 867 1491 erat
884 1459 958 1492 aut
977 1451 1167 1492 criminis
1189 1451 1348 1507 aliquid
1369 1451 1486 1500 novi,
1503 1459 1578 1491 aut
1597 1448 1765 1491 consilii

330 1509 383 1549 ad
405 1522 492 1548 rem
513 1506 737 1562 agendam,
758 1506 938 1556 deferre)
959 1508 1092 1548 salute
1111 1517 1288 1563 accepta
1309 1507 1568 1561 redditaque,
1591 1519 1670 1547 esse
1689 1505 1766 1557 ait,

322 1579 419 1621 quae
441 1579 531 1605 cum
548 1578 590 1604 eo
613 1577 731 1618 agere
751 1563 922 1604 arbitris
944 1564 1102 1605 remotis
1122 1563 1232 1606 velit.
1268 1563 1423 1605 Procul
1445 1563 1543 1604 inde
1564 1562 1766 1603 omnibus

331 1622 449 1663 abire
478 1620 624 1675 jussiS,
643 1619 823 1660 cultrum
859 1620 1054 1677 stringit:
1086 1630 1142 1671 et,
1165 1635 1290 1675 super
1321 1620 1477 1662 lectum
1507 1628 1621 1660 stans
1650 1617 1763 1660 ferro

330 1679 512 1728 intento,
527 1676 623 1726 nisi,
647 1677 688 1716 in
712 1690 808 1731 quae
832 1677 921 1731 ipse
943 1677 1209 1732 concepisset
1224 1677 1555 1732 verba‚juraret‚
1573 1689 1612 1716 se
1627 1674 1764 1730 patris

329 1735 415 1791 ejus
435 1731 653 1774 accusandi
671 1747 810 1774 caussa
828 1733 1041 1774 concilium
1059 1733 1186 1789 plebis
1206 1748 1425 1790 numquam
1451 1732 1700 1782 habiturum,
1719 1745 1764 1771 se

327 1806 426 1833 eum
467 1789 684 1844 extemplo
724 1790 1025 1831 transfixurum
1066 1791 1266 1832 minatur.
1327 1789 1513 1831 Pavidus
1563 1788 1761 1843 tribunus

328 1848 506 1903 (quippe
528 1846 600 1902 qui
623 1845 776 1887 ferrum
801 1855 898 1887 ante
919 1847 1064 1888 oculos
1096 1847 1265 1898 micare,
1286 1861 1329 1887 se
1359 1845 1512 1896 solum,
1533 1844 1764 1895 inermem;

327 1905 448 1946 illum
471 1903 746 1960 praevalidum
764 1902 983 1958 juvenem,
1005 1912 1060 1954 et,
1082 1903 1195 1958 quod
1217 1903 1330 1944 haud
1351 1902 1491 1943 minus
1524 1900 1762 1941 timendum

327 1970 432 2011 erat,
456 1959 608 2003 stolide
639 1959 822 2000 ferocem
854 1960 1012 2001 viribus
1045 1962 1130 2000 suis
1162 1960 1370 2010 cerneret)
1389 1958 1572 2013 adjurat,
1592 1958 1635 1998 in
1665 1971 1764 2012 quae

328 2019 502 2060 adactus
524 2025 588 2057 est
611 2017 762 2067 verba3
793 2025 836 2057 et
857 2031 941 2071 prae
966 2031 1009 2058 se
1030 2016 1182 2057 deinde
1204 2016 1316 2066 tulit,
1338 2029 1387 2056 ea
1410 2017 1449 2055 vi
1472 2015 1696 2055 subactum
1719 2028 1764 2053 se

328 2075 501 2129 incepto
533 2073 756 2113 destitisse.
819 2073 911 2114 Nec
943 2073 1129 2129 perinde,
1161 2081 1208 2113 ut
1244 2072 1460 2113 maluisset
1491 2070 1649 2127 plebeS,
1680 2068 1764 2110 sibi

327 2129 519 2186 suffragii
545 2129 702 2169 ferendi
725 2129 777 2170 de
811 2138 896 2171 tam
929 2129 1087 2171 crudeli
1120 2138 1163 2170 et
1191 2129 1371 2184 superbo
1399 2143 1471 2169 reo
1506 2136 1765 2182 potestatem

328 2188 444 2238 fieri,
477 2187 536 2226 ita
558 2199 671 2241 aegre
703 2185 864 2236 habuit,
889 2186 1020 2227 filium
1053 2186 1093 2227 id
1130 2201 1205 2242 pro
1237 2195 1410 2241 parente
1440 2198 1604 2226 ausum.
1625 2197 1766 2238 eoque

328 2245 370 2285 id
393 2242 645 2284 laudabilius
662 2244 768 2292 erat,
790 2243 903 2297 quod
927 2244 1113 2283 animum
1135 2243 1227 2298 ejus
1250 2251 1367 2284 tanta
1387 2241 1594 2283 acerbitas
1625 2239 1762 2295 patria

327 2299 434 2341 nihil
455 2315 479 2341 a
501 2299 657 2355 pietate
689 2300 922 2350 avertisset,
983 2299 1133 2354 Itaque
1168 2313 1252 2339 non
1285 2298 1394 2353 patri
1427 2297 1555 2338 modo
1589 2296 1763 2337 remissa

327 2371 488 2398 caussae
509 2356 642 2397 dictio
675 2364 754 2406 est,
773 2356 845 2396 sed
878 2356 958 2411 ipsi
991 2357 1119 2396 etiam
1150 2354 1405 2396 adolescenti
1436 2368 1486 2395 ea
1514 2367 1577 2394 res
1606 2351 1759 2393 honori

326 2413 424 2454 fuit.
442 2423 485 2453 et
515 2426 645 2467 quum
676 2426 726 2453 eo
758 2426 869 2452 anno
901 2413 1083 2468 primum
1117 2412 1357 2467 placuisset,
1377 2415 1408 2438 ³⁵
1424 2411 1616 2451 tribunos
1646 2407 1759 2448 mili-

325 2479 416 2511 tum
448 2469 500 2510 ad
531 2469 719 2524 legiones
740 2467 943 2525 suffragio
974 2469 1079 2520 fieri,
1098 2471 1255 2522 (³⁶nam
1278 2478 1321 2510 et
1342 2476 1481 2518 antea,
1501 2466 1612 2506 sicut
1630 2478 1759 2515 nunc,

366 2585 405 2613 33
433 2582 671 2622 Nutriendum]
699 2581 853 2611 Mollibus
869 2583 1021 2612 remediis
1066 2582 1112 2612 Ut
1128 2582 1311 2622 legionibus
1328 2583 1518 2622 praeessent.
1546 2578 1608 2608 Sex
1626 2578 1659 2607 in
1677 2586 1760 2607 una-

322 2629 358 2655 et
386 2629 523 2665 paterna
546 2625 755 2664 indulgentia
777 2625 1021 2656 medicandum.
1064 2636 1192 2664 quaque
1209 2625 1335 2665 legione
1350 2623 1474 2654 tribuni
1491 2621 1632 2652 militum
1649 2626 1760 2656 erant,

323 2669 397 2699 vid.
415 2667 469 2698 lv.
485 2670 537 2698 52.
553 2678 663 2707 supra.
1063 2673 1148 2699 teste
1174 2669 1282 2708 Polyb.
1301 2668 1323 2698 l.
1335 2667 1389 2698 Vl.
1407 2667 1492 2705 iique
1516 2665 1700 2705 principem
1723 2664 1759 2693 in

365 2714 406 2742 34
440 2711 517 2741 Non
539 2710 653 2749 civilis]
680 2710 896 2741 Alihorrenlis
919 2712 959 2741 ab
983 2713 1021 2742 iis
1065 2711 1194 2751 legione
1211 2711 1320 2742 locum
1336 2710 1507 2740 tenebant.

322 2754 465 2794 legibus,
488 2754 604 2792 quibus
629 2754 731 2783 civilis
754 2755 892 2784 societas
915 2757 1020 2785 conti·
1106 2755 1148 2785 36
1171 2755 1264 2784 Nam
1278 2759 1307 2784 ee
1330 2757 1439 2789 antea,
1454 2753 1538 2781 sicut
1561 2749 1661 2789 nunc]
1686 2747 1762 2779 Ma-

306 2809 308 2812 *
323 2805 431 2829 netur.
1064 2798 1113 2836 gis
1129 2797 1294 2838 placeret:
1311 2806 1388 2828 num
1404 2800 1513 2833 antea,
1530 2795 1610 2825 sicut
1624 2799 1654 2824 ec
1671 2800 1757 2823 ηιιηι·

367 2845 405 2872 3³
440 2840 595 2871 Tribunos
627 2841 767 2871 militum
797 2841 841 2870 ad
870 2839 1017 2879 legiones]
1065 2861 1137 2872 ...-
