1969 3239
8 96 21 139 2⁴4-

27 160 29 162 -
25 130 33 137 ι

641 132 760 172 LIB.
786 132 854 171 IV.
890 133 1019 171 CAP.
1048 133 1138 173 XX.

181 234 299 276 ‘²tam
342 241 502 276 veteres
543 235 724 285 annales,
759 233 958 290 quodque
999 234 1321 290 magistratuum
1360 235 1472 286 libri,
1506 241 1669 292 quosU.
1685 242 1722 272 C.
1737 245 1811 275 318·

184 291 338 333 linteos
384 292 425 333 in
466 291 559 332 aede
598 292 806 347 repositos
847 291 1042 332 Monetae
1085 290 1237 332 Macer
1280 291 1469 333 Licinius
1509 285 1812 343 citatA'C·⁴3‘¹·

1538 140 1612 174 251

184 348 433 390 idemtidem
475 357 682 398 auctores,
722 353 736 373 ³
753 362 866 388 nono
914 357 1012 403 post
1054 347 1225 388 demum
1273 363 1383 389 anno
1425 363 1521 389 cum
1564 350 1616 394 T.

184 405 392 452 Quinctio
426 405 573 446 Penno
595 404 649 444 A.
679 403 922 446 Cornelium
959 403 1138 445 Cossum
1169 404 1383 445 consulem
1415 404 1616 459 habeant,

181 462 443 503 existimatio
465 461 703 506 communis
725 461 925 502 omuibus
943 470 1022 502 est.
1044 476 1138 502 nam
1158 462 1284 503 etiam
1310 461 1411 502 illud
1434 463 1616 515 accedit,

184 533 238 561 ne
260 528 344 560 tam
367 519 479 559 clara
508 532 651 573 pugna
682 517 724 558 in
755 531 850 558 eum
882 532 1037 558 annum
1072 517 1288 559 transferri
1322 528 1479 573 posset,
1501 521 1617 574 quod

184 575 340 617 inbelle
362 575 586 616 triennium
610 573 741 614 ferme
771 574 1013 628 pestilentia
1040 575 1268 630 inopiaque
1299 574 1472 630 frugum
1503 576 1619 618 circa.

185 632 240 674 A.
265 631 508 673 Cornelium
530 630 746 672 consulem
770 631 876 672 fuit:
907 632 1014 672 adeo
1038 642 1081 672 ut
1104 632 1276 686 quidam
1297 633 1481 683 annales,
1501 637 1515 657 ⁴
1533 633 1618 673 vel-

183 699 232 729 ut
262 688 432 737 funesti,
455 687 562 728 nihil
583 696 738 741 praeter
759 688 932 729 nomina
957 688 1179 729 consulum
1210 689 1455 744 siibgerant.

1514 688 1617 730 Ter-

185 746 272 786 -tius
292 746 346 787 ab
369 744 587 786 consulatu
611 744 735 785 Cossi
765 759 898 785 annus
930 745 1141 786 tribunum
1173 759 1266 785 eum
1300 745 1480 787 militum
1515 761 1617 787 con-

182 802 309 843 sulari
350 810 559 856 potestate
595 800 747 853 habet3
790 802 940 842 eodem
972 816 1083 843 anno
1115 803 1366 858 magistrum
1398 803 1616 857 equitum:

180 873 272 913 quo
294 859 336 899 in
359 858 536 912 imperio
559 857 732 898 alteram
757 858 966 914 insignem
988 859 1122 899 edidit
1144 873 1332 914 pugnam
1363 869 1618 914 equestrem.

188 917 203 942 ⁵
215 930 266 957 ea
285 914 418 957 libera
436 914 686 970 conjectura
707 924 782 956 est.

180 1042 275 1064 suam
300 1032 593 1068 existimationem,
610 1031 676 1062 sive
703 1041 801 1062 suum
827 1032 879 1071 ju-

181 1077 305 1106 dicium
322 1077 534 1116 interponere
552 1075 641 1105 licet.
687 1075 748 1105 Sed
765 1076 797 1105 in
822 1075 878 1105 de-

177 1120 306 1150 cimum
324 1121 399 1160 pos’t
419 1129 544 1149 annum
569 1119 660 1157 rejici
684 1119 787 1158 spolia
810 1128 876 1149 non

180 1168 332 1204 possunt.
378 1163 486 1200 Nam,
519 1168 640 1201 praeter
677 1172 875 1192 consensum

179 1208 382 1246 scriptorum
405 1207 570 1242 omnium,
585 1206 642 1244 qui
669 1206 702 1234 in
720 1205 822 1243 hunc,
840 1206 873 1235 in

177 1260 247 1290 quo
261 1260 349 1280 nunc
370 1259 551 1286 versamur,
567 1258 690 1278 annum
705 1258 744 1278 ea
757 1254 873 1279 contu-

179 1293 306 1329 lerunt,
335 1295 434 1324 etiam
465 1293 550 1323 illud
576 1292 709 1329 accedit,
736 1302 775 1322 ne
805 1297 873 1322 tam

180 1339 276 1367 clara
289 1347 404 1376 pugna
428 1339 462 1374 ἐκ
486 1346 560 1366 eum
583 1345 719 1372 annum,
736 1336 756 1365 i.
773 1345 801 1366 e.
818 1335 874 1365 de-

181 1381 309 1410 cimum
326 1386 398 1420 pust
416 1389 555 1416 annum,
572 1379 748 1418 transferri
758 1385 874 1418 poss-ee,

181 1424 266 1471 quod
294 1425 417 1454 imbelle
452 1424 631 1453 triennium
668 1423 754 1452 circa
793 1422 875 1452 iliud

178 1474 330 1506 tempus,
343 1476 407 1505 quo
424 1466 543 1496 Cossus
559 1466 674 1494 consul
692 1466 790 1494 fuisse
807 1475 875 1494 nie-

185 1514 334 1540 moratur
348 1511 382 1540 in
398 1509 572 1540 annalibus
588 1518 626 1538 ac
641 1507 731 1537 libris
755 1509 875 1547 magis-

179 1557 347 1591 tratuum,
358 1552 446 1592 ficit.
493 1552 692 1582 particulam
708 1553 735 1581 εἰ
758 1561 816 1591 pro
829 1562 876 1582 an

182 1605 250 1627 :non
267 1607 339 1626 raro
362 1600 501 1635 usurpat
525 1595 648 1631 Livius,
666 1599 705 1624 ut
726 1595 876 1624 observa-

180 1640 292 1672 bimus
315 1640 356 1669 ad
380 1638 502 1669 XXXI.
521 1642 552 1672 9.
598 1638 753 1668 Ceterum
779 1637 876 1677 longe

178 1682 279 1712 aliter
304 1682 430 1712 Livium
454 1682 494 1712 de
509 1681 620 1721 spoliis
644 1681 736 1710 Cossi
758 1682 875 1720 opimis

178 1727 336 1764 sensisse,
361 1736 458 1765 quam
484 1725 538 1754 hic
561 1734 627 1764 prae
650 1734 684 1753 se
706 1724 805 1760 ferat,
824 1725 874 1754 vel

177 1780 223 1801 tex
237 1779 277 1800 eo
292 1775 399 1809 patet,
416 1769 504 1808 quod
528 1767 615 1797 infra
637 1777 664 1797 c.
682 1769 734 1798 32.
751 1768 785 1796 in
802 1777 873 1797 ora-

179 1813 270 1843 tione
286 1813 390 1852 Mam.
405 1811 531 1842 AEmilii
556 1811 727 1841 dictatoris
754 1810 872 1841 Cossus

174 1856 290 1896 *adhuc
301 1857 433 1886 dicatur
443 1855 596 1885 tribunus
610 1855 755 1884 militum
769 1854 874 1893 spolia

176 1901 292 1940 opima
303 1899 395 1930 dovis
412 1898 548 1935 Feretrii
571 1897 696 1937 templo
711 1898 873 1927 intulisse.

222 1945 243 1973 2
268 1943 352 1977 Tam
368 1943 497 1983 veteres]
524 1941 626 1971 Valde
641 1940 874 1970 veteres.*Ni-

177 1986 208 2024 ,si
224 1985 309 2016 forte
323 1987 430 2026 ‘magis
447 1986 591 2026 placebit
607 1994 754 2014 resecare
771 1989 851 2014 tam.

225 2033 244 2060 3
270 2029 376 2068 Nono]
405 2029 477 2059 Hoc
491 2039 511 2059 a
531 2029 667 2067 Sigonio
691 2032 754 2063 est,
772 2037 874 2066 quum

180 2073 270 2112 prius
301 2073 468 2112 legeretur
494 2074 636 2112 septimo.
682 2071 873 2100 Perizonius

180 2117 217 2146 in
237 2116 409 2146 Animadv.
436 2115 523 2145 Hist.
551 2125 579 2145 c.
595 2118 626 2150 ἵ.
648 2113 766 2152 mallet
792 2114 875 2144 deei-

183 2169 244 2197 mo,
277 2169 349 2198 quae
386 2159 550 2198 scriptura
575 2158 712 2198 propius
736 2157 875 2193 ,accedit

180 2203 222 2233 ad
243 2201 279 2232 .τᾶ
300 2200 440 2241 septimo.
484 2202 581 2241 Quod
607 2201 874 2237 si‘admittatur,

180 2247 216 2276 in
233 2245 445 2276 numerandis
472 2245 586 2275 decem
609 2245 705 2277 annis
726 2244 783 2283 hic
799 2245 870 2284 ipse

180 2299 288 2320 annus
306 2289 524 2319 includendus
539 2289 614 2317 erit.

223 2332 374 2364 4⁴⁵Vetut
391 2330 536 2372 funesti]
561 2330 662 2370 Quasi
688 2330 729 2361 ob
754 2331 873 2360 erebra

179 2375 298 2407 funera
313 2376 504 2407 moestitiam
522 2373 744 2414 praeferentes.

223 2424 242 2451 5
265 2419 322 2450 Eu
346 2420 446 2449 libera
468 2415 652 2458 conjectura
674 2416 731 2457 est]
749 2418 787 2446 Iu
802 2416 867 2457 his,

174 2473 253 2503 iquae
268 2463 416 2502 proxime
429 2461 632 2502 praecedunt,
648 2469 766 2489 novam
778 2464 868 2489 attu-

178 2507 220 2537 lit
246 2507 495 2546 conjecturam:
526 2505 700 2541 nimirum,
726 2508 765 2532 ut
792 2502 870 2532 Cos-

175 2559 233 2580 sus
249 2551 406 2588 magister
420 2549 573 2587 equitum
596 2547 697 2577 tertio
724 2546 764 2576 ab
790 2555 869 2575 con-

177 2592 288 2624 sulatu
312 2602 399 2622 anuo
421 2591 526 2631 spolia
547 2592 658 2630 opima
681 2589 805 2629 cepisse
821 2588 870 2617 di-

176 2641 283 2666 catur.
326 2636 396 2674 Ea,
416 2636 538 2674 inquit,
563 2635 661 2664 libera
683 2630 870 2671 conjectura

177 2684 242 2710 est:
266 2680 288 2709 i.
303 2689 331 2708 e.
348 2688 405 2718 per
420 2688 474 2708 me
490 2677 570 2707 licet
594 2677 678 2707 lianc
702 2675 871 2713 conjectu-

175 2732 260 2759 ram,
277 2723 331 2761 qui
348 2721 501 2759 voluerit,
517 2720 748 2759 amplectatur.
798 2717 868 2746 Hoc

172 2769 287 2796 autem
303 2765 397 2803 dicit,
414 2773 482 2794 non
498 2764 587 2803 quod
603 2763 695 2792 illam
719 2760 871 2802 probabi-

174 2807 242 2838 lem
269 2808 382 2845 ducat,
398 2809 520 2847 quippe
547 2817 644 2846 quam
675 2815 750 2835 mox
776 2803 872 2834 refel-

170 2850 245 2891 let3
268 2851 326 2883 sed
348 2855 386 2882 ut
410 2851 577 2891 significet
599 2859 714 2880 senon
740 2858 810 2879 esse
837 2847 871 2878 in

860 916 946 956 Sed
965 919 1034 969 (ut
1054 930 1136 971 ego
1167 916 1365 966 arbitror)
1388 931 1497 957 vana
1528 931 1619 958 ver-

922 1041 1027 1068 mora,
1043 1031 1222 1070 quominus
1246 1040 1285 1060 ea
1306 1034 1436 1067 utatur,
1453 1031 1480 1060 si
1505 1032 1558 1061 cui
1581 1031 1619 1060 li-

920 1075 1042 1105 buerit.
1086 1075 1165 1105 Mox
1191 1075 1311 1104 transit
1337 1075 1378 1104 ad
1404 1074 1495 1103 illam
1524 1074 1619 1104 refel-

922 1118 1066 1148 lendam.
1122 1118 1198 1154 Sed,
1230 1122 1267 1147 ut
1298 1127 1355 1156 ego
1385 1118 1538 1154 arbitror,
1568 1118 1619 1147 in-

920 1162 1005 1200 quit,
1022 1171 1109 1191 vana
1124 1170 1253 1191 versare
1275 1163 1309 1191 in
1331 1171 1439 1191 omnes
1459 1162 1618 1200 opiniones

919 1207 1010 1235 licet:
1036 1205 1128 1243 quasi
1154 1204 1290 1242 diceret,
1317 1204 1378 1233 hoc
1406 1214 1525 1243 nempe
1554 1214 1617 1235 usu

918 1249 1022 1285 venit,
1034 1248 1132 1278 simul
1149 1251 1246 1286 atque
1259 1258 1278 1278 a
1294 1248 1434 1277 veritate
1449 1257 1617 1278 recessum

918 1296 980 1329 est,
999 1295 1049 1328 ut,
1065 1297 1223 1330 tanquam
1241 1292 1312 1321 sine
1329 1291 1425 1327 duce,
1442 1291 1476 1320 in
1501 1291 1615 1329 quaeii-

918 1335 973 1365 bet
991 1335 1187 1374 opinionum
1211 1338 1402 1364 commenta
1418 1334 1617 1373 divagemur

920 1379 1133 1417 conjecturae.
1177 1378 1306 1407 Vei-sari
1344 1387 1422 1406 sane
1460 1384 1493 1406 et
1522 1378 1616 1416 quasi

920 1422 1101 1459 circumagi
1125 1421 1158 1450 in
1186 1430 1400 1459 quascunque
1427 1421 1614 1460 opiniones,

920 1475 995 1494 meo
1019 1465 1152 1503 quidem
1173 1464 1314 1503 judicio,
1331 1469 1470 1503 possunt
1494 1473 1544 1493 res
1561 1474 1617 1493 va-

920 1517 984 1544 nae,
1015 1515 1053 1537 ac
1091 1507 1182 1537 nullo
1219 1507 1367 1537 veritatis
1396 1506 1618 1537 fundamento

920 1551 1090 1581 subnixae:
1128 1550 1238 1589 qualia
1272 1555 1352 1580 sunt
1388 1560 1427 1579 ea
1456 1560 1615 1588 quaecun-

920 1604 983 1632 que
1015 1594 1055 1623 de
1078 1594 1190 1633 spoliis
1221 1594 1339 1633 opimis
1371 1603 1390 1622 a.
1419 1593 1518 1623 Cosso
1549 1603 1615 1623 non

920 1637 1055 1667 consule
1084 1637 1242 1667 detractis
1264 1636 1504 1675 jactabuntur3
1541 1646 1615 1675 qum

920 1680 1052 1718 quidem
1120 1680 1302 1710 certissime
1367 1689 1456 1709 vana
1520 1684 1613 1718 sunt,

917 1733 1019 1762 quum
1050 1725 1075 1753 is
1099 1724 1155 1762 qui
1189 1733 1336 1763 pugnam
1369 1723 1483 1758 edidit,
1507 1733 1615 1754 recen-

916 1768 1000 1797 tibus
1028 1768 1133 1806 spoliis
1156 1768 1189 1797 in
1214 1777 1309 1796 saera
1339 1767 1410 1796 sede
1429 1767 1538 1805 positis
1562 1787 1590 1796 ..
1605 1789 1613 1796 .

915 1820 979 1840 Sese
1004 1812 1161 1840 consulem
1186 1811 1361 1849 scripserit.
1409 1809 1470 1840 Illa
1499 1814 1613 1839 tamen

917 1854 1089 1893 inscriptio
1107 1863 1171 1883 non
1190 1853 1287 1892 plane
1310 1853 1403 1882 litem
1428 1853 1613 1882 secundum

919 1897 1107 1936 Augustum
1154 1897 1263 1926 dabat.
1317 1897 1477 1926 Observat
1521 1897 1613 1926 enim

918 1939 1110 1970 Perizonius
1128 1940 1182 1969 lib.
1198 1943 1233 1969 et
1249 1950 1319 1979 cap.
1335 1949 1435 1979 supra
1449 1949 1613 1969 memora-

918 1984 974 2021 tis,
1001 1983 1180 2013 admodum
1212 1982 1388 2013 verisimile
1420 1992 1489 2012 esse
1519 1982 1612 2011 illam

920 2027 959 2057 ab
992 2026 1083 2056 Cossi
1113 2027 1253 2066 posteris
1283 2027 1408 2066 potius,
1440 2035 1538 2064 quam
1571 2025 1612 2054 ab

918 2071 988 2110 ipso
1022 2070 1121 2099 Cosso
1151 2070 1292 2109 positam
1323 2069 1436 2099 fuisse.
1481 2068 1613 2099 Deinde

917 2113 1035 2153 probat
1066 2113 1154 2142 idem
1194 2112 1283 2142 hunc
1320 2112 1406 2152 apud
1445 2112 1612 2142 Romanos

919 2166 1044 2186 rnorem
1075 2156 1270 2193 obtinuisse,
1294 2160 1331 2186 ut
1352 2157 1387 2186 in
1414 2164 1614 2185 monumen-

918 2201 959 2229 tis
978 2209 1050 2238 quae
1068 2199 1108 2229 ad
1125 2198 1262 2238 gloriam
1280 2199 1420 2236 alicujus
1444 2198 1613 2228 celebran-

915 2243 989 2272 dam
1006 2243 1266 2279 destinarentur,
1283 2243 1309 2272 si
1326 2242 1380 2272 ille
1401 2241 1516 2272 consul
1531 2241 1612 2271 suis-

914 2290 977 2324 set,
994 2286 1182 2316 nominibus
1209 2286 1280 2324 ejus
1308 2285 1545 2324 adiungeretur
1569 2284 1614 2313 ti-

914 2329 1005 2359 tulus
1037 2328 1241 2359 consulatus.
1288 2329 1468 2359 Credamus
1499 2328 1612 2366 itaque

916 2372 1009 2402 Livio
1031 2375 1066 2401 et
1080 2374 1243 2411 Augusto,
1259 2381 1366 2410 neque
1393 2372 1485 2400 enim
1507 2370 1613 2400 tantis

911 2415 1052 2446 testibus
1076 2415 1171 2445 facile
1199 2415 1388 2453 abroganda
1412 2414 1505 2451 fides,
1526 2413 1612 2443 hane

914 2459 952 2489 de
968 2469 1033 2497 qua
1047 2459 1176 2497 agimus
1193 2458 1442 2498 inscriptionem
1466 2457 1529 2486 hoc
1543 2456 1612 2490 fere

911 2502 1012 2538 ,niodo
1048 2511 1082 2532 se
1122 2502 1297 2531 habuisse:
1343 2500 1382 2530 A.
1416 2501 1612 2530 Comi-,mus

914 2545 1038 2575 Cossus
1065 2553 1195 2575 CONSUL
1224 2552 1337 2574 si’oLiA
1363 2552 1468 2573 omnia
1499 2551 1613 2580 οΕΡιΤ,

914 2588 973 2618 ἃς.
1017 2586 1079 2618 Illa
1093 2588 1264 2627 inscriptio
1285 2597 1350 2616 non
1366 2587 1448 2616 'ideo
1460 2586 1615 2625 conjicie-

916 2631 973 2661 bat
992 2631 1176 2661 necessario
1200 2631 1234 2659 in
1261 2640 1365 2660 unum
1391 2629 1614 2668 eumdemque

914 2683 1040 2704 annum
1074 2674 1163 2704 Cossi
1192 2673 1297 2713 spolia
1325 2674 1447 2712 opima,
1477 2673 1612 2711 ejusque

914 2717 1126 2746 consulatum
1143 2730 1149 2746 :
1175 2716 1232 2746 sed
1247 2716 1439 2746 declarabat
1462 2722 1613 2745 tantum-

914 2760 1025 2795 modo,
1055 2769 1133 2790 euin
1164 2764 1198 2789 et
1228 2759 1399 2790 consulem
1431 2759 1546 2795 fuisse,
1579 2762 1612 2788 et

915 2802 1020 2843 spolia
1034 2804 1145 2842 opima
1169 2803 1316 2841 cepisse3
1338 2803 1403 2832 ‘hoc
1427 2809 1489 2838 est,
1507 2800 1615 2840 dupli-

910 2847 945 2883 ,ci
977 2847 1112 2877 nomine
1149 2846 1273 2876 clarum
1304 2846 1430 2885 haberi,
1462 2843 1548 2885 quod
1579 2847 1614 2874 ct
