1925 3239
150 1443 214 1475 Qui
229 1449 336 1470 nume-

148 1495 202 1514 rus
218 1485 318 1522 copia-

150 1538 218 1558 rum
235 1529 265 1556 in
281 1537 334 1556 ex-

149 1570 307 1600 ercitibus.

338 2818 340 2820 -
368 2804 441 2829 rent
466 2801 642 2840 manipulis

302 243 332 271 ε’-
356 238 389 260 ⁴⁹
405 244 576 277 centum
608 236 828 292 octoginta
852 250 924 277 sex
955 237 1147 278 homines
1177 238 1314 278 erant⁵

320 306 327 314 ·
354 293 390 314 ⁵⁰
404 293 568 332 triarios
588 294 785 343 ducebat,
802 303 1043 334 veteranum
1069 296 1244 335 militem
1264 304 1465 348 spectatae
1489 294 1675 335 virtutis:
1712 307 1777 334 se·

356 141 433 175 453
879 136 1015 177 T1T1
1055 135 1229 174 LIVII

356 348 540 389 cundum
566 354 591 375 ⁵¹
611 350 803 399 rorarios,
827 351 964 389 minus
996 352 1160 391 roboris
1184 361 1308 391 aetate
1340 350 1573 404 factisque:
1607 349 1776 390 tertium

354 407 387 428 ⁵2
402 419 616 456 accensos,
640 406 827 446 minimae
859 406 1027 446 fiduciae
1061 422 1246 447 manum.
1287 422 1346 448 eo,
1369 417 1412 447 et
1445 409 1485 447 in
1522 416 1777 461 postremam

355 462 490 502 aciem
514 462 826 525 rejiciebantur.
891 462 972 503 Ubi
992 462 1056 512 his
1078 464 1297 505 ordinibus
1318 463 1528 504 exercitus
1549 462 1777 502 instructus

353 528 478 568 esset,
498 518 652 559 hastati
676 519 865 559 omnium
888 520 1012 573 primi
1036 534 1220 575 pugnam
1244 520 1421 560 inibant.
1447 521 1478 559 si
1504 519 1656 562 hastati
1681 532 1776 572 pro-

355 575 505 630 fligare
537 575 702 616 hostem
740 590 822 615 non
855 584 1040 638 possent,
1064 577 1168 640 pede
1199 591 1340 632 presso
1371 591 1442 617 eos
1471 575 1779 616 retrocedentes

354 631 412 654 ⁵³
404 646 445 672 in
469 632 689 671 intervalla
718 631 913 673 ordinum
947 633 1158 688 principes
1190 634 1466 687 recipiebant
1510 642 1596 672 tum
1621 631 1778 686 princi-

354 702 456 742 pum
477 702 621 743 pugna
647 699 762 739 erat3
794 690 823 710 ⁵⁴
841 687 1012 728 hastati
1027 691 1323 743 sequebantur,
1357 688 1485 729 triarii
1513 689 1592 728 sub
1610 686 1775 728 vexillis

355 745 650 795 considebant,
664 747 694 767 55
684 745 875 785 sinistro
892 759 1011 784 crure
1024 757 1235 800 porrecto,
1251 748 1281 770 ⁵⁶
1295 757 1413 786 scuta
1427 745 1564 785 innisa
1577 743 1778 793 humeris,

355 799 496 841 hastas
518 804 547 826 ⁵⁷
565 802 758 842 subrecta
770 801 947 856 cuspide
969 802 1053 842 58in
1075 811 1184 843 terra
1201 802 1321 851 fixas,
1338 801 1488 842 ⁵⁹haud
1506 815 1625 842 secus
1647 813 1775 854 quam

353 857 466 898 vallo
483 866 601 913 septa
615 858 848 899 inhorreret
867 872 990 907 aeleS,
1011 868 1213 899 tenentes.
1256 859 1300 899 Si
1316 858 1428 912 apud
1445 858 1654 913 principes
1673 871 1779 920 (ψο-

348 928 439 976 que
459 914 570 955 haud
590 915 690 955 satis
712 928 907 970 prospere
923 924 1031 955 esset
1046 924 1296 970 pugnatum,
1309 930 1333 956 a
1349 916 1485 969 prima
1503 914 1594 954 acie
1608 914 1660 955 ad
1681 913 1780 954 tria-

356 985 439 1011 rlos
460 971 614 1012 sensim
635 971 937 1012 ιΗθῗειεὺειηωι.
969 971 1067 1012 inde
1102 986 1183 1012 rem
1212 971 1268 1011 ad
1290 972 1454 1012 marios
1471 970 1625 1021 redisse,
1646 983 1779 1024 quum

355 1026 587 1079 laboratur,
603 1028 826 1083 proverbio
849 1028 1093 1069 increbruit.
1130 1028 1282 1069 Triarii
1303 1037 1622 1083 consurgentes,
1643 1026 1713 1068 ubi
1737 1026 1782 1067 in

356 1084 579 1125 intervalla
599 1084 792 1126 ordinum
813 1099 982 1125 suornm
1006 1085 1217 1140 principes
1235 1095 1277 1124 et
1299 1085 1487 1125 hastatos
1508 1084 1780 1139 recepissent,

357 1142 574 1195 extemplo
593 1142 844 1196 compressis
882 1141 1102 1182 ordinibus
1124 1141 1238 1182 velut
1258 1141 1512 1182 claudebant
1535 1140 1646 1181 vias:
1673 1154 1780 1180 uno-

358 1212 441 1252 que
455 1198 716 1239 continenti
735 1197 1020 1254 agmine,jam
1045 1198 1158 1239 nulla
1178 1212 1252 1254 spe
1270 1209 1368 1252 post
1381 1196 1597 1247 lelicta‚1n
1615 1196 1782 1239 hostem

358 1254 634 1297 incidebant:
679 1255 719 1296 id
754 1264 843 1295 erat
876 1254 1316 1296 formidolosissimum
1349 1254 1476 1304 hosti,
1497 1267 1642 1308 quum,
1666 1252 1784 1294 velut

362 1311 495 1351 victos
536 1311 732 1362 insecuti,
769 1326 923 1351 novam
963 1322 1135 1366 repente
1173 1312 1308 1352 aciem
1345 1320 1645 1366 exsurgentem
1681 1324 1781 1352 auc-

361 1377 446 1408 tam
480 1382 654 1408 numero
681 1368 924 1409 cer.nebant
985 1369 1288 1409 Scribebantur
1318 1377 1459 1408 autem
1486 1376 1668 1422 quatuor
1694 1365 1783 1407 fere

362 1424 549 1480 legiones
585 1425 616 1448 ⁶⁰
634 1426 772 1479 quinis
812 1424 996 1465 millibus
1030 1425 1236 1480 peditum,
1269 1425 1482 1479 equitibus
1516 1438 1559 1463 ln
1596 1422 1785 1480 singulas

403 1519 414 1534 ¹
437 1515 598 1544 Creverius
621 1519 721 1544 totum
743 1516 825 1544 lmnc
846 1515 947 1544 locum
971 1515 1040 1544 inde
1064 1525 1081 1544 a
1104 1515 1204 1545 verbis
1230 1517 1300 1544 ordo
1322 1525 1490 1554 sexagenos
1511 1524 1548 1544 ex
1571 1512 1784 1544 emendatione

1596 1560 1605 1576 ⁸
1619 1557 1785 1586 continente

1319 269 1327 278 .
1361 237 1550 278 Primum
1575 236 1775 279 vexillum
1830 248 1833 249 ’

361 1559 457 1597 Lipsii
473 1559 573 1587 textui
588 1559 728 1595 inseruit,
744 1559 787 1588 ita
801 1562 918 1594 tumen,
934 1561 969 1587 ut
982 1562 1103 1588 textum
1119 1559 1279 1598 vulgatum
1296 1568 1358 1588 una
1372 1558 1530 1587 retineret.

362 1603 457 1632 Gron.
473 1602 562 1631 Crev.

364 1677 565 1716 uuusquisque
583 1677 783 1716 manipulus,
796 1686 900 1715 quum
917 1680 984 1707 tres
996 1676 1054 1707 ha—

361 1721 455 1750 beret
472 1726 594 1761 partes,
606 1722 672 1750 tria
682 1731 813 1759 qnoque
826 1720 968 1750 habebat
980 1730 1055 1750 vex-

361 1764 430 1795 illa.

411 1810 453 1842 49
490 1806 621 1837 Centum
652 1808 810 1846 octoginta
834 1817 890 1836 sex
917 1808 1054 1837 homines

363 1851 474 1889 erant]
500 1851 537 1880 In
553 1852 658 1880 tribus
674 1850 810 1880 vexillis.
848 1850 969 1879 Merito
984 1860 1054 1879 era·

366 1894 416 1924 dit
440 1894 494 1924 hic
519 1893 649 1934 Lipsius
673 1903 785 1923 vocem
808 1894 973 1923 resrillmn.
1020 1893 1051 1922 Si

363 1938 453 1967 enim
470 1938 504 1967 in
521 1947 650 1977 qnoque
667 1936 784 1967 vexillo
803 1936 953 1966 homines
978 1946 1055 1965 cen-

362 1985 436 2010 tum
453 1981 622 2020 octoginta
637 1990 706 2017 sex,
728 1983 827 2010 erunt
849 1980 882 2009 in
899 1980 969 2010 sola
992 1979 1053 2009 hac

362 2024 463 2054 tertia
477 2024 545 2053 acie
562 2026 656 2055 5580.

408 2070 448 2098 50
473 2067 632 2107 Triarius]
653 2067 723 2097 'Sic
740 2065 856 2103 dictos,
874 2070 958 2096 teste
973 2065 1054 2095 var-

364 2120 456 2148 rone,
473 2110 560 2149 quod
576 2111 609 2141 in
626 2111 694 2141 acie
711 2110 812 2141 tertio
826 2109 940 2140 ordine
967 2109 1054 2138 loca-

365 2154 496 2184 bantur.

409 2199 443 2226 51
474 2196 640 2235 Rev-arios]
678 2196 804 2227 Rorarii
834 2195 954 2225 milites
977 2195 1053 2225 inde

365 2239 443 2269 dicti
461 2240 625 2277 videntur,
643 2239 727 2278 qu'od
751 2248 853 2278 quum
873 2239 989 2269 leviter
1004 2249 1054 2268 ar—

365 2285 446 2313 mati
473 2290 594 2320 essent,
619 2283 794 2322 quemdam
821 2282 1055 2312 tantummodo

365 2326 538 2356 missilium
556 2326 645 2356 volut
659 2334 762 2356 rorem
780 2330 982 2365 spargerent.

411 2372 450 2399 5‘2
474 2369 637 2408 Acrmtsns]
658 2369 1054 2408 :frvwnsosinterprctatur

367 2412 494 2449 Festus,
511 2415 566 2452 qui
583 2413 623 2443 ad
636 2421 771 2442 censum
788 2412 955 2450 legionum
973 2411 1054 2449 adji-

366 2456 560 2486 ciebantur:
589 2457 610 2486 i.
627 2466 656 2485 e.
679 2456 734 2494 qui
761 2460 853 2484 extra
877 2464 1054 2484 numerum

366 2505 523 2537 extraque
536 2499 684 2529 ordinem
699 2498 897 2537 legioiiijam
911 2497 1054 2537 complc-

366 2546 410 2572 tae
439 2543 721 2577 adscribebantur,
746 2547 779 2571 ut
810 2542 842 2571 in
868 2540 976 2571 locuni
999 2541 1056 2570 de-

365 2591 572 2615 mortuorum
606 2585 749 2615 militum
785 2584 1055 2623 subrogarentur,

366 2628 499 2658 interim
508 2628 627 2668 jur-ulis
640 2627 880 2666 missilibusque
890 2626 964 2656 telis
975 2636 1056 2667 pug-

367 2672 489 2700 naturi.
536 2672 608 2701 Vid.
628 2679 696 2701 nor.
714 2673 765 2701 Q-l.
779 2670 817 2700 ad
832 2671 855 2699 1.
874 2673 926 2700 43.

410 2717 449 2745 53
478 2715 515 2744 In
530 2716 702 2744 inlerz'alla
714 2713 876 2751 ordinum]
892 2715 973 2752 Qut?
983 2714 1054 2751 qni-

367 2756 440 2786 dem
467 2758 512 2786 ila
529 2758 684 2797 disposita
701 2763 808 2793 urunt,
827 2762 862 2786 ut
878 2756 1053 2795 respoude-

667 2800 890 2829 llnstntnruni.
939 2800 1054 2837 ltaque

370 2842 498 2874 Hastati
537 2845 795 2880 retrocedentes,
826 2843 859 2873 in
892 2842 964 2872 illa.-
988 2843 1054 2872 vias

1098 1676 1396 1707 rectaincidebant.
1427 1673 1786 1712 Similiter-Principum

1098 1720 1259 1759 manipuli
1286 1719 1436 1759 opposita
1461 1718 1627 1749 habebant
1649 1726 1670 1746 a
1692 1722 1786 1756 tergo

1096 1763 1300 1793 Triariorum
1317 1761 1500 1792 intervalla.

1142 1810 1182 1837 5⁴
1205 1806 1341 1836 Hastati
1355 1805 1583 1845 sequebantur]
1613 1803 1655 1833 ‘In
1670 1811 1787 1833 secun-

1098 1850 1173 1880 dani
1191 1850 1294 1879 aciem
1312 1854 1384 1889 post
1400 1848 1566 1888 Principes
1583 1846 1718 1886 recepti.

1141 1896 1180 1923 55
1208 1893 1342 1923 Sinistra
1356 1901 1452 1922 crure
1467 1891 1628 1931 porrecto]
1661 1889 1705 1919 Et
1731 1897 1788 1928 ge·

1100 1945 1146 1966 nu
1171 1936 1304 1966 dextero
1331 1935 1448 1973 innixi,
1465 1939 1503 1965 ut
1527 1934 1669 1964 habetur
1695 1933 1730 1962 in
1755 1941 1786 1962 c.

1097 1989 1165 2018 seq.

1141 2023 1180 2053 56
1204 2021 1305 2052 Scuta
1329 2023 1442 2052 innixa
1465 2018 1621 2059 humeris]
1662 2017 1688 2048 Α
1718 2018 1788 2049 situ

1097 2066 1167 2105 ipso
1178 2066 1224 2095 sic
1241 2065 1482 2095 subsidentium
1495 2064 1526 2095 Ἰ
1527 2063 1698 2094 riariorum
1713 2071 1787 2092 scu-

1097 2114 1133 2140 ta
1149 2109 1181 2138 in
1196 2108 1352 2139 humeros
1364 2108 1620 2138 inclinabantur.

1141 2155 1180 2186 57
1207 2150 1363 2182 surrecta
1378 2150 1518 2191 cuspide]
1547 2149 1695 2187 Plerique
1711 2147 1787 2178 libri

1097 2195 1154 2225 sub
1173 2199 1296 2225 erecta.-
1318 2195 1405 2245 quod
1422 2195 1520 2235 plane
1534 2193 1688 2223 vitiosum
1707 2198 1790 2222 erat.

1099 2238 1247 2268 Correxit
1263 2238 1290 2267 (ι
1295 2239 1444 2268 ronovius
1454 2248 1493 2267 ex
1506 2246 1573 2267 uno
1585 2246 1602 2265 e
1615 2236 1681 2265 suis
1693 2233 1787 2265 MSS.

1099 2283 1150 2312 cui
1165 2282 1391 2311 assentiuntur
1403 2281 1467 2311 duo
1480 2279 1573 2310 codd.
1588 2287 1672 2310 unus
1684 2277 1789 2308 Hear-

1099 2325 1166 2362 nio,
1185 2324 1267 2354 alter
1283 2325 1376 2354 nobis
1392 2326 1571 2364 inspectus.

1142 2371 1179 2398 58
1209 2367 1244 2397 In
1269 2373 1357 2398 terra
1371 2366 1479 2407 finum]
1514 2366 1621 2404 Magis
1643 2363 1789 2405 placeret

1098 2421 1175 2441 cum
1195 2410 1266 2440 dac.
1285 2410 1448 2440 Gronovio
1469 2410 1575 2448 legere
1593 2410 1627 2438 in
1643 2412 1692 2437 ter
1695 2416 1788 2436 rum.-

1099 2454 1262 2493 quumodo
1284 2453 1386 2483 edidit
1412 2454 1614 2493 Campanus,
1621 2450 1664 2480 et
1678 2454 1785 2480 servat

1099 2497 1222 2527 victor.
1240 2496 1351 2526 codex.

1143 2544 1182 2574 59
1210 2540 1313 2571 Ham!
1326 2549 1412 2569 secus
1425 2537 1538 2579 quam]
1558 2537 1646 2567 Bene
1660 2536 1788 2566 Grono-

1098 2584 1182 2621 vius,
1199 2588 1235 2612 11!
1251 2584 1340 2613 haud
1353 2591 1442 2613 secus
1456 2590 1563 2621 qnam
1588 2580 1629 2609 Et
1640 2579 1686 2609 sic
1698 2589 1787 2610 unus

1099 2637 1116 2656 c
1135 2627 1254 2656 nostris
1272 2627 1362 2656 MSS.

1142 2671 1161 2699 G
1164 2674 1183 2700 Ο
1207 2670 1325 2710 (minis
1341 2669 1478 2699 millibus
1487 2664 1649 2706 peditum]
1681 2666 1714 2696 Si
1732 2665 1789 2695 ad-

1100 2713 1278 2742 mittantur
1318 2712 1480 2751 Lipsianae
1525 2709 1786 2746 emendationes,

1098 2766 1151 2794 qu
1145 2766 1177 2785 is
1193 2765 1292 2795 supra
1313 2754 1499 2790 attulimus,
1517 2761 1721 2791 unaquaeque
1743 2751 1790 2781 le-

1099 2800 1152 2838 gio
1183 2798 1314 2828 habebit
1346 2798 1378 2827 in
1410 2797 1517 2837 prima
1539 2796 1608 2826 acic
1634 2795 1790 2825 Hastntos

1103 2844 1193 2873 1240.
1218 2842 1250 2871 in
1268 2840 1426 2879 secunda,
1444 2838 1612 2879 Principes
1640 2840 1729 2869 1220.
1753 2838 1791 2869 in
