1925 3239
554 109 678 147 LlB.
712 106 762 148 X.
802 107 928 147 CAP.
956 106 1067 146 XIX.
1460 108 1536 149 575

112 206 216 248 tiam
239 206 416 263 collegae
437 206 552 248 visus
573 218 707 259 esset3
729 205 1017 260 cavillansque
1038 203 1220 260 Appius,
1241 204 1320 245 sibi
1340 212 1541 260 acceptum
1555 211 1596 241 U.
1614 209 1740 240 (1456.

110 262 275 320 referre,
297 265 473 314 diceret,
495 263 648 313 debere,
670 263 779 319 quod
799 277 846 304 ex
865 269 976 303 muto
1000 269 1120 318 atque
1143 261 1297 316 elingui⁴
1309 260 1542 317 jucundum
1556 256 1592 285 A.
1613 254 1648 284 C·
1666 252 1741 287 ‘²9⁰’

111 321 235 361 etiam
253 320 451 362 consulem
471 319 656 361 habereut
672 337 683 360 :
707 320 846 375 priore
866 318 1089 368 consulatu,
1106 318 1252 372 primis
1272 319 1408 373 utique
1437 333 1543 359 men-

110 377 237 428 sibus,
258 377 405 418 hiscere
423 391 511 418 eum
532 377 719 432 nequisse,
740 390 844 417 nunc
862 376 958 431 jam
972 375 1193 430 populares
1212 375 1413 415 orationes
1441 389 1542 415 sere-

111 447 169 474 re.
233 431 368 476 Quam
399 433 574 485 mallem,
597 435 736 488 inquit
758 433 1027 482 Volumnius,
1047 438 1091 472 ΐιι
1112 446 1137 472 a
1169 446 1229 472 me
1249 438 1407 471 strenue
1421 431 1545 487 face-

111 503 170 540 re,
191 504 314 544 quam
335 505 404 546 ego
425 490 500 531 abs
520 497 558 531 te
577 491 671 530 scite
691 490 801 545 loqui
820 488 1060 529 didicissem.
1120 486 1329 528 Postremo
1351 488 1544 528 conditio-

114 547 343 603 nemfierre,
365 561 451 602 qua:
472 546 677 587 decretura
698 547 761 596 sit,
784 560 859 586 non
881 552 1034 596 orator,
1056 551 1197 599 (neque
1229 545 1331 585 eni-m
1366 544 1410 584 id
1441 544 1544 584 ‹lesi-

115 603 261 644 derare
281 604 587 658 rempublicam)
610 603 677 644 sed
696 604 915 658 imperator
937 609 1023 643 uter
1042 603 1093 642 sit
1116 600 1268 642 melior.
1330 600 1546 641 Etruriam

113 666 153 700 et
174 658 388 701 Samnium
403 661 637 715 provincias
657 674 759 701 esse.-
789 666 924 700 utram
955 658 1111 707 inullet,
1128 657 1306 714 eligeret.
1337 672 1405 698 sno
1435 671 1546 698 eaer-

116 717 199 757 citu
219 731 258 758 se
277 716 342 757 vel
358 717 403 758 in
426 717 616 768 Etruria,
636 716 701 757 vel
721 717 763 757 in
787 714 953 756 Samnio
977 730 1054 757 rem
1073 722 1292 770 gesturum.
1335 713 1443 755 Tum
1470 715 1548 754 mi-

117 771 241 814 litum
265 773 425 815 clamor
445 785 580 824 ortuS,
601 780 645 814 ut
662 772 785 813 simul
805 772 921 813 ambo
953 772 1100 812 bellum
1132 771 1350 812 Etruscum
1381 771 1548 825 suscipe-

115 837 220 871 rent.
254 845 340 886 quo
372 830 667 871 animadverso
699 844 924 880 consensu,
959 828 1229 878 Volumnius,
1262 827 1467 871 Quoniam
1504 827 1549 868 in

117 885 279 943 collegae
309 886 520 929 voluntate
550 886 867 942 interpretanda,
891 887 1043 940 inquit,
1065 885 1225 932 erravi,-
1256 899 1333 924 non
1366 883 1547 924 commit-

117 950 216 994 tam,
238 950 296 994 ut,
319 943 418 999 quid
437 959 504 985 vos
525 941 670 995 velitis,
690 943 900 985 obscurum
919 944 984 983 sit.
1006 956 1180 991 manere,
1202 956 1255 981 an
1276 941 1389 982 abire
1409 956 1468 980 me
1484 955 1550 981 ve-

117 998 217 1051 licis,
238 999 410 1041 clamore
429 1000 667 1057 significate.
726 999 836 1041 Tum
863 1014 961 1040 vero
983 1009 1127 1040 tantus
1149 1007 1213 1038 est
1234 997 1394 1039 clamor
1423 1011 1548 1038 exor-

118 1064 201 1108 tus,
225 1068 271 1098 ut
292 1057 434 1098 hostes
456 1073 478 1098 e
500 1058 648 1099 castris
667 1058 843 1098 exciret.
867 1057 993 1096 armis
1015 1056 1200 1110 adreptis
1230 1055 1271 1095 in
1309 1055 1440 1095 aciem
1477 1054 1549 1094 de-

118 1114 342 1155 scendunt.
371 1125 415 1155 et
449 1115 704 1155 Volumnius
737 1114 861 1169 signa
892 1127 1056 1162 canere,
1090 1128 1138 1152 ac
1174 1111 1328 1152 vexilla
1359 1111 1496 1151 efferri
1527 1125 1550 1150 e

118 1171 428 1226 castrisjussit.
489 1171 677 1226 Appium
709 1171 981 1210 addubitasse
1013 1169 1168 1219 ferunt,
1193 1178 1452 1216 cernentem,
1474 1181 1548 1207 seu

118 1237 354 1283 pugnante,
377 1241 449 1268 seu
470 1229 616 1283 quieto
638 1241 695 1277 se,
717 1226 807 1267 fore
829 1227 1005 1281 collegae
1029 1227 1274 1266 victoriam:
1306 1225 1458 1265 deinde
1479 1237 1551 1264 ve-

117 1284 264 1334 ritum,
285 1299 339 1325 ne
360 1299 447 1325 suae
470 1298 641 1339 quoque
664 1284 851 1339 legiones
887 1283 1160 1323 Volumnium
1197 1291 1486 1336 sequerentur,
1509 1289 1552 1320 et

118 1340 259 1396 ipsum
282 1341 579 1397 flagitantibus
601 1341 687 1381 suis
709 1342 877 1396 signum
910 1340 1087 1381 dedisse.
1148 1339 1218 1379 Ab
1252 1349 1399 1378 neutra
1430 1346 1550 1392 parte

119 1397 219 1437 satis
252 1398 709 1439 commode-instructi
742 1399 926 1438 fuerunt.
961 1411 1056 1436 nam
1091 1405 1133 1436 et
1170 1395 1425 1436 Samnitium
1464 1395 1551 1434 dux
1567 1411 1671 1447 Pugna
1687 1417 1756 1438 cum

123 1453 288 1495 Gellius
312 1454 519 1510 Egnatius
550 1454 797 1510 pabulatum
832 1469 928 1495 cum
962 1453 1210 1493 cohortibus
1243 1453 1390 1507 paucis
1424 1451 1755 1507 ie1·at;Sa{¹m‘¹tibu⁵

120 1525 282 1566 suoque
305 1511 452 1566 inpetu
484 1512 622 1567 magis
655 1511 824 1561 milites,
860 1524 986 1564 quam
1023 1510 1275 1564 cujusquam
1309 1509 1438 1549 ductu
1479 1501 1597 1548 antet
1616 1497 1729 1526 ruscts.

119 1567 316 1622 imperio,
339 1582 529 1623 pugnam
551 1569 846 1622 capessebant.
870 1577 913 1607 et
937 1566 1121 1606 Romani
1145 1565 1356 1606 exercitus
1382 1579 1459 1605 nec
1480 1579 1553 1619 pa·

119 1624 222 1664 riter
249 1626 377 1665 ambo
399 1625 532 1674 ducti,
564 1639 640 1666 nec
674 1624 774 1664 satis
808 1624 1012 1678 temporis
1046 1623 1099 1662 ad
1133 1622 1425 1662 instruendum
1458 1621 1552 1661 fuit.

125 1679 250 1721 Prius
273 1683 490 1722 concurrit
513 1681 782 1731 Volumnius,
804 1695 931 1734 quam
955 1679 1120 1734 Appius
1144 1679 1192 1720 ad
1220 1679 1382 1718 hostem
1408 1691 1556 1733 perve-

127 1738 253 1778 niret.
287 1738 433 1792 itaque
464 1737 604 1779 fronte
641 1738 840 1792 inaequali
877 1751 1128 1777 concursum
1169 1744 1254 1776 est:
1300 1738 1329 1761 ⁷³
1346 1745 1403 1783 et,
1442 1734 1557 1774 velut

124 1792 237 1834 forte
258 1795 440 1849 quadam
464 1805 656 1835 mutante
677 1795 873 1835 adsuetos
896 1794 1005 1833 inter
1027 1808 1070 1832 se
1093 1793 1248 1840 hostes,
1269 1790 1436 1831 Etrusci
1470 1791 1558 1830 Vo-

125 1849 304 1901 lumnio,
327 1851 556 1900 Samnites,
579 1865 803 1907 parumper
826 1849 1031 1899 cunctati,
1054 1851 1154 1902 quia
1175 1850 1260 1889 dux
1281 1849 1438 1897 aberat,
1462 1847 1552 1902 Ap-

126 1907 200 1962 pio
223 1908 463 1949 obem-rere.
507 1908 679 1949 Dicitur
699 1907 867 1962 Appius
888 1907 931 1946 in
954 1906 1095 1946 medio
1120 1920 1274 1961 pugnae
1296 1905 1555 1953 discrimine,

127 1964 188 2004 ita
209 1973 256 2003 ut
276 1965 385 2005 inter
407 1966 543 2021 prima
563 1967 686 2020 signa
707 1964 902 2004 manibus
925 1963 975 2003 ad
999 1961 1157 2002 coelum
1181 1961 1356 2001 sublatis
1388 1961 1558 2015 conspi-

126 2031 308 2071 ceretur,
330 2021 390 2061 ita
411 2032 606 2077 precatus
637 2035 752 2061 esse:
786 2019 975 2070 Bellona,
997 2019 1033 2059 st
1061 2018 1176 2059 lzoa'ie
1206 2017 1318 2057 nobis
1347 2018 1557 2058 victoriam

126 2081 159 2104 ⁷⁴
173 2077 276 2127 duis,
297 2084 360 2117 ast
379 2092 450 2133 ego
470 2078 656 2133 templmn
681 2077 756 2118 tibi
775 2091 909 2117 voveo.
974 2075 1083 2116 Haec
1119 2084 1325 2130 precatus,
1346 2073 1461 2113 velut
1493 2073 1559 2113 in-

127 2133 313 2189 stigante
337 2133 445 2184 Dea,
465 2138 497 2160 ⁷⁵
511 2147 554 2175 et
575 2135 665 2189 ipse
686 2133 863 2188 collegae
885 2143 927 2173 et
949 2133 1162 2172 exercitus
1185 2132 1382 2172 virtutem
1415 2144 1557 2184 aequa·

127 2190 233 2231 vit0.
265 2190 409 2231 Duces
429 2191 704 2245 imperatoria
733 2204 862 2244 opera
892 2197 1209 2242 exsequuntur-3
1239 2194 1282 2227 et
1312 2186 1481 2236 milites,
1505 2201 1558 2226 ne

127 2247 181 2287 ab
214 2246 349 2287 altera
375 2258 495 2301 parte
530 2248 642 2302 prius
677 2246 858 2287 victoria
893 2246 1087 2300 incipiat,
1120 2244 1380 2284 adnituntur.
1443 2242 1556 2297 Ergo

126 2301 313 2344 fundunt
335 2303 569 2359 fugantque
592 2305 749 2353 hostes,
773 2302 977 2357 majorem
1003 2301 1154 2342 molem
1181 2301 1290 2341 haud
1315 2299 1438 2340 facile
1469 2314 1558 2339 sus·

128 2359 326 2411 timentes,
348 2373 475 2415 quam
499 2375 596 2401 cum
629 2375 715 2416 qua
745 2373 894 2400 manus
928 2364 1146 2398 conserere
1179 2357 1342 2398 adsueti
1371 2356 1564 2396 t'uerant.'

638 2468 652 2482 ⁰
674 2462 848 2502 adoequavit
865 2462 960 2491 Gron.
976 2461 1065 2490 Crev.

168 2555 210 2587 73
235 2551 284 2583 Ec
306 2553 394 2582 velut
403 2550 498 2591 forte
518 2550 675 2591 quadam]
694 2550 746 2580 Sic
762 2549 821 2579 ha-
863 2548 980 2579 virtuti
1005 2547 1151 2586 colle-gae,
1169 2556 1281 2585 parem
1299 2546 1412 2576 virtuti
1436 2545 1558 2574 exerci-

126 2597 206 2627 bent
228 2600 372 2634 quatuor
393 2605 410 2625 e
434 2596 554 2625 nostris
580 2594 672 2624 codd.
703 2592 821 2622 melius
864 2598 918 2622 tus
950 2593 1104 2621 virtutem
1144 2590 1309 2629 praestitit.
1355 2589 1397 2618 Et
1433 2588 1560 2626 collega

124 2649 239 2679 quam,
270 2641 308 2669 ut
337 2637 436 2678 vulgo
472 2637 596 2675 editur,
625 2641 708 2667 soree
742 2645 822 2676 qua·
864 2635 976 2675 Appii,
1005 2642 1038 2664 et
1077 2634 1240 2662 exercitus
1280 2633 1401 2662 virtute
1438 2632 1559 2669 insigni

124 2683 215 2712 dam.
866 2683 961 2708 erant
977 2689 982 2706 :
1003 2678 1069 2716 ipse
1087 2677 1150 2705 huc
1169 2685 1270 2714 usque
1287 2676 1424 2706 timidus
1441 2680 1473 2703 ct
1490 2685 1561 2712 segg·-

169 2723 240 2759 74*
252 2723 352 2764 Duis]
371 2724 516 2763 Antique
534 2732 591 2763 pro
607 2723 670 2753 des.
865 2721 914 2750 nis
932 2722 1017 2750 visus
1033 2721 1152 2750 fuerat.
1192 2718 1278 2748 Tum
1297 2719 1430 2756 dignati)
1447 2726 1478 2746 et
1496 2718 1560 2746 col-

167 2771 208 2802 75
232 2766 282 2798 Et
303 2767 370 2806 ipse
382 2768 508 2805 collegoe
523 2772 552 2797 et
574 2766 734 2797 exercitus
754 2765 820 2794 vir·
864 2765 945 2802 legae
964 2770 998 2792 et
1012 2762 1174 2792 exercitus
1189 2763 1310 2792 virtute
1327 2761 1416 2791 l'ortit
1426 2760 1557 2790 udinem
1589 2791 1594 2796 ,

125 2816 226 2842 tutem
241 2810 437 2850 adaequarit]
464 2811 536 2850 Ipse
560 2819 689 2849 qnoque
705 2818 818 2848 parem
864 2806 1019 2837 ostendit.
