1969 3239
652 116 776 154 LIB.
804 116 877 154 111.
916 115 1044 153 CAP.
1071 114 1143 154 XI.
1223 109 1226 112 “
1559 119 1633 155 165

183 216 308 258 hostes
325 217 462 273 qussi-i.
485 216 682 259 coloniam
684 217 836 272 fidam,
852 215 1136 271 propinquam,
1159 213 1468 269 infamemfieri.
1488 216 1684 268 bellunen,
1699 237 1735 267 C.
1752 238 1825 269 292·

185 274 361 315 innoxiis
382 275 622 317 Antiatibus
642 274 783 323 iudici,
800 274 888 328 geri
909 288 999 313 cnm
1023 270 1136 327 plebe
1155 269 1361 313 Romana.
1384 288 1518 328 quant,
1540 291 1630 317 one-
1645 283 1681 312 A.
1698 282 1733 311 c,
1753 285 1822 315 42»ss

182 338 319 372 ratam
341 332 478 383 armis,
500 347 546 373 ex
565 331 662 372 urbe
678 330 882 385 prcecijn'ci
912 329 1073 386 agmine
1102 331 1235 370 actm-i
1264 337 1405 380 essent,
1427 332 1563 373 exsilio
1594 341 1630 374 et

185 388 428 445 relegatione
459 391 606 430 civium
637 387 865 428 ulciscentes
896 387 1092 428 tribunos.
1155 385 1240 436 Sic,
1260 388 1293 409 ⁴²³
1307 401 1353 426 ne
1388 387 1488 442 quid
1515 389 1634 431 aliud

183 453 319 486 actum
335 453 493 501 putent,
513 445 661 486 victam
683 445 805 500 legem
837 459 938 493 esse,
967 444 1061 495 nisi,
1082 442 1178 484 dnm
1211 443 1255 483 in
1288 444 1443 499 integro
1475 460 1534 486 res
1563 448 1628 498 sit,

181 502 277 544 dum
298 503 420 554 domi,
440 503 535 544 dum
554 504 684 558 togati
703 505 798 554 sint,
820 508 1000 553 caveant,
1022 516 1070 542 ne
1089 501 1328 555 possessione
1344 501 1457 542 urbis
1468 503 1629 557 pellan-

181 566 262 612 ΐιιν,
285 575 334 602 ne
351 562 504 616 jugum
521 561 738 614 accipiant.
799 558 847 600 Si
880 561 1038 599 animus
1064 561 1130 609 sit,
1152 572 1231 598 non
1252 556 1388 614 defore
1412 560 1624 603 auirz'lium„

181 620 401 658 consentire
437 630 568 658 omnes
599 615 792 657 tribunos.
823 615 980 657 nullum
1014 623 1203 656 terrorem
1232 622 1449 667 externum,
1470 618 1627 660 mellum

172 673 402 729 pericnlum
429 688 518 715 esse.
580 672 743 714 cavisse
764 673 873 714 Deos
886 673 1027 729 priore
1048 687 1168 725 amco,
1189 679 1235 713 ut
1258 679 1344 714 tuto
1375 673 1540 717 libertas
1560 677 1626 718 de-

165 730 292 787 fendi
308 737 450 786 posset.
510 729 624 772 Haec
646 730 823 773 tribuni.

239 788 327 830 XI.
358 787 419 828 At
438 802 493 828 ex
516 797 633 843 parte
660 787 786 829 altera
809 787 1005 829 consules
1028 787 1070 828 in
1092 795 1328 842 conspectu
1361 802 1525 841 eorum,
1547 806 1626 846 po-

183 845 275 886 sitis
296 844 422 897 sellis,
441 844 651 887 delectum
674 845 901 886 habebant.
926 860 976 886 eo
999 845 1228 886 decurrunt
1251 845 1427 896 tribuni,
1451 849 1625 890 concio-

177 916 362 957 nemque
393 917 538 944 secum
571 902 758 944 trahunt,
781 903 897 943 citati
932 903 1074 957 pauci,
1104 901 1222 943 velut
1254 902 1312 943 rei
1347 905 1622 958 experiundae

179 973 356 1001 caussa:
396 969 441 1000 et
474 960 618 1001 statim
659 961 720 1001 vis
758 969 919 1001 coorta.
980 960 1312 1014 Quemcumque
1342 960 1467 1001 lictor
1498 963 1623 1017 jussu

177 1017 365 1057 consulis
398 1016 920 1072 prehendisset,tribunus
954 1017 1067 1058 mitti
1101 1015 1300 1071 jubebat.
1334 1031 1472 1074 neque
1503 1035 1622 1061 suum

176 1074 330 1129 cuique
353 1074 425 1130 jus
449 1075 623 1116 modum
648 1074 845 1125 faciebat,
867 1075 938 1116 sed
963 1075 1116 1115 virium
1140 1088 1215 1130 spe
1235 1076 1265 1097 ⁴³
1281 1084 1324 1115 et
1346 1090 1475 1116 manu
1508 1079 1623 1118 obti-

177 1132 367 1172 nendum
390 1141 491 1183 erat,
513 1132 626 1187 quod
654 1132 910 1173 intenderes.
972 1132 1347 1179 Quemadmodum
1384 1147 1427 1174 se
1461 1135 1622 1176 tribuni

175 1189 410 1245 gessissent
441 1189 485 1230 in
519 1188 789 1244 prohibendo
819 1189 1002 1242 delectu,
1025 1189 1086 1230 sic
1122 1188 1271 1230 Patres
1306 1190 1349 1230 in
1383 1190 1491 1246 lege,
1524 1207 1620 1248 quae

176 1260 254 1301 per
275 1261 423 1288 omnes
452 1249 485 1270 ⁴⁴
499 1246 736 1288 comitiales
759 1246 848 1287 dies
871 1246 1099 1297 ferebatur,
1122 1247 1380 1302 inpedienda
1400 1250 1620 1304 gerebant.

177 1303 359 1344 Initium
393 1313 483 1344 erat
522 1305 645 1354 rixa‘,
675 1319 807 1359 quum
846 1304 1110 1345 ‘³⁵discedere
1146 1304 1354 1361 populum
1389 1305 1622 1361 jussissent

176 1361 354 1411 tribuni,
372 1361 486 1415 quod
511 1360 658 1401 Patres
679 1362 712 1384 ⁴⁶
726 1376 770 1402 se
793 1361 1036 1402 submoveri
1060 1361 1175 1402 haud
1198 1363 1410 1405 sinebant.
1431 1377 1510 1404 nec
1533 1364 1622 1405 fere

176 1418 362 1458 seniores
385 1418 445 1459 rei
477 1419 732 1469 intererant3
764 1419 923 1474 quippe
956 1433 1053 1474 quae
1087 1433 1174 1459 non
1207 1419 1387 1461 consilio
1422 1421 1621 1476 regenda,

175 1475 248 1516 sed
273 1475 476 1531 permissa
497 1475 722 1516 temeritati
745 1476 1021 1531 audaciaeque
1042 1484 1168 1516 esset.
1198 1479 1229 1501 ⁴⁷
1246 1476 1438 1519 Multum
1456 1488 1500 1519 et
1517 1494 1622 1520 con-

175 1531 285 1572 sules
308 1547 351 1572 se
374 1532 660 1583 abstinebant,
683 1548 736 1573 ne
759 1533 825 1574 cui
849 1533 893 1574 iu
914 1533 1174 1575 conluvione
1194 1548 1332 1575 rerum
1351 1536 1621 1591 majestatem

174 1603 293 1629 suam
326 1589 598 1630 contumeliae
633 1591 867 1631 obferrent.
930 1589 1062 1632 Kaeso
1094 1599 1183 1632 erat
1217 1591 1465 1643 Quinctius,
1496 1592 1620 1635 ferox
1633 1620 1723 1649 Kaeso

169 1645 359 1701 juvenis,
380 1661 466 1702 qua
487 1647 713 1688 nobilitate
735 1647 891 1703 gentiS,
910 1662 996 1702 qua
1016 1648 1209 1703 corporis
1233 1650 1533 1705 magnitudine
1554 1658 1812 1697 etZQuinctius.

174 1704 353 1745 viribus.
378 1704 430 1745 ad
460 1719 508 1745 ea
531 1719 720 1756 munera,
742 1706 839 1745 data
860 1720 885 1744 a
909 1703 1021 1756 Diis,
1044 1714 1087 1746 et
1114 1705 1205 1761 ipse
1235 1706 1458 1748 addiderat
1489 1708 1621 1750 multa

173 1759 276 1801 belli
305 1761 474 1813 decora,
497 1760 828 1818 facundiamque
859 1762 903 1803 in
939 1762 1060 1814 for03
1092 1772 1140 1803 ut
1173 1778 1313 1814 nemo,
1337 1778 1423 1806 non
1456 1764 1620 1822 lingua,

171 1831 259 1859 non
291 1832 434 1870 manu,
457 1819 667 1875 promtior
697 1820 740 1860 in
772 1819 946 1861 civitate
978 1819 1221 1861 baberetur.
1284 1820 1387 1874 Hic,
1410 1838 1543 1878 quum
1576 1824 1620 1864 in

170 1875 314 1917 medio
338 1875 514 1917 Pau-um
544 1877 716 1932 agmine
746 1877 1026 1928 constitisset,
1048 1878 1239 1919 eminens
1262 1878 1373 1920 inter
1393 1880 1513 1931 alios,
1536 1881 1620 1921 vel-

172 1942 221 1973 ut
250 1946 399 1974 omnes
427 1933 661 1975 dictaturas
684 1934 1017 1989 consulatusque
1039 1949 1190 1990 gerens
1221 1934 1265 1975 in
1300 1952 1406 1978 voce
1435 1952 1485 1978 ac
1521 1938 1619 1978 viri-

175 1988 254 2030 bus
291 1990 390 2042 suis,
414 2006 522 2032 unus
560 1991 727 2047 inpetus
769 1992 1023 2033 tribunicios
1064 1992 1374 2049 popularesque
1412 1994 1618 2051 procellas

173 2047 426 2089 sustinebat.
488 2047 588 2090 Hoc
611 2049 735 2100 duce,
759 2064 873 2106 saepe
896 2049 1004 2105 pulsi
1029 2048 1123 2091 foro
1155 2051 1333 2102 tribuni,
1353 2051 1447 2093 fusa
1479 2067 1528 2093 ac
1552 2052 1619 2093 fu-

172 2112 275 2159 gata
293 2104 412 2159 plebs
432 2114 512 2146 est.
535 2106 608 2161 qui
632 2107 786 2148 obvius
817 2107 970 2157 fuerat,
991 2107 1202 2149 mulcatus
1233 2109 1504 2165 nudatusque
1526 2110 1617 2150 abi-

171 2162 271 2202 bat:
305 2170 353 2202 ut
374 2162 474 2203 satis
495 2163 729 2223 adpareret,
752 2164 785 2205 si
810 2165 870 2206 sic
890 2165 961 2220 agi
982 2164 1145 2218 liceret,
1167 2165 1327 2207 victam
1350 2166 1489 2223 legem
1512 2181 1617 2214 esse,

740 2245 753 2260 2
776 2249 813 2268 αι·
827 2239 925 2268 Gron.
944 2239 1034 2268 Crev.

171 2289 321 2321 hocloco
344 2295 488 2330 quatuor
510 2301 527 2321 e
554 2294 674 2323 nostris
701 2293 795 2324 MSS.
812 2303 872 2334 pro

168 2335 207 2365 id
220 2333 473 2376 exhihentjctm.

157 2413 160 2416 Α
211 2380 255 2409 42
279 2378 334 2409 Ne
370 2379 449 2418 qaid
477 2379 571 2410 aliud
599 2384 710 2410 actum
736 2380 868 2420 putent]

170 2420 223 2452 Ne
253 2431 353 2461 quam
383 2422 484 2453 aliam
516 2428 679 2460 mentem,
709 2433 751 2453 ne
783 2424 871 2463 quod

169 2465 260 2495 aliud
297 2465 475 2496 consilium
510 2466 612 2497 fuisse
651 2467 802 2497 Patribus
833 2472 868 2497 et

170 2509 362 2539 consulibus
378 2514 512 2550 putent.

211 2554 252 2583 43
277 2553 326 2584 Et
352 2553 470 2594 marm]
504 2553 654 2592 Antiqua
677 2553 791 2591 lectio,
815 2554 871 2584 sed

169 2605 283 2626 manu.
321 2597 396 2627 Vim
415 2597 581 2636 quandam
599 2597 700 2627 hahet
715 2598 870 2637 repetitio

169 2639 208 2669 «τέ
222 2640 286 2670 sed.

212 2686 256 2714 44
283 2683 463 2714 comitiales
478 2683 557 2723 dies]
584 2684 713 2725 Quibus
734 2685 871 2715 comitia

171 2725 286 2756 haberi
323 2733 489 2766 poterant.
537 2728 586 2757 Ab
631 2727 745 2758 Numa
780 2729 870 2758 enim

170 2771 392 2800 constitutum
415 2771 516 2801 fuisse
540 2771 654 2801 docuit
678 2772 789 2802 Livius
806 2771 827 2801 l.
846 2771 871 2802 Ι.

174 2821 203 2841 c.
225 2816 272 2847 19.
287 2818 327 2844 ut
348 2814 546 2852 quibusdam
569 2815 685 2846 diebus
713 2816 765 2855 agi
793 2825 871 2846 cum

170 2856 292 2896 populo
308 2866 376 2887 non
397 2857 524 2889 liceret.

960 2296 1000 2323 45
1025 2292 1212 2335 Discedere]
1231 2294 1281 2324 Ad
1296 2295 1454 2335 suffragia
1470 2295 1616 2325 ferenda.

916 2337 957 2367 In
971 2345 1105 2376 septum
1121 2339 1301 2376 quoddam,
1317 2339 1406 2378 quod
1428 2342 1507 2369 ovile
1529 2340 1616 2368 dice-

915 2380 1026 2419 batur,
1054 2391 1263 2421 unaquaeque
1289 2383 1396 2412 tribus
1422 2393 1460 2412 ex
1486 2383 1615 2419 ordine,

914 2429 1015 2464 prout
1035 2425 1229 2463 vocabatur,
1245 2436 1304 2465 per
1326 2430 1459 2467 pontes,
1473 2428 1542 2456 sive
1558 2437 1616 2456 an-

912 2474 1026 2507 gustas
1057 2469 1124 2498 vias
1154 2469 1316 2507 intrabat,
1347 2476 1387 2500 ut
1418 2470 1615 2509 suffragium

912 2512 1018 2542 daret.

956 2555 1000 2585 46
1024 2554 1067 2585 Se
1100 2558 1296 2587 nunmwverzl
1331 2556 1423 2587 haud
1450 2556 1611 2596 sinebant]

913 2598 1085 2629 Nimirum
1108 2600 1267 2630 obstinati
1283 2601 1316 2630 in
1335 2600 1450 2630 eodem
1475 2601 1616 2640 vestigio

915 2642 1109 2681 perstabant
1132 2652 1208 2673 eum
1231 2643 1406 2674 clientium
1432 2653 1547 2682 manu,
1571 2654 1615 2674 ne

914 2685 1057 2725 populus
1095 2695 1129 2716 se
1160 2686 1196 2718 in
1224 2697 1300 2718 suas
1329 2688 1437 2718 tribus
1466 2688 1615 2727 digerere

916 2735 1038 2768 posset.

959 2772 1185 2806 47*Muttum
1215 2793 1288 2812 .‚.·
1321 2784 1354 2810 se
1397 2772 1611 2813 abstinebam]

915 2814 1043 2855 Magna
1076 2827 1157 2848 cura
1185 2827 1220 2848 se
1250 2818 1461 2849 abstinebant
1493 2819 1533 2848 ab
1564 2818 1614 2847 his

914 2860 1034 2890 turbis.

961 2915 995 2942 M
1022 2908 1045 2943 :3
