1991 3250
711 75 830 113 ΜΒ.
859 75 908 112 Π,
947 75 1076 112 CAP.
1104 75 1150 111 v.
1225 109 1229 112 ,
1604 81 1650 122 87

214 176 267 218 ad
304 176 493 219 vehicula
529 176 811 233 comparanda
848 191 873 216 a
909 175 1154 217 consulibus
1188 176 1448 228 sumsissent,
1483 179 1636 233 quibus
1651 194 1690 224 U.
1717 194 1754 224 c.
1779 195 1852 224 245.

214 247 360 290 regum
392 245 656 290 asportarent
694 248 782 284 res;
824 247 951 273 omne
986 234 1027 274 id
1068 243 1232 288 tempus
1266 248 1365 274 cum
1404 235 1636 289 conjuratis
1650 236 1689 268 Α·
1713 238 1749 268 C·
1777 241 1851 268 ⁵02

212 290 492 333 consultando
519 293 757 340 absumunt,
779 291 1066 344 evincuntque
1097 290 1309 341 instando,
1332 300 1377 330 ut
1399 290 1532 333 literae
1555 294 1636 334 sibi

211 347 264 388 ad
287 346 539 404 Tarquinios
561 349 784 389 darentur:
817 361 911 387 nam
934 346 1053 388 aliter
1074 346 1147 401 qui
1178 347 1410 388 credituros
1442 362 1528 399 eOS,
1551 364 1638 392 non

212 418 320 445 vana
341 406 395 446 ab
418 405 566 461 legatis
589 418 711 459 super
732 404 856 444 rebus
878 405 1008 444 tantis
1044 403 1196 446 adferri
1214 407 1227 445 ?
1275 403 1401 446 Datae
1423 403 1570 456 literae,
1591 417 1638 447 ut

212 461 367 517 pignus
386 462 484 503 fidei
503 471 657 512 essent,
671 460 941 501 manifestum
960 462 1123 501 lacinus
1140 460 1347 502 fecerunt.
1378 475 1474 503 narn
1492 477 1637 517 quum,

211 518 347 574 pridie
377 532 500 574 quam
525 518 654 573 legati
675 519 726 558 ad
747 517 1001 572 Tarquinios
1027 518 1409 573 profiscicerentur,
1430 521 1519 560 ‘net
1546 534 1636 561 coe-

209 586 355 616 natum
387 575 498 616 forte
527 575 637 631 apud
665 575 861 615 Vitellios
891 584 1016 625 esset,
1037 575 1335 630 conjuratique
1366 576 1442 626 ibi,
1463 578 1635 617 remotis

209 632 391 682 arbitris,
423 631 553 672 multa
581 632 692 673 inter
722 646 766 672 se
795 631 848 672 de
880 646 1006 683 novo,
1038 640 1086 672 ut
1119 632 1180 682 fit,
1212 632 1392 674 consilio
1423 634 1636 688 egissent;

211 703 445 730 sermonem
467 703 612 729 eorum
636 703 690 729 ex
714 689 844 730 servis
874 703 980 729 unus
1014 690 1200 744 excepit,
1222 691 1293 744 qui
1318 691 1409 745 jam
1441 701 1562 731 antea
1593 692 1635 732 id

209 754 394 786 senserat
411 747 478 802 agi
497 763 506 788 ;
533 745 604 787 sed
623 760 714 786 eam
735 746 1016 797 occasionem,
1034 757 1079 787 ut
1100 746 1232 787 literae
1252 747 1402 802 legatis
1421 748 1633 798 darentur,

208 817 302 858 quae
326 803 600 857 deprehensae
623 818 710 844 rem
733 817 959 858 coarguere
984 813 1170 858 possent,
1189 805 1482 859 exspectabat.
1514 816 1631 860 post-

206 874 332 914 quam
364 861 482 900 datas
509 860 652 911 sensit,
673 875 761 900 rein
793 861 844 900 ad
877 860 1070 900 consules
1102 860 1269 901 detulit.
1332 861 1555 913 Consules,
1577 863 1629 904 ad
1643 867 1852 907 Obprimitur.

205 916 580 971 deprehendendos
612 917 773 973 legatos
808 917 1137 972 conjuratosque
1169 916 1350 972 profecti
1375 918 1518 969 domo,
1542 920 1632 960 sine

207 973 391 1014 tumultu
411 989 497 1015 rem
521 989 692 1015 omnem
716 975 985 1030 obpressere:
1017 974 1229 1014 literarum
1253 974 1294 1014 in
1320 975 1464 1030 primis
1488 976 1634 1016 habita

204 1045 318 1080 cura,
356 1045 409 1071 ne
449 1031 762 1072 interciderent.
805 1031 1090 1085 proditoribus
1129 1031 1347 1085 extemplo
1383 1032 1424 1072 in
1463 1033 1635 1074 vincula

203 1088 426 1142 conjectis,
448 1089 500 1130 de
521 1088 671 1143 legatis
708 1088 944 1143 paullulum
969 1088 1267 1129 addubitatum
1290 1098 1377 1130 est:
1420 1098 1462 1129 et
1483 1105 1634 1145 quam-

201 1159 330 1199 quam
368 1145 445 1186 visi
483 1156 582 1186 sunt
614 1145 892 1196 commisisse,
928 1155 974 1186 ut
1010 1146 1196 1186 hostium
1238 1145 1335 1186 loco
1374 1157 1528 1199 essent,
1559 1147 1633 1203 jus

202 1210 342 1242 tamen
369 1202 727 1248 Qentiumvaluit.
1415 1209 1431 1225 ·

258 1258 311 1300 V.
366 1247 441 1301 &De
481 1260 601 1301 bonis
645 1260 787 1315 regiis,
819 1275 914 1315 quae
948 1259 1065 1300 reddi
1097 1267 1196 1300 ante
1227 1270 1492 1313 censuerant,
1523 1268 1553 1289 ¹2³
1568 1277 1630 1304 res
1643 1277 1732 1306 Bona
1745 1276 1826 1309 Tar-

202 1314 369 1371 integra
389 1317 566 1358 refertur
586 1317 637 1358 ad
656 1317 814 1358 Patres.
848 1317 904 1357 illi
927 1317 1027 1358 victi
1048 1317 1107 1357 ira
1125 1328 1294 1358 vetuere
1312 1319 1444 1369 reddi,
1461 1328 1630 1361 vetuere
1643 1322 1822 1370 quini-orum

202 1373 245 1413 in
268 1373 488 1427 publicum
512 1375 662 1430 redigi.
714 1373 966 1427 Diripienda
989 1373 1102 1428 plebi
1124 1383 1223 1414 sunt
1246 1375 1368 1426 data3
1401 1385 1461 1427 ut,
1481 1380 1514 1401 2⁴
1527 1392 1629 1418 con·
1641 1365 1837 1437 ξζῖζίῒῃὲζῗΐ

202 1438 315 1470 tacta
334 1431 449 1486 regia
471 1432 628 1486 praeda,
651 1445 769 1486 spem
791 1431 833 1471 in
860 1441 1114 1486 perpetuum
1138 1445 1233 1472 cum
1267 1431 1331 1472 his
1368 1434 1482 1489 pacis
1505 1434 1629 1475 amit·
1641 1455 1781 1482 crantur.

200 1495 320 1527 teret.
363 1487 480 1543 Ager
500 1488 840 1544 Tarquiniorum,
859 1489 928 1542 qui
950 1489 1058 1529 inter
1079 1488 1226 1529 urbem
1249 1503 1299 1529 ae
1321 1488 1510 1532 Tiberim
1534 1492 1628 1544 fuit,

199 1556 466 1585 consecratus
502 1545 651 1595 Marti,
682 1547 713 1568 ‘2⁵
728 1544 911 1585 Martius
952 1545 1103 1585 deinde
1136 1559 1311 1600 campus
1343 1546 1441 1590 fuit.
1503 1548 1630 1590 Forte

196 1600 256 1641 ibi
299 1610 385 1641 tum
429 1615 547 1657 seges
586 1602 705 1642 farris
744 1602 898 1642 dicitur
936 1601 1067 1643 fuisse
1105 1611 1269 1643 matura
1306 1605 1446 1645 messi.
1500 1620 1629 1660 quem

196 1658 336 1713 campi
368 1657 556 1699 fructum
579 1659 677 1714 quia
704 1662 736 1684 ²⁶
751 1658 997 1714 religiosum
1018 1668 1105 1699 erat
1127 1674 1390 1711 consumere,
1413 1662 1628 1704 desectam

195 1728 294 1755 cum
318 1722 547 1756 stramento
577 1725 766 1772 segetem
788 1731 944 1772 magna
975 1716 1038 1757 ris
1060 1717 1283 1758 hominum
1308 1718 1432 1758 simul
1454 1719 1629 1761 inmissa

194 1772 395 1812 corbibus
419 1771 563 1813 fudere
592 1774 636 1814 in
657 1772 862 1823 Tiberim,
887 1775 1005 1814 tenui
1037 1774 1237 1815 fluentem
1261 1789 1384 1829 aqua,
1409 1783 1455 1816 ut
1477 1777 1626 1818 mediis

194 1828 405 1870 caloribus
445 1829 567 1870 solet.
618 1831 677 1870 ita
709 1830 752 1870 iu
791 1831 908 1871 vadis
943 1831 1181 1871 liaesitantis
1217 1832 1418 1873 frumenti
1452 1848 1625 1875 acervos

193 1885 349 1926 sedisse
369 1886 513 1928 inlitos
535 1887 653 1928 limo.
715 1886 905 1928 Insulam
935 1889 1035 1929 inde
1067 1888 1303 1944 paullatim,
1324 1899 1367 1929 et
1396 1889 1503 1942 aliis,
1527 1906 1623 1946 quae

193 1941 274 1982 fert
304 1952 461 1984 temere
492 1945 666 1995 flumen,
697 1945 846 1985 eodem
880 1945 1075 1995 invectis,
1099 1945 1276 1986 factam.
1316 1955 1465 2001 postea
1496 1948 1624 1991 credo

192 2000 356 2040 additas
386 2000 533 2054 moles,
566 2004 597 2027 ‘2⁷
614 2016 822 2056 manuque
854 2003 1064 2057 adjutum,
1097 2012 1142 2043 ut
1174 2013 1260 2043 tam
1292 2004 1482 2045 eminens
1513 2019 1622 2056 area,

192 2055 421 2113 firmaque=
458 2058 626 2114 templis
657 2073 827 2114 quoque
856 2074 906 2100 ac
939 2060 1174 2114 porticibus
1206 2059 1463 2102 sustinendis
1498 2071 1623 2103 esset.

746 2137 759 2151 ³
772 2133 871 2172 firma
886 2134 981 2163 Gron.
997 2135 1088 2164 Crev.

233 2189 274 2218 ‘22
306 2188 354 2219 El
370 2189 656 2229 coenatm›zf01·te].
672 2190 825 2221 Delenda
839 2193 884 2221 vi-

189 2230 287 2261 detur
302 2233 466 2272 particula
480 2238 509 2263 et
521 2246 530 2262 .·
551 2244 623 2272 quae
641 2234 774 2273 quidem
792 2235 885 2266 abest

187 2284 208 2304 a
224 2275 337 2304 codice
354 2276 537 2306 Victorino.

231 2320 272 2350 93
281 2318 300 2336 ⁵¹²
310 2319 374 2349 Res
390 2321 521 2358 integra
535 2319 680 2359 refertur
689 2321 735 2351 acl
745 2321 879 2362 Patres]

186 2360 357 2392 Jubentur
381 2362 563 2393 deliberare
588 2363 701 2394 Patres
720 2369 881 2404 tanquam

187 2404 227 2434 de
250 2407 384 2444 negotio
405 2407 541 2445 integro
563 2411 595 2436 et
619 2407 758 2445 intacto,
775 2409 821 2438 ita
838 2417 883 2441 ,ut

186 2458 286 2488 super
311 2449 367 2479 illo
394 2449 612 2480 decernerent
638 2450 755 2480 eodem
782 2452 881 2482 modo

185 2501 223 2521 ac
247 2492 274 2522 si
301 2492 386 2522 nihil
409 2503 556 2532 unquam
585 2494 624 2523 de
648 2504 686 2524 eo
714 2499 879 2526 statutum

183 2542 283 2565 esset.

229 2580 270 2609 24
309 2579 462 2610 Contacta
483 2582 575 2619 regia
600 2580 731 2620 proeda]
765 2582 879 2621 Quum

183 2621 370 2661 diripiendo
409 2623 496 2653 bona
533 2633 664 2663 regunt,
703 2626 879 2654 commissa

184 2665 338 2695 adversus
370 2676 424 2696 eos
456 2676 542 2696 noxa
578 2676 648 2696 sese
687 2667 878 2707 obligasset,

183 2717 254 2745 sese
270 2709 423 2738 adversus
440 2720 494 2739 eos
513 2716 689 2740 nocentem
705 2711 848 2741 fecisset.

227 2753 269 2782 25
313 2751 459 2784 Martius
489 2754 602 2782 deinde
631 2764 764 2794 campus
782 2753 874 2793 fuit]

131 2783 138 2789 .
185 2794 288 2826 Dion.
316 2794 341 2825 l.
368 2795 407 2827 V.
432 2797 611 2828 contendit
639 2797 729 2828 huuc
768 2808 884 2837 agrum

923 2192 996 2230 jam
1020 2193 1099 2223 olim
1125 2192 1227 2224 Marti
1252 2204 1383 2224 sacrum
1402 2194 1515 2232 fuisse,
1533 2196 1590 2226 sed
1606 2206 1626 2227 a

927 2235 1111 2275 Tarquinio
1146 2237 1348 2276 religionum
1385 2243 1534 2278 spretore
1574 2249 1626 2270 se-

928 2280 1057 2317 getibus
1094 2282 1281 2311 consitum:
1320 2281 1394 2311 ideo
1431 2281 1624 2321 religiosum

928 2322 1043 2360 fuisse,
1055 2324 1122 2353 sive
1138 2325 1229 2355 nefas
1245 2325 1351 2354 visum
1367 2334 1437 2354 esse
1449 2326 1623 2364 Romanis,

928 2365 1027 2404 hujus
1042 2368 1151 2406 campi
1164 2368 1311 2398 fructum
1326 2377 1532 2399 consumere.
1557 2369 1623 2400 Hic

927 2409 1072 2440 solennis
1087 2410 1179 2441 locus
1197 2411 1356 2441 habendis
1381 2412 1525 2442 comitiis
1545 2423 1623 2442 cen-

925 2454 1088 2489 turiatis„
1117 2453 1155 2483 In
1183 2465 1222 2484 eo
1248 2464 1378 2493 quoque
1396 2455 1620 2493 ‘juventutem

925 2498 1069 2526 exerceri
1085 2497 1218 2527 solitam
1237 2505 1356 2528 notum
1372 2505 1434 2528 est.

969 2540 1250 2579 &emugiet-um
1280 2540 1366 2579 ercli]
1403 2541 1502 2572 Nefas
1530 2542 1621 2572 vide-

924 2582 1036 2620 batur,
1067 2590 1102 2613 et
1135 2584 1351 2623 religionibus
1389 2587 1593 2616 contrarium
1611 2599 1619 2615 :

923 2626 1001 2663 quia
1027 2636 1147 2666 nempe
1173 2637 1253 2666 ager
1282 2628 1380 2658 modo
1405 2635 1618 2660 consecratus

924 2668 1045 2699 fuerat.

967 2714 1005 2746 Εἴ
1017 2712 1215 2754 *llsamcque
1228 2713 1395 2754 adjutum]
1416 2714 1459 2744 Et
1470 2714 1616 2746 humano

924 2764 1022 2794 opere
1039 2756 1159 2794 solum,
1175 2757 1265 2796 quod
1287 2758 1425 2787 fortuito
1448 2768 1525 2788 casu
1543 2768 1619 2788 coa-

932 2797 1055 2829 lescere
1073 2801 1257 2841 inceperat,
1275 2802 1458 2832 firmatum.

925 2849 1002 2888 G4
