1925 3239
609 117 728 155 LIB.
755 117 839 154 VII.
876 116 1012 154 CAP.
1039 116 1130 155 XII.
1500 125 1576 164 411

305 167 320 174 l

148 225 268 273 gesta
296 225 373 258 est.
433 214 487 256 Et
525 214 675 256 consul
715 213 820 254 alter
839 213 995 256 Fabius
1029 214 1192 269 proeliis
1216 215 1398 271 primum
1431 221 1584 274 parviS‚
1599 233 1638 266 U.
1657 235 1692 267 C.
1710 240 1784 272 395.

149 283 363 328 postremo
391 288 473 313 una
503 273 658 328 insigni
691 285 850 326 pugna,
872 284 1003 325 quum
1037 271 1178 311 hostes
1213 274 1312 313 totis
1342 275 1478 316 adorti
1509 293 1583 319 co·
1596 279 1633 308 A.
1652 279 1779 316 0357,

147 330 228 385 piis
249 340 404 380 essent,
430 329 641 371 Hernicos
663 327 892 368 devincit¹'.
956 326 1169 379 Dictator,
1189 330 1434 372 consulibus
1455 334 1496 374 in
1518 350 1582 376 se·
1594 322 1725 381 fier-uici

145 397 248 427 natu
287 399 329 428 et
368 387 481 441 apud
514 383 720 440 populum
761 383 991 438 magnifice
1022 383 1302 436 conlaudatis,
1336 397 1379 427 et
1411 371 1677 434 suarumum'

145 457 316 498 quoque
337 457 475 485 rerum
510 442 589 482 illis
623 441 796 481 remisso
831 440 1007 491 honore,
1028 441 1242 482 dictatura
1274 457 1317 482 se
1352 445 1581 490 abdicavit.

147 499 354 541 Poetelius
370 501 422 541 de
445 498 579 540 Gallis
599 497 935 551 Tiburtibusque
951 498 1172 553 geminum
1193 499 1456 554 triumphum
1477 505 1581 559 egit.

145 555 280 597 Fabio
302 558 403 598 satis
425 556 575 604 visum,
599 565 645 594 ut
666 569 796 594 ovans
820 556 965 594 urbem
990 555 1130 595 iniret,
1191 554 1383 598 Inridere
1406 558 1579 602 Poetelii

145 614 407 668 triumphum
430 612 658 653 Tiburtes:
697 609 778 650 Ubi
799 612 902 651 enim
931 625 1021 651 eum
1050 625 1178 651 secum
1209 613 1296 653 acie
1325 614 1581 668 conflixisse?

142 677 377 723 „spectatores
388 667 666 725 paucosfugoe
681 667 1043 722 trepidationisque
1061 666 1297 718 Gallorum,
1311 678 1426 711 Μῖνα
1441 681 1580 726 portas

142 739 329 781 egressos,
344 733 562 782 postquam
580 725 619 765 in
642 739 680 764 se
700 738 855 779 quoque
869 724 973 780 fieri
1004 725 1184 778 inpetum
1214 726 1404 778 viderint,
1426 736 1462 769 ec
1491 731 1580 773 sine

139 782 368 829 discrimine
395 781 532 824 obvios
562 780 674 830 caedi,
704 781 889 835 recepisse
917 795 957 821 se
990 781 1102 821 intra
1137 782 1291 824 urbem.
1353 783 1461 826 Eam
1496 802 1580 829 rem

140 840 343 894 triumpho
363 839 530 895 dignam
552 839 680 879 visam
703 836 902 878 Romanis
916 836 939 878 ⁶3
967 852 1015 878 ne
1034 838 1155 878 nimis
1185 839 1334 880 mirum
1366 856 1578 898 maguum-

139 909 215 950 que
235 903 447 947 censerent,
469 893 686 935 tumultum
707 895 857 935 exciere
877 894 920 934 in
941 893 1116 935 hostium
1129 896 1278 950 portis,
1297 899 1487 952 mojorem
1510 900 1573 956 ip-

137 967 200 993 sos
219 953 522 1008 trepidationem
544 958 638 992 ante
656 952 802 992 moeuia
824 965 897 991 sua
918 950 1087 992 visuros.

194 1009 307 1050 XII.
340 1009 491 1065 Itaque
514 1009 752 1063 insequenti
775 1023 903 1058 anno,
925 1008 954 1031 ⁶³
971 1007 1038 1048 M.
1062 1007 1250 1063 Popillio
1277 1008 1465 1057 Laenate,
1492 1009 1628 1052 Cn.U.
1646 1022 1681 1052 C.
1698 1025 1773 1058 396,

138 1063 306 1107 Manlio
335 1066 596 1114 consulibus,
619 1066 757 1120 primo
779 1064 946 1105 silentio
965 1065 1104 1106 noctis
1126 1066 1180 1105 ab
1213 1064 1371 1107 Tibure
1403 1067 1574 1120 agmine
1587 1064 1623 1094 A.
1642 1064 1678 1095 C·
1695 1070 1769 1117 353‘3'·

136 1121 294 1171 infesto
330 1123 525 1180 profecti,
545 1123 595 1163 ad
630 1123 777 1162 urbem
816 1121 999 1162 Romam
1032 1132 1250 1163 venerunt.
1283 1133 1484 1164 terrorem
1508 1108 1631 1181 re-gi
1645 1110 1786 1184 Pssfgfflss

136 1190 264 1234 pente
303 1194 358 1221 ex
401 1194 550 1221 somno
583 1178 782 1221 excitatis
816 1178 957 1218 subita
988 1192 1052 1218 res
1088 1189 1131 1218 et
1169 1190 1402 1220 nocturnus
1439 1174 1669 1233 pavorCoss.

134 1237 347 1290 praebuit:
381 1237 430 1278 ad
466 1237 548 1277 hoc
581 1236 811 1276 multorum
848 1235 1028 1284 inscitia,
1047 1235 1136 1289 qui,
1158 1247 1233 1275 aut
1267 1236 1394 1286 unde,
1427 1234 1570 1278 hostes

133 1293 418 1341 advenissent.
479 1292 803 1333 Conci-amatum
828 1303 970 1332 tamen
993 1292 1183 1332 celeriter
1206 1292 1257 1332 ad
1288 1307 1405 1334 arma
1428 1303 1505 1343 est,
1527 1303 1571 1335 et

133 1360 270 1406 portae
293 1350 564 1400 stationibus,
588 1350 781 1403 murique
815 1348 1020 1404 praesidiis
1053 1348 1237 1391 firmati:
1269 1361 1313 1390 et
1335 1350 1408 1390 ubi
1431 1349 1570 1403 prima

133 1407 205 1447 lux
252 1408 506 1457 mediocrem
544 1405 858 1446 multitudinem
897 1415 996 1446 ante
1030 1406 1207 1456 moenia,
1246 1420 1382 1461 neque
1421 1406 1567 1458 alium,

131 1477 260 1518 quam
282 1462 518 1513 Tiburtem,
536 1463 700 1504 hostem
725 1462 926 1512 ostendit,
943 1461 1107 1502 duabus
1129 1463 1264 1516 portis
1284 1463 1442 1518 egressi
1464 1478 1566 1505 con·
1576 1481 1723 1513 Tiburtes
1739 1487 1778 1515 ad

132 1520 241 1562 sules
266 1521 478 1575 utrimque
499 1520 634 1561 aciem
664 1519 937 1560 subeuntium
953 1517 1045 1573 jam
1069 1533 1211 1559 muros
1232 1519 1680 1575 adgrediuntunlzome
1700 1537 1776 1577 19oe-

131 1576 412 1632 adparuitque
442 1577 670 1618 occasione
700 1576 852 1631 magis,
873 1589 1004 1630 quam
1036 1575 1208 1625 virtute,
1232 1576 1361 1617 fretos
1384 1577 1562 1619 venisse.
1576 1578 1630 1598 ¹²¹²
1645 1574 1729 1601 “¹⁰‘'-

128 1632 236 1681 adeo
257 1634 328 1675 vix
360 1634 544 1690 primum
578 1633 767 1688 inpetum
807 1632 1101 1673 Romanorum
1133 1633 1383 1674 sustinuere.
1444 1634 1564 1680 Quin

127 1690 260 1739 etiam
301 1691 414 1731 bono
452 1690 583 1730 fuisse
621 1689 828 1730 Romanis
864 1689 1095 1730 adventum
1132 1703 1278 1730 eorum
1321 1691 1564 1743 constabat,

127 1747 420 1804 orientemque
448 1746 541 1802 jam
577 1746 830 1787 seditionem
864 1746 976 1786 inter
1012 1744 1161 1786 Patres
1183 1756 1225 1786 et
1257 1745 1423 1802 plebem
1448 1759 1562 1789 metu

127 1813 214 1844 tam
238 1806 466 1860 propinqui
493 1803 590 1844 belli
621 1816 923 1858 compressam.
981 1802 1104 1844 Alius
1134 1803 1342 1844 adventus
1372 1804 1562 1846 hostium

127 1860 208 1901 fuit
243 1863 441 1916 proximo
477 1860 599 1910 bello,
621 1860 747 1915 agris,
776 1874 903 1914 quam
936 1859 1045 1909 urbi,
1069 1859 1312 1901 terribilior.
1371 1860 1559 1917 Popula-

127 1917 260 1958 bundi
281 1917 608 1972 Tarquinienses
630 1917 735 1956 fines
763 1916 997 1966 Romanos,
1020 1916 1207 1957 maxime
1238 1931 1322 1971 qua
1353 1931 1408 1958 ex
1440 1928 1559 1973 parte
1571 1927 1737 1968 Tarquini.

126 1973 340 2026 Etruriam
368 1975 582 2029 adjacent,
604 1987 903 2028 peragravere:
935 1973 1146 2027 rebusque
1175 1973 1462 2029 nequidquam
1493 1989 1556 2016 re·
1570 1979 1641 2000 ‘³¹¹st
1659 1972 1722 2004 bei-

124 2031 285 2085 petitiS‚
307 2045 405 2072 novi
426 2031 623 2071 consules
646 2029 697 2070 C.
721 2029 878 2071 Fabius
899 2038 942 2069 et
965 2028 1017 2069 C.
1043 2028 1236 2070 Plautius
1250 2045 1374 2084 jussu
1407 2032 1551 2086 populi
1569 2014 1664 2088 igme
1680 2063 1752 2095 397,

125 2087 282 2129 bellum
317 2087 534 2140 indixere.;
566 2087 786 2141 Fabioque
817 2101 867 2127 ea
898 2085 1134 2141 provincia,
1169 2085 1339 2127 Plautio
1373 2086 1551 2130 Hermen
1568 2102 1606 2131 A.
1623 2102 1660 2133 C.
1675 2107 1747 2135 355.

124 2158 316 2185 evenere.
350 2137 529 2189 ‘Gallici
567 2157 737 2199 quoque
776 2142 871 2184 belli
908 2141 1022 2183 fama
1057 2142 1410 2186 increbrescebat.
1470 2145 1552 2187 Sed
1568 2146 1728 2197 GFabiq,

123 2202 237 2241 inter
257 2199 412 2242 multos
434 2211 611 2248 terrores
633 2200 785 2241 solatio
807 2199 890 2240 fuit
913 2213 998 2255 pax
1031 2198 1194 2240 Latinis
1217 2201 1460 2255 petentibus
1480 2202 1554 2243 da-
1567 2188 1738 2263 &glamio

126 2269 181 2308 ta,
203 2267 245 2297 et
274 2272 430 2312 magna
463 2257 525 2297 vis
557 2257 740 2298 militum
773 2257 826 2297 ab
859 2256 908 2296 iis
941 2269 996 2296 ex
1029 2255 1193 2297 foedere
1228 2267 1410 2308 vetusto,
1439 2260 1554 2313 quod

122 2314 267 2360 multis
303 2314 617 2355 intermiserant
656 2314 792 2364 annis,
830 2321 1020 2367 accepta.
1071 2327 1157 2367 quo
1190 2314 1390 2368 praesidio
1421 2329 1554 2370 quum

646 2426 662 2441 ¹·
685 2422 793 2461 devicit
808 2421 906 2450 Gron.
924 2420 1016 2452 Crev.
1073 2429 1076 2431 ’

163 2518 202 2548 63
228 2517 274 2547 M.
292 2516 432 2556 Popillio
450 2512 597 2552 Loenate]
624 2512 687 2542 Hic
704 2512 812 2551 Popil—
859 2513 1088 2551 Carmentalis,
1101 2514 1203 2553 plebei
1218 2519 1329 2543 contra
1348 2513 1468 2546 Patres
1482 2525 1553 2546 con-

119 2561 184 2592 lius
212 2561 356 2592 Loenatis
381 2559 442 2590 sibi
475 2566 658 2597 cognomen
685 2557 719 2585 in
749 2556 811 2585 hoc
855 2558 1004 2587 citatione
1026 2561 1056 2587 et
1071 2558 1219 2587 seditione
1241 2560 1412 2595 nunciata,
1428 2563 1465 2589 ue
1480 2563 1552 2589 erae

121 2596 320 2643 magistratu
351 2603 490 2644 ceperit,
519 2605 556 2631 ut
586 2599 742 2630 discimus
773 2609 812 2628 ex
857 2602 942 2630 {cena
961 2601 1113 2638 amictus,
1129 2601 1177 2630 ita
1199 2603 1283 2630 venit
1306 2602 1340 2629 in
1363 2603 1550 2640 concionem,

120 2648 188 2683 Cic,
212 2647 246 2677 in
263 2647 381 2684 Bruto,
398 2655 430 2676 n.
451 2648 498 2675 14.
524 2644 615 2674 Licet
637 2641 762 2681 aliquid
783 2652 812 2671 e-
856 2643 1111 2682 seditionemque,
1135 2653 1233 2682 quum
1260 2646 1463 2682 orzocor-itate,
1480 2649 1552 2675 tum

120 2692 212 2728 tiam,
227 2690 338 2730 inquit
360 2688 428 2727 ilie,
444 2689 482 2718 de
507 2687 555 2718 M.
575 2686 706 2726 Popillii
725 2687 814 2724 inge·
855 2687 993 2716 oratione
1018 2687 1150 2716 sedat-it.
1199 2686 1240 2715 Et
1264 2696 1343 2716 sane
1366 2687 1463 2731 infra,
1487 2687 1551 2717 hoe

118 2736 170 2764 nio
195 2734 365 2772 suspicari,
382 2730 438 2773 qu'i
464 2741 565 2771 qetum
591 2730 699 2759 consul
725 2732 814 2766 esset,
850 2725 927 2768 ¹ipso
944 2739 972 2758 c.
994 2728 1103 2758 Livius
1120 2729 1290 2759 seditionis
1307 2731 1443 2760 orientis
1461 2740 1552 2760 ruen-

117 2777 281 2816 eodemque
292 2774 431 2815 tempore
441 2775 637 2813 sacrficium
647 2772 814 2812 publicum
854 2773 982 2802 tionem
998 2772 1090 2802 facit.
1138 2772 1238 2802 Loemr
1255 2778 1325 2802 erat
1350 2776 1448 2805 vestis
1465 2783 1551 2804 cras-

116 2814 190 2850 eum
212 2822 294 2850 c'aena
303 2818 450 2860 jot-eree,
473 2818 554 2858 quod
580 2821 652 2846 erat
680 2815 814 2845 Flamen
858 2816 935 2852 sior,
954 2816 1058 2846 instar
1073 2815 1211 2856 duplicis
1229 2823 1325 2855 togae.
