1969 3239
664 121 787 160 LIB.
814 119 881 157 VI.
914 118 1050 156 CAP.
1078 117 1208 155 XXII.
1568 122 1645 161 373

208 217 415 274 populum
437 227 501 262 est
519 237 528 263 ε
551 227 608 271 et,
625 221 912 276 nequidquam
930 217 1274 259 dissuadentibus
1294 216 1474 257 tribunis
1494 217 1642 272 plebis,
1659 231 1698 261 U,
1716 231 1751 261 C.
1768 233 1844 263 37⁶3.

209 290 356 317 omnes
380 277 514 318 tribus
535 278 690 319 bellum
704 279 936 333 jusserunt.
991 274 1259 330 Adparatum
1280 288 1331 314 eo
1352 288 1463 313 anno
1490 275 1642 315 bellum
1657 276 1692 305 A.
1711 275 1747 305 C.
1762 277 1835 305 38⁰·

209 341 299 383 θεῖς
345 335 559 375 exercitus
601 346 773 390 propter
814 332 1100 388 pestilentiam
1142 345 1227 371 non
1276 330 1468 370 eductus.
1511 345 1644 385 eaque

211 391 434 430 cunctatio
456 391 618 432 colonis
639 392 822 446 spatium
854 389 1028 429 dederat
1059 386 1315 443 deprecandi
1350 396 1569 438 senatum3
1601 398 1645 428 et

211 459 368 501 magna
399 447 620 489 hominum
652 462 748 502 pars
778 460 845 496 eo,
868 456 914 486 ut
943 445 1101 500 legatio
1124 444 1303 500 supplex
1338 443 1520 483 Romam
1546 445 1643 484 mit-

210 512 382 553 teretur,
415 504 671 545 inclinabat:
712 504 753 543 ni
792 503 958 558 privato
989 507 1056 554 (ut
1095 501 1162 550 fit)
1195 499 1382 556 periculo
1425 499 1644 554 publicum

209 558 448 614 inplicitum
473 570 596 611 esset,
617 569 897 614 auctoresque
921 558 1175 600 defectionis
1198 558 1251 597 ab
1286 556 1507 605 Romanis,
1529 566 1644 597 metu

208 629 277 666 ne,
299 617 374 657 soli
398 617 564 657 crimini
588 617 787 671 subjecti,
811 616 976 671 piacula
1008 616 1082 656 irae
1116 614 1409 654 Romanorum
1443 613 1644 653 dederen-

211 681 293 722 tur,
316 674 566 714 avertissent
586 674 774 714 colonias
796 689 820 713 a
841 673 1028 714 consiliis
1053 672 1182 727 pacis.
1243 671 1395 725 Neque
1417 670 1459 710 in
1495 680 1644 710 senatu

213 728 349 769 solum
376 743 448 785 per
469 744 539 771 eos
572 730 729 785 legatio
764 730 955 786 inpedita
986 738 1063 779 est,
1087 728 1159 768 sed
1189 741 1345 783 magna
1377 740 1472 780 pars
1508 726 1643 782 plebis

208 785 399 836 incitata,
432 797 478 826 ut
511 788 747 842 praedatum
779 788 821 827 in
855 801 1006 842 agrum
1052 786 1295 825 Romanum
1337 783 1517 824 exirent.
1549 782 1643 824 liaec

206 856 319 883 nova
341 843 496 897 injuria
517 845 765 885 exturbavit
785 858 955 884 omnem
978 856 1096 898 spem
1119 841 1250 896 pacis.
1311 839 1379 881 De
1414 839 1643 880 Praenesti-

203 913 354 940 norum
390 915 560 956 quoque
593 900 834 942 defectione
864 915 915 941 eo
950 914 1061 940 anno
1097 899 1280 952 primum
1320 896 1436 936 fama
1468 907 1640 937 exorta:

207 956 571 1012 arguentibusque
599 972 669 999 eos
708 957 974 1007 Tusculanis,
1004 966 1046 996 et
1089 955 1287 1003 Gabinis,
1317 963 1360 994 et
1402 953 1641 1003 Lavicanis‚

205 1026 385 1066 quorum
407 1014 449 1054 in
482 1015 585 1055 fines
617 1015 876 1056 incursatum
900 1022 1004 1063 erat,
1023 1012 1124 1052 9Sita
1145 1011 1310 1066 placide
1332 1011 1386 1050 ab
1409 1019 1557 1050 senatu
1581 1024 1643 1050 re-

208 1083 411 1123 sponsum
435 1080 511 1121 est,
534 1081 582 1112 ut
601 1073 742 1112 minus
765 1071 879 1113 credi
913 1071 965 1110 de
986 1068 1252 1118 criminibus,
1275 1067 1374 1122 quia
1404 1067 1563 1107 nollent
1595 1081 1644 1106 ea

205 1139 304 1167 vera
325 1142 429 1178 esse,
451 1128 686 1184 adpareret.

264 1183 430 1225 XXII.
463 1185 706 1240 Insequenti
743 1198 854 1225 anno
888 1183 962 1238 Sp.
986 1191 1029 1223 et
1065 1181 1113 1222 L.
1147 1181 1321 1235 Papirii,
1344 1180 1444 1221 novi
1479 1179 1638 1220 tribuni
1656 1190 1694 1220 U.
1714 1190 1749 1220 C.
1767 1193 1841 1223 372.

207 1239 392 1281 militum
415 1243 625 1283 consulari
651 1250 874 1295 potestate,
898 1239 1081 1280 Velitras
1112 1238 1300 1293 legiones
1319 1237 1503 1286 duxere3
1534 1251 1636 1290 qua·
1652 1234 1688 1262 A.
1708 1234 1743 1262 C·
1764 1237 1839 1266 ⁸³79.

206 1307 302 1338 tuor
321 1298 495 1354 collegis
518 1300 605 1339 Ser.
629 1298 829 1339 Cornelio
851 1297 1152 1351 Maluginense
1182 1303 1394 1349 quartum,
1419 1294 1474 1339 Q.
1497 1293 1636 1333 Servi·
1650 1278 1797 1358 {gbfstiss'

204 1353 278 1404 lio,
298 1355 388 1395 Ser.
412 1356 616 1411 Sulpicio,
638 1365 669 1387 9⁹
687 1356 734 1396 L.
756 1354 930 1396 AEmilio
953 1362 1165 1409 quartum,
1187 1351 1367 1392 tribunis
1401 1351 1452 1390 ad
1493 1350 1637 1405 praesi-
1651 1365 1704 1392 &c.
1720 1364 1774 1392 Tr.

206 1411 324 1451 dium
346 1413 478 1461 urbis,
499 1421 541 1453 et
561 1413 594 1452 si
617 1413 689 1467 qui
712 1427 766 1453 ex
806 1411 976 1452 Etruria
1011 1409 1110 1450 novi
1151 1418 1289 1449 motus
1325 1408 1639 1457 nunciarentur,
1654 1407 1723 1436 Mil-

206 1468 371 1519 (omnia
403 1470 514 1509 enim
566 1470 664 1510 inde
703 1478 900 1523 suspecta
940 1468 1079 1516 erant)
1121 1465 1293 1506 relictis.
1352 1463 1420 1504 Ad
1460 1463 1641 1504 Velitras

207 1524 404 1565 adversus
427 1527 590 1581 majora
612 1540 718 1581 pene
749 1525 909 1566 auxilia
942 1523 1322 1572 Praenestinorum,
1344 1534 1471 1575 quam
1507 1521 1641 1575 ipsam

205 1581 455 1623 colonorum
493 1583 826 1631 multitudinem,
858 1580 1045 1622 secundo
1083 1579 1238 1635 proelio
1274 1588 1511 1634 pugnatum
1554 1586 1616 1617 est
1631 1594 1641 1628 3
1656 1590 1807 1622 velitem}

204 1638 266 1678 ita
287 1647 333 1678 ut
354 1640 649 1695 propinquitas
671 1639 785 1680 urbis
808 1639 919 1679 hosti
942 1647 984 1678 et
1005 1652 1153 1677 caussa
1185 1635 1426 1676 maturioris
1450 1633 1580 1688 fugae,
1603 1643 1645 1674 et
1656 1635 1741 1666 victi·

206 1709 338 1736 unum
362 1711 416 1736 ex
449 1696 553 1752 fuga
583 1695 900 1752 receptaculum
933 1704 1057 1734 esset.
1118 1692 1282 1748 Oppidi
1319 1692 1645 1747 obpugnatione

209 1752 372 1793 tribuni
395 1753 661 1805 abstinuere3
693 1752 792 1808 quia
814 1762 857 1792 et
892 1766 1046 1806 anceps
1083 1760 1187 1799 erat,
1210 1763 1288 1789 nec
1327 1749 1370 1789 in
1409 1748 1643 1803 perniciem

209 1808 392 1850 coloniae
415 1810 696 1866 pugnandum
719 1810 963 1858 censebant.
1027 1808 1182 1848 Literae
1216 1806 1400 1846 Romam
1433 1805 1485 1845 ad
1524 1819 1643 1845 sena-

207 1874 299 1906 tum
321 1881 419 1907 cum
443 1868 636 1908 victoriae
673 1866 856 1916 nunciis,
876 1866 1056 1906 acriores
1090 1865 1131 1904 in
1167 1862 1494 1912 Praenestinum,
1515 1876 1643 1916 quam

205 1922 250 1963 in
274 1922 540 1965 Veliternum
578 1924 761 1974 hostem,
784 1924 940 1964 missae.
1001 1921 1152 1975 Itaque
1184 1935 1238 1960 ex
1275 1918 1643 1960 senatusconsulto

207 1980 440 2034 populique
473 1981 595 2036 jussu
632 1980 787 2021 bellum
831 1979 1106 2020 Praenestinis
1147 1977 1380 2017 indictum:
1423 1975 1511 2030 qui,
1541 1989 1643 2016 con·
1656 1983 1853 2014 Praenestinis

199 2035 339 2090 juncti
378 2037 557 2089 Volscis,
578 2052 690 2078 anno
723 2038 973 2091 insequente
999 2035 1225 2084 Satricum,
1248 2032 1461 2074 coloniam
1496 2031 1641 2087 populi
1656 2028 1774 2100 genum
1790 2028 1836 2055 ⁷¹¹¹·

208 2092 393 2134 Romani
417 2093 904 2150 pertinaciteracolonis
918 2092 1150 2142 defensam,
1166 2092 1205 2130 vi
1228 2098 1545 2145 expugnarunt,
1561 2088 1644 2129 foe-
1677 2077 1783 2100 mum.

205 2149 342 2203 deque
355 2151 398 2190 in
411 2152 546 2207 captis
559 2162 787 2192 exercuere
801 2151 1038 2190 victoriam.
1074 2147 1175 2189 Eam
1190 2161 1274 2187 rem
1292 2161 1404 2202 aegre
1420 2147 1529 2201 passi
1554 2145 1642 2185 Ro·
1658 2155 1699 2185 U.
1718 2156 1753 2185 c.
1772 2156 1848 2187 374.

205 2207 336 2257 mani,
349 2206 415 2248 M.
429 2208 602 2249 Furium
618 2207 844 2249 Camillum
861 2207 1087 2261 septimum
1104 2205 1319 2245 tribunum
1336 2203 1517 2244 militum
1527 2216 1640 2243 crea·
1655 2200 1692 2229 A.
1711 2199 1746 2229 C.
1765 2200 1839 2256 378·

207 2276 318 2304 vere.
347 2264 479 2305 additi
502 2265 676 2320 collegae
691 2265 744 2306 A.
765 2274 808 2305 et
832 2265 880 2306 L.
898 2263 1107 2304 Postumii
1132 2261 1410 2317 Regillenses,
1424 2275 1472 2301 ac
1496 2260 1544 2300 L.
1560 2259 1642 2299 Fu·
1656 2244 1815 2315 {Iglgffim

204 2320 305 2370 rius,
337 2335 433 2361 cum
475 2321 522 2362 L.
556 2322 754 2362 Lucretio
795 2331 836 2362 et
878 2320 945 2361 M.
980 2320 1115 2361 Fabio
1150 2318 1379 2359 Ambusto.
1439 2316 1640 2357 Volscum
1656 2329 1857 2359 x'11.&c.Tr.

206 2376 364 2418 bellum
387 2377 454 2418 M.
482 2376 605 2419 Furio
627 2388 750 2419 extra
770 2378 962 2419 ordinem
981 2378 1213 2417 decretum.
1237 2375 1408 2429 adjutor
1429 2387 1483 2414 ex
1508 2373 1641 2413 tribu·
1657 2373 1726 2402 Mil-

205 2434 272 2474 nis
294 2443 407 2475 sorte
431 2435 479 2476 L.
503 2435 653 2476 Furius
684 2435 836 2486 datur;
869 2440 980 2475 ¹non
1013 2431 1099 2474 tam
1133 2447 1156 2473 e
1185 2431 1418 2487 republica,
1440 2429 1575 2485 quam'
1597 2417 1811 2491 utffilllszffm·

206 2490 382 2547 collegae
403 2493 579 2533 materia
598 2493 650 2533 ad
673 2505 842 2533 omnem
864 2490 1032 2532 laudem
1053 2499 1163 2531 esset
1182 2507 1192 2541 3
1224 2492 1293 2528 ‘2et
1324 2488 1494 2544 publice
1529 2487 1643 2541 quod

252 2591 387 2625 92¹*Ita
419 2591 642 2632 placide..ut]
675 2590 804 2621 Placide
833 2592 906 2630 qui·
949 2589 1118 2621 Particula
1140 2594 1177 2620 ut
1201 2594 1338 2619 eventus
1355 2588 1558 2627 designatur,
1576 2596 1643 2616 non

214 2633 303 2672 dem,
319 2634 375 2664 sed
392 2634 440 2664 ita
456 2640 504 2665 ut.
950 2634 1126 2663 consilium
1141 2646 1148 2662 ι
1174 2632 1261 2672 quod
1277 2632 1330 2661 hic
1355 2631 1483 2661 nullum
1502 2640 1571 2660 esse
1587 2640 1645 2670 po—

192 2689 197 2692 ·
251 2681 292 2712 99
316 2678 359 2708 L.
382 2678 525 2708 AEmilz‘o
555 2682 726 2718 quart-um,
751 2676 902 2716 tribunis]
949 2682 1030 2714 test,
1046 2686 1148 2715 quum
1166 2681 1254 2706 sorte
1272 2685 1322 2705 res
1341 2675 1473 2705 decreta
1488 2674 1542 2703 sit.

211 2719 282 2749 Vox
297 2722 447 2760 tribunis,
464 2731 562 2760 quam
580 2720 803 2751 inducendam
831 2730 909 2750 cen-
994 2723 1013 2750 Ω
1030 2719 1048 2737 ²*
1064 2719 1113 2749 Et
1123 2721 1263 2758 publice.
1274 2740 1282 2747 .
1299 2723 1340 2754 ,εἰ
1351 2716 1530 2759 privatim]
1549 2716 1590 2745 Et
1607 2716 1642 2744 in

213 2763 280 2792 suit
294 2764 462 2800 Muretus,
478 2766 571 2795 abest
596 2776 616 2794 a
642 2765 769 2794 (luobus
799 2763 903 2794 Hear-
948 2764 987 2793 iis
1005 2773 1078 2802 quae
1094 2763 1134 2792 ad
1158 2762 1397 2802 rempublicam
1425 2766 1590 2800 spectant,
1607 2764 1642 2788 et

214 2807 260 2836 n³i
275 2807 367 2836 codd.
384 2813 418 2838 et
434 2809 474 2838 ab
493 2818 557 2838 uno
573 2818 590 2837 e
607 2809 741 2838 nostris.
949 2807 983 2837 in
1014 2806 1150 2846 privatis
1180 2815 1260 2846 erga
1297 2804 1458 2845 collegam
1496 2801 1639 2833 consiliis

255 2851 267 2878 1
296 2851 372 2881 Nrm
397 2856 465 2882 tam
488 2862 504 2883 e
528 2853 704 2892 republica,
721 2861 817 2892 qnam
845 2849 897 2891 ut]
948 2850 1126 2888 factisque.

960 2893 1080 2935 Bb3
