1969 3239
599 76 718 116 L113.
746 78 791 117 v,
827 79 960 118 CAP.
989 79 1134 117 xmtr.
1510 90 1586 125 335

162 176 215 218 ud
235 176 465 219 flectendos
480 177 666 219 hostium
684 178 846 218 animos
869 178 1094 230 haberent3
1117 195 1381 236 nequaquam
1406 185 1581 237 perinde
1596 207 1635 238 U.
1655 205 1691 236 C.
1709 207 1782 237 1367..

162 244 291 288 atque
314 237 354 274 in
377 246 503 290 capta
523 236 626 276 urbe
650 236 784 290 prima
805 234 873 274 die
894 245 967 275 aut
999 237 1152 291 passim
1184 248 1257 277 aut
1291 239 1370 278 late
1404 251 1635 295 vagatusA.
1652 250 1688 280 e.
1706 253 1779 284 «ηπ.

161 301 224 330 est
248 292 372 346 ignis.
435 291 633 341 Romani,
654 305 706 330 ex
726 305 824 331 arce
846 292 1010 346 plenam
1035 293 1216 333 bostium
1244 295 1388 335 urbem
1411 310 1584 338 cernen-

163 355 235 397 tes,
264 362 476 403 vagosque
500 348 678 403 pervias
710 361 856 387 omnes
886 363 1044 397 cursus,
1067 364 1196 403 quum
1232 351 1313 390 alia
1346 362 1471 406 atque
1502 355 1583 394 alia

161 413 280 456 parte
313 419 422 444 nova
457 404 596 458 aliqua
630 403 994 455 clades‘oriretur,
1031 407 1064 428 ⁶⁴2
1078 420 1160 445 non
1198 408 1411 448 mentibus
1448 410 1583 451 solum

160 461 396 515 consipere,
419 461 489 500 sed
524 474 576 500 ne
607 460 778 499 auribus
815 461 986 515 quidem
1020 468 1146 516 atque
1179 463 1311 503 oculis
1351 465 1450 504 satis
1482 480 1585 507 con-

161 524 268 556 stare
320 526 526 572 poterant.
587 517 872 570 Quocumque
917 518 1077 558 clamor
1118 518 1320 570 hostium,
1363 521 1582 563 mulierum

158 586 469 627 puerorumque
501 572 700 627 ploratuS,
723 575 885 613 sonitus
908 574 1107 622 flammae,
1129 585 1171 615 et
1204 575 1348 631 fragor
1370 581 1583 620 ruentium

157 637 365 669 tectorum
390 631 668 679 ⁶³avertisset‚
693 639 892 684 paventes
915 631 964 670 ad
989 633 1145 681 omnia,
1169 633 1332 673 animos
1355 649 1511 689 oraque
1541 648 1583 677 et

157 685 304 726 oculos
326 687 570 735 flectebant,
595 686 709 726 velut
730 686 780 726 ad
804 687 1091 741 spectaculum
1115 703 1139 728 a
1161 688 1330 730 fortuna
1364 693 1487 745 positi
1510 708 1581 732 oc-

155 742 336 783 cidentis
370 743 533 796 patriae,
571 756 649 782 nec
690 742 810 782 ullius
849 758 985 783 rerum
1021 758 1188 784 suarum
1229 746 1375 796 relicti,
1410 760 1582 802 praeter-

155 811 282 851 quarn
301 813 542 853 corporum,
566 799 768 840 vindices.
799 808 917 840 tanto
937 810 1034 840 ante
1056 800 1160 841 alios
1185 803 1408 844 miserandi
1433 808 1581 861 magis,

154 856 228 907 qui
252 869 450 909 umquam
470 857 629 896 obsessi
663 866 775 906 sunt,
795 857 907 910 quod
942 857 1156 897 interclusi
1192 873 1215 898 a
1248 861 1383 914 patria
1415 862 1582 903 obside-

155 911 321 961 bantur,
357 913 502 951 omnia
541 926 614 951 sua
651 925 869 953 cernentes
908 913 950 953 in
984 913 1169 954 hostium
1205 926 1427 969 potestate.
1491 919 1582 960 Nec

154 967 419 1022 tranquillior
439 983 526 1008 nox
549 969 660 1008 diem
685 978 769 1009 tam
793 968 910 1010 foede
931 978 1073 1010 actum
1095 974 1290 1026 excepit:
1322 974 1353 996 θ’*
1368 973 1440 1014 lux
1463 975 1581 1015 dein-

152 1023 205 1064 de
226 1034 396 1065 noctem
421 1025 653 1079 inquietam
678 1025 869 1066 insecuta
890 1039 966 1066 est.
999 1041 1076 1067 nec
1112 1027 1238 1068 ullum
1275 1039 1365 1069 erat
1399 1039 1579 1086 tempus,

147 1082 266 1135 quod
301 1097 326 1122 a
357 1096 481 1122 novae
522 1096 685 1135 semper
716 1083 846 1123 cladis
887 1082 1066 1137 alicujus
1105 1085 1346 1138 spectaculo
1384 1099 1578 1129 cessaret.

152 1137 274 1179 Nihil
312 1149 467 1188 tamen,
489 1147 553 1178 tot
585 1139 745 1178 onerati
768 1148 893 1193 atque
916 1140 1057 1180 obruti
1087 1140 1221 1190 malis,
1243 1142 1455 1184 flexerunt
1489 1146 1579 1185 ani-

151 1209 260 1245 mos,
281 1195 399 1250 quin,
421 1195 500 1235 etsi
522 1195 665 1234 omnia
698 1195 880 1236 flammis
914 1210 963 1237 ac
999 1197 1130 1237 ruinis
1166 1210 1332 1251 aequata
1362 1200 1578 1253 vidissent,

149 1253 344 1306 quamvis
366 1251 536 1306 inopem
570 1265 846 1306 parvumque,
867 1267 991 1306 quem
1026 1254 1242 1304 tenebant,
1264 1255 1430 1306 collem,
1453 1257 1578 1298 liber-

150 1308 229 1348 tati
266 1308 474 1358 relictum,
509 1308 665 1348 virtute
703 1309 1003 1360 defenderent3
1045 1320 1088 1350 et
1116 1310 1224 1364 jam,
1263 1325 1392 1364 quum
1430 1315 1575 1356 eadem

149 1365 342 1419 quotidie
361 1365 619 1414 acciderent,
643 1364 757 1404 velut
784 1366 947 1405 adsueti
987 1367 1120 1416 malis,
1143 1366 1486 1410 abalienaverant
1523 1372 1578 1411 ab

149 1435 273 1461 sensu
315 1435 452 1461 rerum
489 1435 654 1461 suarum
689 1422 881 1472 anim0s3
912 1436 1028 1462 arma
1063 1432 1226 1463 tantum
1265 1424 1505 1481 ferrumque
1534 1428 1580 1468 in

150 1477 327 1527 dextris,
354 1477 467 1518 velut
489 1477 597 1518 solas
619 1477 814 1532 reliquias
837 1478 924 1533 spei
949 1493 1049 1530 suae,
1072 1480 1298 1520 intuentes.

210 1533 388 1574 XLIII.
421 1534 533 1574 Galli
557 1548 739 1588 quoque,
765 1549 836 1589 per
859 1534 1021 1589 aliquot
1042 1537 1130 1576 dies
1154 1536 1194 1576 in
1230 1546 1341 1578 tecta
1363 1539 1490 1580 modo
1511 1554 1579 1580 ur-

150 1590 215 1630 bis
241 1591 525 1645 nequidquam
551 1589 660 1630 bello
683 1603 819 1645 gesto,
844 1606 974 1646 quum
997 1592 1106 1632 inter
1138 1593 1334 1634 incendia
1364 1610 1412 1634 ac
1436 1597 1575 1636 ruinas

148 1657 287 1700 captae
322 1648 438 1687 urbis
475 1647 581 1687 nihil
621 1661 851 1702 superesse,
874 1657 1027 1702 praeter
1059 1661 1242 1690 armatos
1282 1650 1438 1701 hostes,
1462 1654 1578 1694 vide-

148 1713 255 1754 rent,
279 1703 564 1758 nequidquam
589 1712 652 1743 tot
673 1704 863 1744 cladibus
900 1705 1083 1756 territos,
1107 1716 1184 1746 nec
1215 1708 1399 1748 flexuros
1423 1708 1472 1749 ad
1505 1710 1578 1750 de-

146 1759 353 1800 ditionem
389 1761 567 1810 animm,
605 1761 648 1799 ni
688 1762 751 1800 vis
789 1761 1088 1812 adliiberetur3
1129 1764 1311 1817 experiri
1350 1765 1512 1815 ultima,
1535 1777 1576 1807 et

146 1816 338 1870 inpetum
362 1816 499 1857 facere
518 1817 559 1857 in
588 1831 725 1857 arcem
740 1827 955 1857 statuunt.
1017 1817 1162 1863 Prima
1192 1821 1298 1869 luce,
1321 1821 1444 1875 signo
1475 1822 1575 1863 dato

146 1873 376 1914 multitudo
394 1874 531 1914 omnis
554 1874 594 1913 in
620 1873 713 1913 foro
733 1873 968 1914 instruitur.
1001 1874 1112 1925 inde,
1135 1875 1316 1916 clamore
1339 1877 1504 1918 sublato
1527 1894 1575 1920 ac
1587 1895 1669 1925 Gaui
1686 1906 1785 1925 arcem

142 1931 177 1953 ‘⁵
193 1930 404 1970 testudine
424 1929 551 1980 facta,
575 1931 772 1970 subeunt.
802 1931 1003 1971 adversus
1034 1946 1138 1986 quos
1170 1933 1355 1973 Romani
1387 1934 1494 1974 nihil
1515 1939 1767 1976 te-frustrssssb-

146 1998 259 2026 mere
279 2000 355 2027 nec
378 1987 555 2041 trepide,
578 1987 628 2028 ad
653 2001 799 2027 omnes
822 1988 959 2028 aditus
991 1989 1246 2030 stationibus
1277 1989 1470 2041 firmatis,
1492 1989 1738 2046 quapugnaut.

144 2041 266 2097 signa
288 2041 387 2083 ferri
422 2044 639 2094 videbant,
661 2058 710 2083 ea
733 2044 883 2084 robore
917 2044 1103 2085 virorum
1136 2046 1337 2100 obposito
1375 2049 1577 2090 scandere

187 2186 228 2217 62
253 2186 329 2216 Non
353 2189 509 2218 mentibus
532 2190 633 2219 solum
657 2188 830 2229 consipere]

142 2227 219 2262 Non
244 2230 350 2259 solum
379 2231 542 2261 mentium
571 2237 738 2271 compotes
765 2242 834 2263 esse

145 2282 211 2302 non
238 2277 403 2312 poterant,
430 2273 486 2303 sed
514 2283 554 2304 ne
579 2285 673 2304 aures
700 2276 834 2314 quidem

143 2320 244 2354 atque
270 2316 381 2346 oculos
408 2317 448 2346 ab
478 2317 624 2355 inquieta
653 2319 834 2357 agitatione

143 2360 326 2389 continere.
377 2359 540 2398 Consipere
562 2361 696 2401 verbum
721 2367 770 2391 est
786 2372 836 2391 ra-

142 2402 323 2439 rissimum,
352 2412 410 2442 pro
435 2413 498 2441 quo
526 2403 648 2432 librarii
675 2403 735 2433 hoc
763 2404 835 2435 loco

142 2445 354 2475 obtruserant
370 2449 539 2485 concipere.
574 2447 704 2485 Lipsius
721 2457 834 2489 emen7

142 2488 233 2518 davit
262 2488 329 2524 hic,
356 2496 390 2518 et
417 2489 505 2528 apud
531 2489 567 2518 A.
596 2489 679 2518 Gen.
709 2489 729 2518 l.
756 2490 831 2520 Vll.

142 2541 172 2561 c.
187 2535 218 2562 3.
242 2532 275 2561 in
292 2533 440 2561 oratione
457 2532 593 2562 Catonis
611 2542 669 2572 pro
686 2532 832 2563 Rhodiis.

141 2574 288 2604 Observa
301 2585 430 2614 quoque
446 2584 506 2605 non
521 2577 621 2605 solum
641 2585 697 2614 pro
711 2585 771 2605 uon
786 2586 833 2605 so-

143 2618 212 2648 Ιιιηι
227 2627 302 2655 non,
320 2624 356 2647 ut
371 2628 470 2657 supra
485 2619 510 2651 L.
523 2622 575 2648 40.
595 2625 626 2647 et
644 2619 699 2648 lv.
717 2621 746 2648 3.

184 2661 224 2691 63
248 2660 437 2699 Averlissel]
464 2661 639 2691 Mallemus
657 2671 731 2690 cuni
750 2661 832 2690 Gro-

143 2703 239 2734 novio
254 2704 451 2741 advertisset,
467 2704 501 2734 id
523 2711 585 2740 est,
599 2704 708 2734 oculos
733 2711 767 2734 et
782 2709 831 2734 at-

142 2747 327 2776 tentionem
341 2748 442 2776 animi
453 2748 655 2777 advocasset:
673 2753 705 2776 et
718 2748 764 2776 ita
777 2746 833 2776 ha-

143 2786 201 2819 bet
217 2789 466 2829 antiquissimus
484 2802 500 2820 e
526 2791 658 2829 nostris,
677 2791 732 2820 sed
750 2800 768 2819 a
783 2800 833 2820 se-

880 2189 988 2220 cunda
1002 2199 1119 2226 manu.

922 2234 962 2263 6-4
987 2233 1067 2263 Lus
1104 2235 1215 2264 deinde
1247 2239 1368 2265 noctem
1397 2237 1573 2275 inquietam

878 2277 1022 2306 insecuta
1046 2279 1106 2316 est]
1132 2277 1203 2307 Hoc
1228 2278 1400 2318 illepidum
1424 2286 1458 2309 et
1481 2280 1575 2318 frigi,—

879 2320 959 2349 dum
975 2326 1036 2349 est.
1080 2321 1168 2360 Quid
1196 2322 1289 2351 enini,
1314 2323 1437 2351 attinet
1464 2323 1573 2352 obser-

880 2372 954 2392 vare
967 2362 1075 2392 lucem
1092 2364 1180 2393 nocti
1198 2366 1413 2394 successisse?
1432 2365 1574 2395 Videtur

880 2406 1038 2436 excidisse
1051 2406 1182 2445 aliquod
1199 2407 1485 2447 epitlieton,*quod
1501 2409 1572 2438 voci

879 2448 935 2478 lux
951 2449 1145 2488 adjunctum
1173 2450 1269 2480 foret.
1314 2451 1385 2481 Nisi
1412 2452 1495 2480 forte
1520 2456 1572 2481 to-

877 2495 950 2521 tum
980 2492 1040 2522 hoc
1067 2494 1253 2523 membrum
1281 2504 1343 2532 pro*
1363 2498 1503 2523 centone
1531 2495 1571 2524 ab

876 2534 985 2564 aliena
1025 2545 1124 2565 manu
1162 2543 1272 2565 assuto
1312 2536 1422 2566 haberi
1462 2537 1571 2567 debet.

878 2576 973 2607 Certe
990 2588 1028 2607 eo
1045 2579 1152 2607 deleto
1170 2579 1252 2608 nihil
1269 2580 1321 2608 hie
1338 2580 1512 2610 desideres.

920 2622 960 2650 65
987 2621 1158 2650 Testndine
1176 2622 1291 2661 siwia]
1330 2623 1437 2652 Sentis
1471 2633 1568 2663 super

876 2663 987 2702 capita
1024 2664 1180 2694 densatis.
1243 2665 1352 2702 Hujus
1391 2667 1567 2695 testudini:

877 2705 1130 2745 descriptionem
1171 2708 1241 2738 vide
1280 2709 1366 2749 apud
1406 2717 1568 2745 nostruin,

878 2748 998 2780 XLIV.
1014 2752 1069 2782 95
1222 2754 1226 2757 “
1327 2752 1331 2755 ’
