1991 3250
609 82 811 123 LIB.11.
847 81 978 120 CAP.
1006 82 1213 119 XXXIV..
1556 87 1629 122 119

169 183 368 226 Coriolos
390 185 676 236 obsidentem,
695 192 825 239 atque
848 183 891 224 in
910 182 1168 239 oppidanos,
1187 195 1295 238 quos
1318 182 1432 223 intus
1456 183 1621 226 clausos
1638 191 1677 222 U.
1694 192 1729 221 c.
1746 193 1820 222 εει.

165 241 370 294 habebat,
405 243 619 284 intentum
654 241 745 282 sine
780 240 868 281 ullo
903 249 1019 281 metu
1065 241 1333 281 extrinsecus
1371 241 1619 283 inminentis
1635 235 1724 268 ·¹³·C·
1739 239 1815 267 ⁴9¹·

166 299 281 351 belli,
306 299 474 342 Volscae
507 299 714 355 legioneS,
738 297 947 353 profeetae
982 298 1036 338 ab
1071 297 1221 346 Antio,
1253 297 1524 348 invasissent,
1547 314 1620 340 eo-

162 356 347 413 demque
375 367 566 413 tempore
593 370 647 397 ex
679 355 842 411 oppido
872 355 1113 410 erupissent
1139 354 1300 404 hostes,
1323 354 1434 395 forte
1463 355 1505 396 in
1533 367 1618 397 sta-

162 413 281 456 tione
316 414 509 456 Marcius
545 413 644 454 fuit.
705 412 764 463 Is,
795 427 894 454 cum
927 411 1092 453 delecta
1126 411 1312 452 militum
1352 413 1497 462 manu,
1530 427 1617 455 non

159 472 290 512 modo
314 472 507 528 inpetum
538 469 856 526 erumpentium
881 469 1054 520 retudit,
1076 469 1149 510 sed
1173 483 1247 525 per
1277 477 1494 525 patentem
1519 485 1617 526 por-

160 539 249 569 tam
280 528 402 571 ferox
434 527 622 584 inrupit:
657 527 861 582 caedeque
896 529 926 550 ⁵³³
945 527 986 567 in
1021 527 1222 583 proxima
1245 526 1365 567 urbis
1394 526 1523 577 facta,
1550 528 1615 583 ig-

157 600 272 638 nem,
294 595 452 627 temere
486 594 719 640 arreptum,
742 584 1055 626 inminentibus
1082 598 1205 624 muro
1229 583 1426 625 aedificiis
1449 583 1613 639 injecit.

159 641 335 689 Clamor
360 642 459 684 inde
482 641 816 698 oppidanorum,
841 642 1002 683 mixtus
1033 641 1230 682 muliebri
1256 641 1493 696 puerilique
1520 641 1611 697 plo-

155 710 266 751 ratu,
295 700 392 741 ⁸⁴ad
427 709 647 750 terrorem,
671 709 720 740 ut
748 699 870 751 solet,
894 699 1033 755 primo
1056 708 1152 740 ortu
1183 709 1226 739 et
1251 698 1460 740 Romanis
1490 701 1613 740 auxit

155 757 361 808 animum,
383 766 427 798 et
460 757 652 799 turbavit
679 756 874 808 Volscoe,
898 766 1050 812 utpote
1080 765 1205 811 capta
1229 757 1348 807 urbe,
1371 757 1439 797 cui
1463 756 1515 797 ad
1549 756 1612 797 fe-

152 814 327 856 rendam
356 828 484 870 opem
520 822 737 855 venerant.
799 813 868 855 Ita
902 813 984 855 fusi
1023 813 1166 854 Volsci
1199 812 1414 864 Antiates,
1445 813 1610 855 Corioli

153 871 363 928 oppidum
394 880 585 927 captum.
626 881 882 927 tantumque
909 885 987 912 sua
1009 870 1133 911 laude
1161 871 1333 911 obstitit
1357 872 1482 911 famae
1506 886 1609 912 con-

152 928 253 969 sulis
288 927 498 980 Marcius,
526 937 588 980 ut,
619 929 700 970 nisi
733 928 878 970 foedus
909 942 1007 969 cum
1046 926 1226 976 Latinis,
1257 928 1458 968 columna
1490 943 1610 969 aenea

150 984 431 1042 insculptum,
452 995 735 1027 monumento
758 995 884 1036 esset,
907 986 961 1027 ab
993 985 1067 1041 Sp.
1098 984 1249 1025 Cassio
1277 1000 1377 1035 uno,
1398 985 1498 1040 quia
1520 986 1610 1026 col-

149 1042 248 1099 lega
280 1042 468 1084 afuerati
495 1043 646 1094 ictum,
682 1043 938 1085 Postumum
965 1041 1214 1084 Cominium
1247 1042 1401 1083 bellum
1426 1043 1608 1098 gessisse

149 1114 247 1141 cum
288 1100 471 1152 Volscis,
512 1101 718 1142 memoria
758 1101 968 1142 cessisset.
1040 1099 1203 1141 Eodem
1251 1114 1364 1140 anno
1407 1099 1696 1155 AgrippaAgr.
1713 1114 1821 1145 Mene-

149 1156 380 1199 Menenius
414 1158 610 1209 moritur,
632 1159 697 1199 vir
727 1160 758 1181 ²³⁵
773 1158 890 1200 omni
922 1159 1012 1199 vita
1034 1157 1192 1213 pariter
1216 1156 1416 1198 Patribus
1445 1172 1495 1197 ac
1518 1160 1605 1213 ple·
1620 1159 1664 1186 nii
1680 1168 1774 1190 mors„

148 1214 192 1257 bi
216 1229 363 1268 carus3
399 1224 498 1272 post
519 1216 801 1257 secessionem
825 1215 963 1257 carior
983 1215 1096 1270 plebi
1123 1214 1278 1256 faetus.
1333 1214 1451 1256 Huic
1474 1215 1605 1255 iuter-

146 1273 258 1328 preti
293 1273 540 1329 arbitroque
572 1274 819 1315 concordiae
853 1273 1028 1324 civium,
1052 1272 1195 1328 legato
1232 1271 1407 1313 Petrum
1432 1271 1484 1312 ad
1518 1271 1605 1327 ple-

147 1330 262 1381 bem,
285 1330 499 1372 reductori
532 1330 666 1386 plebis
692 1331 902 1372 Romanae
929 1330 971 1371 in
999 1331 1147 1371 urbem
1172 1339 1337 1370 sumtus
1361 1328 1499 1369 funeri
1531 1330 1604 1370 de-

147 1385 246 1428 fuit.
278 1388 436 1428 extulit
457 1402 554 1428 eum
580 1387 698 1443 plebs
727 1389 759 1411 ⁸⁶
773 1389 1044 1428 sextantibus
1067 1387 1249 1428 conlatis
1272 1386 1314 1427 in
1339 1387 1498 1442 capita.

204 1443 439 1486 XXXIV.
480 1444 690 1486 Consules
728 1445 884 1486 deinde
921 1443 970 1486 T.
1012 1445 1253 1501 GeganiuS,
1285 1443 1335 1485 P.
1376 1443 1794 1485 MinuciusU-(av-GQ-

144 1500 264 1542 facti.
327 1501 391 1543 Eo
421 1517 547 1552 anno,
570 1517 703 1558 quum
726 1513 769 1544 et
791 1502 894 1544 foris
917 1502 1064 1557 quieta
1090 1502 1236 1543 onmia
1257 1516 1281 1542 a
1309 1500 1421 1542 bello
1444 1511 1599 1553 essent,
1613 1491 1652 1563 ξ
1663 1492 1803 1564 &1:³an

145 1568 188 1599 et
210 1557 327 1600 domi
350 1569 499 1600 sanata
523 1559 750 1610 discordia,
772 1559 887 1601 aliud
910 1560 1046 1601 multo
1068 1560 1241 1615 gravius
1267 1559 1422 1599 malum
1448 1559 1599 1599 civita·
1613 1557 1815 1609 PsMiiiucio'

149 1625 234 1656 tem
259 1616 440 1659 invasit:
477 1616 631 1658 caritas
663 1617 846 1672 primum
877 1631 1076 1667 annonae,
1106 1619 1137 1642 3⁷
1152 1631 1206 1657 ex
1237 1616 1410 1657 incultis
1440 1630 1515 1671 per
1535 1631 1599 1656 se-
1612 1622 1697 1671 Coss-

145 1673 384 1715 cessionem
409 1673 546 1730 plebis
573 1675 712 1730 agris;
747 1674 883 1714 fames
902 1674 1071 1725 deinde,
1095 1676 1126 1697 ss
1142 1673 1277 1729 qualis
1297 1673 1451 1714 clausis
1476 1666 1734 1738 solet-gantas

141 1740 406 1786 ventumque
428 1731 482 1772 ad
514 1732 733 1772 interitum
758 1731 1032 1774 servitiorum
1063 1731 1212 1786 utique
1235 1740 1278 1771 et
1307 1731 1442 1786 plebis
1470 1741 1597 1783 esset,
1631 1719 1753 1742 nuonae.

139 1787 184 1829 ni
226 1787 421 1830 consules
463 1789 767 1844 providissent,
805 1789 993 1830 dimissis
1040 1791 1199 1844 passim
1239 1788 1292 1830 ad
1331 1788 1598 1830 frumentum

141 1845 440 1897 coemendum,
463 1860 549 1888 non
574 1846 616 1888 in
650 1846 868 1888 Etruriam
890 1846 1021 1887 modo
1043 1846 1204 1886 dextris
1227 1847 1282 1886 ab
1314 1845 1439 1887 Ostia
1459 1845 1598 1886 litori-

140 1902 233 1956 bus,
255 1903 452 1960 laevoque
474 1918 549 1960 per
567 1903 875 1946 Volscos'mari
897 1918 1030 1959 usque
1052 1904 1104 1944 ad
1133 1902 1308 1954 CumaS,
1332 1903 1405 1944 sed
1432 1905 1597 1958 89quee-

669 2010 678 2032 i
700 2013 841 2051 abfuerat
856 2014 953 2043 Gron.
971 2013 1063 2042 Crev.

181 2100 223 2129 83
251 2097 289 2129 [a
301 2099 456 2138 prozima
471 2099 576 2140 urbis]
605 2098 644 2130 In
660 2098 734 2130 loca
748 2100 839 2130 urbis

138 2150 214 2181 quae
243 2147 348 2182 portae
378 2144 531 2183 proxima
561 2147 671 2174 erant.
716 2144 794 2174 Duo
822 2154 839 2173 e

136 2185 259 2216 uostris
283 2185 378 2216 MSS.
404 2186 546 2224 addunt,
568 2188 625 2217 sed
645 2198 667 2229 ἓ
691 2187 841 2217 secunda

137 2238 254 2268 manu,
274 2234 384 2270 parte.
434 2230 557 2260 Utatur
582 2231 635 2260 cui
663 2230 839 2271 placuerit.

136 2271 282 2311 Quidam
306 2284 324 2302 e
348 2273 567 2304 Gronovianis
592 2274 687 2304 codd.
710 2275 837 2306 habent

135 2317 171 2346 in
188 2317 346 2356 proxima
368 2317 456 2347 urbe.
502 2316 586 2347 Inde
608 2317 683 2347 dae.
709 2319 838 2348 Grono-

135 2359 207 2390 vius
230 2360 334 2391 efficit
357 2362 391 2390 in
408 2362 524 2400 prima
547 2361 639 2400 urbe,
663 2361 696 2392 id
720 2368 784 2400 est,
803 2362 837 2393 in

135 2403 246 2444 prima
260 2404 351 2434 urbis
369 2410 476 2444 parte.
549 2440 553 2445 Ι

178 2450 220 2479 84
257 2448 312 2478 Ad
347 2453 517 2486 terrorem,
547 2453 584 2478 ut
614 2449 703 2485 solet,
728 2450 839 2489 pri‘mo

133 2489 220 2530 orla]
256 2491 438 2522 Rhenanus
457 2494 568 2532 primo
594 2496 668 2522 ortu
699 2493 839 2533 exponit

133 2538 257 2570 statim.
303 2535 368 2566 Sed
383 2536 475 2566 haud
491 2535 591 2575 paulo
609 2535 729 2566 melius
749 2536 839 2566 vide-

132 2583 227 2609 retur
256 2578 344 2618 quod
374 2580 528 2619 suggerit
562 2579 764 2616 Gronovius,
795 2579 840 2610 ad

134 2625 305 2653 terrorem.
315 2643 324 2653 .
339 2644 346 2653 .
356 2625 508 2662 primum
524 2628 624 2654 ortus.
671 2623 772 2653 Certe
786 2634 840 2653 or-

134 2668 188 2695 tus
211 2671 305 2697 extat
329 2666 364 2697 in
389 2666 553 2707 Campani
577 2667 737 2702 editione,
760 2671 794 2696 et
821 2677 840 2696 a

99 2741 105 2746 ,
135 2709 283 2740 secunda
301 2719 403 2741 manu
421 2710 457 2740 in
473 2710 601 2742 duobus
623 2711 723 2751 regiis
741 2710 838 2741 codd.

137 2751 189 2781 vel
204 2753 353 2793 optimis.

178 2797 218 2827 85
255 2795 353 2828 Omni
382 2796 465 2836 vita]
505 2796 643 2837 Aliquot
673 2797 788 2838 scripti
819 2807 839 2828 a

133 2836 208 2870 Jac.
223 2838 388 2872 Gronov-io
404 2841 554 2882 allegati,
571 2845 606 2873 et
628 2851 746 2873 omnes
762 2851 838 2873 nos-

884 2100 930 2130 tri
946 2099 1074 2130 habent
1090 2098 1234 2128 omnium
1258 2097 1352 2127 vita.-
1378 2101 1419 2128 ut
1441 2095 1597 2128 videatur

884 2143 1065 2183 legendum
1085 2151 1155 2172 esse
1171 2142 1258 2171 omni
1273 2143 1308 2171 in
1325 2142 1404 2171 vita.

931 2188 971 2218 {36
1001 2184 1228 2225 Seaetmztibus]
1262 2186 1402 2216 Sextans
1428 2189 1479 2214 est
1502 2187 1596 2215 sexta

885 2241 960 2272 pars
978 2231 1057 2260 assis
1074 2229 1232 2260 Romani.

926 2277 965 2307 87
976 2274 1056 2304 *Ex
1068 2275 1200 2303 incultis
1206 2282 1267 2312 per
1279 2274 1480 2302 secessionem
1494 2272 1595 2311 plebis

881 2318 987 2358 agris]
1022 2318 1156 2357 Nempe
1180 2316 1322 2346 secessio
1346 2315 1404 2345 illa
1429 2315 1518 2345 ultra
1533 2316 1595 2345 tri-

885 2372 941 2392 uin
960 2362 1127 2391 mensium
1152 2360 1301 2400 spatium
1326 2364 1480 2388 extracta
1504 2364 1593 2395 erat,

884 2406 983 2444 idque
1001 2405 1073 2445 ipso
1097 2404 1259 2434 sementis
1282 2408 1446 2442 ternpore.
1497 2401 1593 2432 Plebs

883 2450 974 2479 enim
992 2449 1130 2479 secessit
1147 2453 1226 2477 ante
1243 2445 1412 2476 Kalendas
1437 2447 1592 2487 Septem-⁴

883 2493 970 2531 bres‚
996 2503 1057 2522 nee
1083 2489 1183 2522 rediit
1206 2492 1240 2520 in
1265 2491 1395 2528 urbem,
1421 2489 1485 2519 nisi
1510 2499 1540 2520 a.
1558 2489 1591 2519 d.

884 2537 940 2567 lv.
962 2536 1039 2566 Idus
1055 2535 1272 2566 Decembres.
1340 2530 1343 2532 ’

929 2582 969 2610 88
999 2576 1122 2620 ”Qualis
1137 2578 1255 2608 clausis
1266 2575 1355 2614 solet]
1384 2576 1461 2606 Non
1478 2576 1590 2606 minus

883 2633 985 2660 saeva,
1001 2632 1102 2663 quarm
1123 2631 1198 2660 quae
1214 2619 1299 2651 solet
1316 2620 1463 2650 clausam
1483 2625 1516 2650 et
1533 2620 1590 2649 ob-

884 2676 1007 2696 sessam
1027 2666 1143 2696 urbem
1160 2665 1314 2704 fatigare.

929 2713 969 2744 89
1000 2710 1187 2750 ‚Quoesitum
1210 2709 1245 2738 in
1270 2707 1401 2747 Sicilia]
1435 2706 1589 2744 Plerique

883 2754 1000 2793 scripti
1023 2755 1057 2783 in
1081 2751 1244 2783 Siciliam.
1290 2750 1393 2794 Bene.
1439 2750 1503 2780 Sed
1528 2759 1590 2783 vox

883 2798 1055 2839 quaesitum
1072 2806 1188 2837 vacare
1207 2795 1350 2826 videtur.

934 2890 1000 2925 14-
