1991 3250
621 352 703 416 T.
756 348 1024 415 L1V11
1075 330 1596 414 PA'TAVINI
1649 341 1657 347 “

910 511 1188 560 LIBER
1231 512 1319 560 IV.

977 663 1267 688 -..⁴..-..

184 761 376 837 ἕζὲἓὲὲζ
408 753 553 816 HOS
585 772 718 814 secuti
752 771 820 814 M.
854 772 1072 815 Genucius
1104 782 1149 813 et
1182 773 1232 815 C.
1265 773 1436 815 Curtius
1470 772 1677 815 consules.
1737 771 1836 814 Fuit

187 847 239 879 M.
257 849 363 878 Genu·
405 845 538 872 annus
557 829 673 871 domi
693 829 880 885 forisque
900 829 1094 870 infestu‘s.
1114 844 1211 870 nam
1230 831 1327 872 anni
1350 831 1559 886 principio
1577 841 1620 871 et
1635 837 1643 858 ¹
1660 829 1714 870 de
1731 843 1833 870 con-

189 892 249 941 cio,
265 892 392 921 c.Cur-
407 887 536 928 nubio
551 886 724 928 Parrum
743 895 786 928 et
804 887 939 942 plebis
959 885 1011 927 C.
1027 885 1259 928 Canuleius
1277 888 1472 928 tribunus
1490 888 1627 944 plebis
1646 887 1835 942 rogatio-

189 936 393 1009 ῗζχοέῗὲοη-
405 958 500 985 nem
524 943 833 1000 promulgavit3
855 958 938 999 qua
954 943 1236 984 contaminari
1258 944 1504 999 sanguinem
1534 958 1651 984 suum
1676 943 1838 992 Patres,

189 1021 286 1051 nubio
300 1020 357 1050 Pa·
405 1000 694 1056 confundique
708 1000 825 1056 {jura
837 1001 1027 1056 gentium
1042 1001 1262 1043 rebantur:
1281 1011 1324 1041 et
1339 1002 1513 1052 mentio,
1530 1001 1666 1056 primo
1684 999 1839 1040 sensim

188 1070 274 1113 trun-1
288 1067 321 1094 et
406 1058 537 1100 inlata
553 1058 792 1112 atribuniffi
804 1068 852 1098 ut
869 1056 1044 1098 alterum
1062 1072 1116 1098 ex
1136 1057 1259 1112 plebe
1278 1056 1491 1099 consulem
1510 1057 1655 1099 liceret
1670 1056 1774 1107 fieri,
1789 1069 1840 1095 eo

187 1107 300 1148 P¹⁸b¹⁵·
406 1115 614 1171 processit
633 1114 801 1165 deinde,
816 1124 864 1155 ut
880 1115 1147 1170 rogationem
1167 1129 1320 1155 novem
1336 1114 1492 1155 tribuni
1508 1113 1839 1170 promulgarent,

187 1160 394 1233 gzazogmuj
409 1179 455 1213 ut
467 1170 618 1227 populo
628 1178 803 1227 potestas
819 1178 925 1222 esset,
942 1185 1009 1213 seu
1025 1170 1073 1212 de
1086 1170 1214 1227 plebe,
1226 1186 1299 1220 ‚seu
1315 1170 1363 1212 de
1384 1170 1583 1212 Patribus
1601 1170 1730 1219 vellet,
1748 1184 1840 1210 con-

187 1255 259 1276 eum
276 1245 366 1284 plebe
406 1226 715 1285 sulesfacz'eudz’.
749 1227 799 1269 Id
820 1242 919 1269 vero
936 1227 970 1268 si
987 1227 1118 1278 fieret,
1134 1242 1218 1268 non
1231 1227 1394 1284 vulgari
1412 1229 1539 1269 modo
1554 1242 1652 1269 cum
1667 1226 1840 1276 infimis,

191 1289 366 1320 consulatu.
408 1286 480 1328 sed
497 1300 666 1342 prorsus
685 1284 838 1325 auferri
857 1301 882 1325 a
903 1285 1157 1340 primoribus
1173 1285 1223 1325 ad
1245 1284 1426 1341 plebem,
1442 1298 1654 1326 summum
1672 1282 1842 1339 imperi-

395 1356 481 1392 ,um
497 1343 742 1384 credebant.
777 1340 884 1382 Laeti
899 1356 1001 1397 ergo
1015 1342 1185 1382 audiere
1197 1341 1620 1392 Patres,Ardeatium
1634 1340 1840 1396 populum

408 1400 466 1442 ob
484 1399 682 1455 injuriam
701 1399 793 1455 agri
812 1398 1046 1453 abjudicati
1064 1399 1259 1448 descisse,
1279 1407 1322 1439 et
1340 1397 1539 1440 Veientes
1558 1397 1841 1454 depopulatos

408 1467 603 1498 extrema
623 1455 714 1510 agri
740 1455 941 1506 Romani,
962 1464 1004 1496 et
1029 1454 1206 1496 Volscos
1237 1454 1488 1510 AEquosque
1517 1456 1574 1496 ob
1605 1453 1844 1496 communi-

409 1524 497 1554 tam
520 1516 534 1537 ³
554 1513 833 1568 Verruginem
858 1511 1050 1553 fremere.
1072 1513 1177 1552 adeo
1200 1511 1265 1552 vel
1298 1511 1445 1552 infelix
1470 1511 1627 1553 bellum
1659 1510 1845 1566 ignomi-

408 1571 543 1612 niosae
579 1570 673 1626 paci
704 1573 718 1593 “¹
734 1568 1033 1625 praeferebant.
1093 1568 1176 1610 His
1208 1569 1349 1623 itaque
1381 1568 1424 1609 in
1455 1569 1592 1624 majus
1623 1568 1752 1609 etiam
1775 1581 1844 1608 ac-

410 1627 566 1682 ceptis,
590 1636 635 1667 ut
657 1626 766 1668 inter
790 1627 1010 1681 strepitum
1032 1634 1097 1666 tot
1119 1625 1324 1666 bellorum
1354 1626 1691 1667 conticescerent
1711 1625 1846 1666 actio-

409 1699 485 1726 nes
517 1683 774 1733 tribuniciae,
796 1682 981 1723 delectus
1013 1682 1175 1733 haberi,
1198 1681 1352 1723 bellum
1386 1697 1584 1736 armaque
1614 1682 1655 1722 vi
1683 1695 1846 1722 summa

411 1741 605 1796 adparari
624 1740 807 1795 jube'nt3
839 1739 870 1779 si
896 1754 978 1794 quo
1009 1739 1212 1780 intentius
1236 1740 1384 1794 possit,
1406 1753 1533 1794 quam
1563 1738 1614 1780 T.
1639 1738 1844 1785 Quinctio

397 1797 586 1839 ‘consule
607 1797 857 1852 adparatum
880 1797 948 1837 sit.
1007 1794 1117 1836 Tum
1141 1795 1192 1836 C.
1215 1796 1440 1837 Canuleius
1460 1811 1595 1852 pauca
1625 1795 1667 1836 in
1701 1803 1847 1835 senatu

396 1854 686 1905 uociferatus,
709 1852 977 1908 nequidquam
1006 1852 1228 1894 territando
1259 1853 1430 1894 consules
1460 1859 1634 1893 avertere
1648 1851 1803 1907 plebem
1821 1865 1847 1891 a

413 1924 512 1952 cura
534 1924 730 1952 novarum
751 1910 907 1965 legum,·
928 1924 1146 1965 numquam
1167 1924 1228 1950 eos
1247 1924 1284 1951 se
1305 1909 1396 1950 vivo
1417 1909 1608 1950 delectum
1628 1907 1847 1961 habituro&

414 1975 629 2024 autequam
659 1982 720 2018 ea,
748 1980 833 2021 quae
857 1965 1121 2022 promulgata
1153 1966 1204 2007 ab
1236 1981 1274 2007 se
1306 1965 1539 2023 collegisque
1565 1972 1700 2017 essent,
1713 1963 1852 2022 plebes

416 2025 616 2073 scivisset,-
647 2033 714 2065 eta
734 2022 962 2064 confestim
983 2025 1036 2065 ad
1058 2024 1311 2064 concionem
1334 2023 1575 2064 advocavit.

481 2080 543 2123 II.
580 2079 738 2122 Eodem
764 2089 954 2137 tempore
976 2091 1020 2121 et
1040 2080 1234 2122 consules
1257 2090 1450 2122 senatum
1473 2080 1516 2121 in
1549 2080 1785 2130 tribunum,
1804 2087 1847 2119 et

953 2200 967 2214 Β
988 2200 1015 2225 et
1031 2195 1090 2226 del.
1107 2196 1202 2225 Gron.
1219 2196 1309 2226 Crev.

467 2279 554 2311 iDe
575 2279 726 2310 connubio
760 2277 902 2308 Parrum
932 2287 972 2308 ac
998 2277 1110 2318 plebis]

420 2323 611 2356 Decemviri
638 2321 766 2352 duabus
789 2322 963 2360 postremis
991 2321 1113 2351 tabulis

423 2368 633 2397 inseruerant
657 2365 778 2404 legem,
804 2374 843 2394 ne
867 2365 1012 2403 patriciis
1036 2374 1112 2394 cum

423 2411 559 2450 plebeiis
584 2409 676 2439 licita
697 2413 808 2438 essent
830 2408 1016 2437 connubia:
1047 2417 1113 2437 non

423 2453 523 2484 aliam
546 2453 587 2482 ob
611 2461 761 2487 causam,
775 2452 801 2480 si
825 2452 1022 2488 conjecturae
1041 2451 1121 2480 Dio-

424 2497 509 2536 nysii
526 2496 605 2526 fides
622 2495 774 2531 habetur,
790 2503 890 2532 quain
915 2503 956 2523 ne
972 2504 1030 2533 per
1051 2495 1119 2524 uffi-

426 2541 548 2570 nitates
576 2545 610 2569 et
639 2538 805 2568 connubia
829 2537 1006 2567 eoncordia
1032 2538 1119 2568 inter

426 2583 558 2613 ordines
575 2581 784 2612 coalesceret.
808 2580 986 2621 Dionysius
1004 2580 1023 2610 l.
1041 2581 1081 2610 Χ.

471 2629 490 2657 9,
513 2626 605 2657 dura
626 2625 794 2663 Gentium]
823 2624 908 2654 Gens
930 2628 979 2653 est
997 2624 1056 2653 lnoc
1074 2624 1120 2654 lo-

430 2680 481 2706 eo,
498 2679 573 2707 qua:
597 2679 614 2697 e
639 2667 912 2705 iiiultisfitr›1iliis
934 2668 1121 2698 coniicitur.

435 2713 520 2742 szs
542 2713 631 2741 enim
655 2711 890 2750 complectitur
913 2721 967 2740 eos
990 2721 1119 2749 omnes,

430 2756 485 2795 qui
509 2755 623 2784 eodem
640 2759 767 2783 suntet
791 2755 926 2783 nomine
942 2760 975 2784 et
999 2764 1120 2792 cogno-

430 2800 533 2828 mine.
564 2797 640 2827 dam
660 2807 732 2826 vero
751 2797 770 2826 ii
787 2797 845 2826 soli
859 2801 989 2835 gentem
1005 2799 1120 2827 habere

431 2842 640 2877 dicebantur,
664 2841 720 2877 qni
744 2841 784 2869 ab
809 2841 960 2878 ingenuis
991 2841 1120 2870 oriundi

431 2888 554 2922 essent,
571 2893 711 2922 quorum
731 2885 892 2922 majorum
910 2893 1007 2914 nemo
1022 2884 1120 2914 servi—

1157 2282 1267 2308 tutem
1291 2279 1489 2315 servivisset,
1506 2279 1561 2318 qui
1586 2279 1695 2319 eapite
1712 2287 1776 2308 non
1801 2287 1851 2307 es·

1157 2327 1232 2352 sent
1257 2321 1440 2352 deminuti:
1465 2327 1552 2352 teste
1570 2322 1638 2352 cie.
1655 2323 1688 2352 in
1703 2321 1849 2360 Topicis.

1158 2375 1190 2395 n.
1218 2366 1270 2398 529.
1299 2365 1380 2395 Inde
1402 2365 1532 2405 patricii
1555 2365 1640 2396 solos
1663 2375 1697 2395 se
1717 2369 1849 2403 gentem-

1158 2409 1273 2438 habere
1297 2408 1538 2446 gloriabantur,
1558 2409 1635 2448 (vid.
1653 2408 1723 2439 Liv.
1741 2407 1783 2437 Χ.
1802 2406 1847 2445 8.)

1164 2451 1251 2491 quod
1273 2452 1358 2482 tales
1384 2462 1404 2482 a
1428 2451 1570 2483 Romulo
1598 2451 1695 2482 electi
1726 2455 1851 2487 esseut,

1163 2494 1275 2533 quales
1307 2495 1404 2526 modo
1434 2505 1474 2526 ex
1498 2495 1656 2526 Cicerone
1680 2494 1852 2534 descripsi·

1164 2548 1248 2568 mus.
1280 2539 1472 2578 -Propterea
1491 2536 1579 2580 jura
1606 2540 1754 2577 gentium
1782 2547 1854 2567 con·

1150 2581 1257 2621 fundi
1273 2592 1310 2612 ac
1327 2582 1509 2621 perturbari
1534 2582 1689 2611 rebantur
1711 2580 1853 2611 admisto

1166 2625 1368 2664 plebeiorum
1391 2622 1566 2665 sanguine,
1582 2634 1662 2664 quos
1686 2624 1851 2664 negabant

1162 2673 1290 2707 gentem
1308 2669 1431 2699 luthere.

1206 2716 1224 2741 3
1252 2710 1482 2750 Verruginem]
1518 2711 1686 2751 Oppidum
1718 2711 1750 2741 in
1777 2710 1852 2740 vol-

1164 2764 1294 2784 scorum
1325 2756 1572 2793 AEquorumque
1609 2755 1753 2784 confinio
1769 2766 1775 2784 ι
1813 2755 1853 2784 de

1164 2808 1228 2836 qno
1246 2797 1337 2827 nulla
1355 2798 1514 2828 haetenus
1528 2808 1546 2827 a
1560 2798 1649 2828 Livio
1660 2798 1750 2828 sacta
1762 2808 1853 2828 men-

1165 2843 1212 2871 tio
1228 2847 1287 2870 est.

1209 2887 1227 2914 4
1255 2883 1492 2924 l'rqu'erebam]
1510 2884 1616 2915 Volsci
1634 2890 1666 2914 et
1684 2884 1792 2923 AEqui.
