1991 3250
151 201 192 230 U.
208 199 245 230 C.
263 202 335 227 282.

146 242 185 273 A.
202 243 238 274 C.
254 245 327 273 470.

146 538 188 568 U.
204 538 239 567 C.
255 539 330 567 ⁶233.

146 582 185 611 Α.
201 581 239 611 C.
256 581 329 611 469.

146 655 207 692 Ap.
225 653 320 682 Clau-

147 699 208 733 dio,
224 696 262 725 T.

148 741 299 772 Quinctio

147 785 232 813 Coss.

147 892 272 922 La‘torii

147 936 203 964 Tr.
223 936 267 964 Pl.

148 979 318 1008 certamina

148 1032 219 1052 cum
234 1021 336 1061 Appio

153 1068 222 1098 cos,

364 89 438 123 144
900 81 1043 120 ΤΙΤΙ
1081 81 1261 119 LIVII

361 184 476 225 nime
496 183 630 226 atroci
654 182 893 232 ferebatur3
923 182 993 222 sed
1017 197 1113 237 quae
1138 180 1325 237 patriciis
1347 194 1517 222 omnem
1540 187 1795 236 potestatem

361 256 436 297 per
457 240 678 283 clientium
701 240 906 296 suffragia
926 239 1113 290 creandi,
1131 253 1237 293 quos
1256 237 1426 288 vellent,
1446 237 1640 280 tribunos
1658 237 1796 280 aufer-

359 309 438 339 ret.
499 297 618 339 Huic
649 297 824 347 actioni,
850 296 1104 352 gratissimae
1138 295 1265 352 plebi,
1295 309 1426 350 quum
1460 308 1626 336 summa
1658 296 1698 336 vi
1731 309 1796 336 re*-

361 355 559 396 sisterent
590 355 762 406 Patres;
793 368 887 404 nec,
910 367 1006 408 quae
1036 367 1122 393 una
1144 353 1207 393 vis
1237 353 1287 393 ad
1314 351 1592 392 resistendum
1623 360 1726 401 erat,
1750 362 1798 392 ut

361 412 659 463 intercederet,
687 411 840 465 aliquis
875 425 928 450 ex
964 409 1146 464 collegio
1180 409 1434 450 auctoritate
1467 418 1540 448 aut
1572 408 1796 449 consulum

362 478 436 510 aut
469 469 710 525 principum
741 467 894 508 adduci
920 476 1091 522 posset3
1128 468 1157 488 ¹⁴
1177 480 1238 506 res
1269 475 1426 516 tamen,
1449 480 1525 505 suo
1552 465 1646 519 ipsa
1675 465 1797 505 moli-

362 526 476 567 mine
493 526 649 582 gravis,
666 523 972 565 certaminibus
991 523 1032 563 in
1051 537 1208 563 imnum
1230 525 1259 545 ¹5
1273 523 1525 579 extrahitur.
1570 521 1698 563 Plebs
1713 522 1798 562 Vo-

363 582 548 624 leronem
573 582 792 622 tribunum
815 579 966 621 reficit.
1028 579 1191 630 Patres,
1212 579 1263 620 ad
1290 579 1487 624 ultimum
1510 578 1797 620 dimicationis

362 641 441 680 rati
467 652 553 680 rem
577 649 812 686 venturam,
836 637 919 691 Ap.
947 635 1192 686 Claudium,
1212 636 1345 691 Appii
1368 636 1518 686 filium,
1534 636 1625 690 jam
1656 635 1753 676 inde
1773 649 1799 675 a

365 696 548 752 paternis
572 695 880 737 certaminibus
906 693 1088 733 invisum
1120 693 1406 747 infestumque
1428 693 1558 748 plebi,
1579 692 1799 733 consulem

363 753 542 794 faciunt.
603 751 782 807 Collega
813 751 850 790 ei
876 749 927 790 T.
957 749 1185 795 Quinctius
1213 750 1349 790 datur.
1401 750 1621 804 Principio
1653 750 1798 790 statim

363 810 461 851 anni
494 808 602 850 nihil
630 810 761 864 prius,
785 822 912 862 quam
942 805 994 847 de
1024 806 1132 863 lege,
1156 807 1377 862 agebatur.
1419 807 1490 847 sed
1526 817 1572 847 ut
1601 807 1799 847 inventor

361 867 468 923 legis
510 866 684 917 Volero,
723 865 784 907 sic
825 864 1035 905 Laetorius
1077 863 1244 919 collega
1284 863 1391 918 ejus,
1430 864 1458 886 ¹⁶
1475 873 1625 904 auctor
1665 877 1797 918 quum

362 923 588 974 recentior,
618 932 707 963 tum
742 922 878 963 acrior
909 930 1014 962 erat.
1074 920 1278 962 Ferocem
1313 919 1500 964 faciebat
1533 920 1630 961 belli
1664 921 1801 977 gloria

362 981 539 1038 ingens;
579 980 694 1035 quod
727 982 865 1020 aetatis
897 978 989 1033 ejus
1021 977 1135 1019 haud
1174 976 1399 1032 quisquam
1432 991 1558 1019 manu
1591 977 1801 1031 promtior

361 1047 465 1080 erat.
526 1037 584 1089 Is,
605 1051 739 1092 quum
767 1037 922 1077 Volero
947 1035 1069 1086 nihil,
1089 1045 1373 1091 praeterquam
1396 1033 1449 1074 <le
1477 1033 1585 1089 lege,
1608 1034 1800 1089 loquere.-

363 1105 446 1146 tur,
481 1094 762 1136 insectatione
790 1093 1008 1134 abstinens
1043 1092 1282 1142 consulum,
1314 1092 1449 1147 ¹⁷ipse
1482 1091 1524 1131 in
1560 1091 1799 1133 accusatio-

362 1167 460 1194 nem
496 1152 646 1208 Appii,
681 1150 942 1206 familiaeque
977 1149 1292 1206 superbissimae
1332 1163 1382 1189 ac
1413 1148 1718 1189 crudelissimae
1756 1148 1799 1188 in

362 1210 532 1266 plebem
554 1209 810 1258 Romanam,
832 1221 1024 1257 exorsus,
1039 1221 1170 1262 quum
1191 1221 1215 1247 a
1234 1205 1435 1246 Patribus
1458 1220 1542 1246 non
1565 1205 1800 1256 consulem,

362 1267 435 1307 sed
467 1266 710 1308 carnificem
745 1264 798 1305 ad
827 1264 1068 1305 vexandam
1100 1273 1144 1305 et
1172 1262 1439 1304 lacerandam
1474 1262 1658 1318 plebem,
1683 1277 1799 1303 crea-

364 1335 454 1365 tum
486 1338 577 1364 esse
597 1322 902 1376 contenderet3
932 1321 1046 1362 rudis
1071 1320 1113 1363 in
1142 1320 1314 1361 militari
1340 1319 1514 1360 homine
1534 1319 1682 1375 lingua
1711 1333 1806 1368 non⁴

363 1382 620 1436 subpetebat
640 1378 827 1420 libertati
853 1379 1096 1433 animoque.
1159 1377 1323 1432 ltaque,
1345 1376 1570 1417 deficiente
1591 1376 1798 1427 oratione,

365 1436 700 1493 Quandoquidem
733 1438 882 1476 ’ὃιιοφκι
902 1434 1037 1492 facile
1066 1434 1222 1490 loquor,
1255 1435 1409 1489 inquit,
1443 1432 1635 1483 Quirites,
1665 1447 1800 1488 quam,

362 1495 471 1550 quod
490 1494 643 1535 locutus
661 1508 761 1544 snm,
775 1500 940 1548 prccsto,
964 1492 1135 1533 crastino
1165 1491 1229 1532 die
1251 1491 1396 1532 adeste.
1455 1491 1550 1545 Ego
1580 1490 1642 1531 lzic
1663 1497 1735 1530 aut
1755 1490 1799 1530 in

363 1559 568 1607 conspectu
597 1557 725 1593 vestro
749 1548 915 1600 moriar,
936 1557 1008 1590 auc
1031 1547 1236 1607 perferam
1266 1547 1402 1604 legem.
1463 1547 1692 1603 Occupant
1726 1547 1802 1587 tri-

363 1609 469 1650 buni
499 1612 529 1636 ¹⁹
550 1608 757 1665 ternplum
779 1617 950 1664 postero
974 1606 1055 1647 die.
1087 1605 1282 1646 consules
1303 1604 1588 1659 nobilitasque
1608 1605 1662 1644 ad
1682 1604 1801 1660 inpe-

878 1703 892 1723 «ι
915 1697 983 1726 add.
998 1702 1063 1726 tam
1078 1698 1174 1726 Gron.
1189 1697 1280 1727 Crev.

359 1785 434 1815 quae
451 1773 538 1805 infra
555 1773 593 1805 dc
608 1773 672 1803 hac
687 1772 803 1803 eadem
830 1781 864 1801 re
886 1770 988 1802 babet
1003 1771 1059 1802 Li-

361 1820 432 1849 vius
451 1819 484 1849 in
501 1819 566 1848 fine
584 1828 612 1847 c.
630 1818 682 1847 (ΞΟ.
716 1816 770 1846 ubi
788 1818 866 1857 plus
887 1816 1060 1853 diguitatis

360 1864 496 1893 comitiis
513 1870 571 1901 per
586 1860 671 1890 hanc
688 1860 855 1890 actionem
872 1859 1058 1889 detractum

362 1907 422 1943 uit,
445 1915 545 1946 quam
568 1906 685 1934 virium
711 1907 770 1933 aut
788 1904 873 1943 plebi
895 1903 1058 1939 additum,

361 1955 422 1981 aut
452 1950 640 1988 ademptum
669 1947 837 1977 Patribus.
883 1945 956 1976 Nec
983 1955 1060 1975 vcro

364 1993 575 2024 mediocriter
613 1991 795 2022 imminuta
830 1990 961 2019 videtur
998 1989 1060 2019 hac

363 2037 436 2076 lege
464 2037 600 2066 Pati-nm
625 2034 790 2074 potentia.
836 2033 946 2063 Primo
969 2033 1059 2063 enirn

363 2080 477 2110 Patres
501 2090 540 2109 cx
561 2079 704 2108 comitiis
726 2077 863 2108 tributis
886 2076 1061 2107 submovc-

363 2124 500 2161 bantur‚
524 2122 611 2162 quod
638 2122 735 2151 docet
757 2125 871 2151 noster
893 2121 925 2150 in
951 2119 1007 2150 illo
1030 2130 1059 2150 c.

364 2167 417 2198 CO.
447 2167 518 2197 loco
534 2175 634 2205 quem
654 2165 724 2203 jam
746 2164 930 2194 attulimus.
979 2162 1059 2194 lndc

364 2215 427 2248 est,
459 2209 546 2250 quod
577 2208 713 2239 comitia
745 2208 816 2237 brec
853 2206 1062 2237 habebantur

363 2254 468 2294 piebis
498 2254 643 2293 propria,
671 2256 705 2281 et
734 2251 823 2290 leges
855 2251 888 2280 in
920 2251 958 2280 iis
984 2249 1061 2281 latae

359 2299 525 2339 plebiscita
550 2295 841 2335 nuncupabantur.
886 2293 959 2324 vid.
974 2294 1062 2323 infra

367 2341 428 2372 ill.
454 2344 505 2371 55.
532 2345 566 2370 ct
590 2339 674 2369 Geli.
692 2338 763 2380 ΧΥ.
781 2340 833 2371 ⁶27.
858 2338 902 2367 2⁰.
934 2337 1059 2377 Diony-

363 2386 431 2415 sius
448 2385 508 2415 hac
525 2383 597 2424 ipsa
611 2383 650 2413 de
667 2382 739 2421 lege
758 2390 858 2420 agens
876 2381 896 2410 l.
923 2380 980 2410 lx.
1005 2380 1060 2410 do-

364 2433 418 2458 cet
443 2428 558 2458 iisdem
576 2426 721 2456 comitiis
747 2426 970 2455 necessarium
994 2433 1060 2455 non

364 2472 466 2502 fuisse
484 2477 521 2501 ut
536 2476 672 2501 senatus
690 2467 806 2500 auctor
821 2468 925 2499 tieret.
944 2471 989 2498 3⁰.
1010 2469 1060 2498 ni-

366 2515 413 2545 hil
429 2516 462 2545 in
480 2515 519 2544 iis
536 2524 618 2554 opus
634 2513 735 2544 fuisse
750 2512 850 2542 sacris
875 2518 933 2542 aut
951 2512 1060 2551 auspi-

367 2560 439 2595 ciis,
455 2568 596 2597 quorum
614 2557 728 2587 arbitri
746 2556 859 2586 Patres
877 2563 984 2586 erant.
1016 2556 1059 2585 At

366 2601 532 2641 quomodo
556 2611 614 2641 per
630 2600 802 2630 clientium
819 2599 976 2638 suffragia
999 2600 1060 2630 nii-

367 2655 430 2676 nus
445 2644 593 2674 valerent
618 2644 730 2674 Patres
753 2643 886 2673 tributis
903 2642 1061 2678 comitiis,

366 2699 466 2728 quam
494 2688 641 2724 curiatis,
666 2687 784 2726 quibus
811 2693 911 2717 antea
934 2686 1062 2716 tribuni

367 2733 579 2768 creabantur,
596 2731 684 2760 haud
701 2731 780 2760 satis
798 2730 913 2769 liquet.

414 2778 452 2806 14
460 2775 478 2794 ¹*
488 2774 564 2805 Res.
575 2795 583 2804 .
599 2797 604 2804 .
617 2784 669 2804 ruo
679 2776 749 2813 ipsa
760 2776 923 2804 molimine
931 2773 1058 2814 grai-is]

368 2819 431 2849 Res
449 2829 507 2858 per
520 2828 555 2849 se
580 2819 700 2856 gravis.
716 2824 750 2847 et
774 2827 846 2855 quse
871 2817 910 2848 :nl
935 2817 1061 2848 exitum

1104 1771 1240 1811 perduci
1255 1771 1326 1801 sine
1343 1780 1464 1809 magno
1487 1775 1520 1801 et
1545 1770 1682 1811 proinde
1706 1769 1799 1801 lento

1104 1815 1275 1844 molimine
1290 1824 1356 1844 non
1374 1818 1492 1854 posset.

1152 1862 1188 1889 15
1222 1858 1442 1898 Extrahitur]
1482 1857 1659 1897 Dionysius
1698 1856 1799 1888 aliam

1104 1902 1201 1932 affert
1226 1911 1379 1931 causam:
1410 1901 1636 1942 pestilentiam
1665 1911 1799 1940 nempe,

1105 1956 1178 1984 quae
1205 1945 1424 1984 atrocissima,
1448 1946 1509 1974 etsi
1537 1954 1603 1974 nou
1627 1940 1799 1982 diuturna,

1105 1989 1220 2019 urbem
1238 1989 1369 2018 invasit.

1154 2034 1188 2062 ΜΣ
1199 2031 1360 2072 ³'‘Auctor]
1390 2031 1612 2071 Approbator,
1637 2031 1800 2070 firmator,

1105 2082 1139 2106 et
1156 2077 1210 2114 qui
1227 2077 1461 2106 auctoritatem
1480 2075 1545 2113 legi
1561 2081 1745 2115 praestaret.

1153 2123 1188 2153 ὶῖ
1215 2120 1286 2159 Ipse
1301 2121 1334 2148 in
1351 2120 1596 2149 accusationem.
1608 2140 1616 2147 .
1631 2141 1638 2148 .
1655 2118 1797 2160 exorsus]

1105 2162 1257 2194 Delenda
1301 2162 1433 2192 videtur
1478 2162 1688 2202 praepositio:
1737 2163 1800 2194 nisi
1820 2169 1824 2173 ”

1107 2206 1200 2236 malis
1217 2216 1254 2236 ex
1272 2216 1339 2236 uno
1356 2215 1373 2235 e
1389 2207 1510 2236 nostris
1526 2205 1619 2236 codd.
1631 2207 1694 2246 ipse
1707 2207 1800 2236 incu-

1103 2256 1271 2281 sationem.

1155 2297 1189 2324 1¹6
1214 2294 1289 2324 Non
1311 2292 1505 2334 tamfacile]
1524 2292 1684 2330 Andreas,
1702 2291 1801 2322 Cani-

1104 2346 1224 2378 panus,
1240 2337 1401 2366 omittunt
1416 2341 1499 2375 tam,
1519 2337 1664 2374 itemque
1684 2335 1800 2375 scripti

1106 2391 1124 2410 a
1141 2381 1306 2410 Gronovio
1323 2381 1478 2422 inspecti,
1495 2382 1528 2410 et
1546 2385 1688 2418 quatuor
1704 2379 1801 2418 regii,

1106 2430 1139 2454 et·
1169 2424 1377 2454 Sor-bonicus.
1423 2424 1494 2454 Nec
1524 2432 1597 2453 raro
1623 2423 1803 2462 supprimit

1104 2478 1177 2497 eam
1205 2478 1319 2498 vocem
1347 2467 1473 2502 Livius,
1497 2471 1536 2496 ut
1563 2471 1597 2496 et
1625 2466 1657 2495 ‘rb
1685 2467 1801 2505 :uagi-e.

1104 2511 1178 2541 vid.
1193 2511 1232 2541 V.
1251 2513 1303 2541 31.
1318 2510 1423 2541 XXV.
1441 2512 1493 2544 2⁴9.
1512 2508 1634 2540 XXVI.
1657 2513 1703 2540 18.

1154 2558 1190 2588 19
1216 2554 1400 2595 Templum]
1433 2553 1599 2593 Templum
1625 2558 1673 2582 cst
1692 2552 1800 2584 omnis

1105 2598 1197 2629 locus
1221 2598 1367 2638 auguriis
1391 2602 1614 2627 consecratus.
1660 2597 1725 2626 llic
1750 2596 1801 2626 in-

1107 2642 1325 2681 telligendum
1353 2647 1404 2671 est
1432 2640 1569 2671 fortasse
1597 2639 1800 2679 Capitolium

1107 2696 1145 2716 ex
1169 2686 1270 2716 Dion.
1295 2684 1316 2715 1.
1339 2684 1396 2714 lx.
1445 2685 1599 2715 ceterum
1624 2683 1800 2713 comitium

1107 2738 1236 2768 quoque
1258 2729 1380 2767 ipsum,
1396 2738 1435 2758 eo
1459 2737 1558 2759 sensu
1581 2735 1679 2765 quem
1704 2725 1803 2757 modo

1107 2772 1288 2809 finivimuS,
1318 2773 1475 2811 templum
1503 2770 1604 2801 fuisse
1634 2769 1801 2809 probabile

1109 2820 1170 2847 est.
1209 2815 1378 2854 Siquidem
1395 2815 1565 2855 auspicato
1581 2813 1634 2854 agi
1650 2823 1727 2845 cuin
1744 2822 1802 2854 pu-
