1991 3250
601 88 723 126 ΜΒ.
750 89 801 126 11.
838 88 968 126 CAP.
996 85 1167 124 xxxv.
1224 109 1228 112 -
1536 94 1611 129 121

169 195 445 249 potestatem,
468 196 512 231 et
542 189 689 231 omnia
708 189 855 231 invitis
880 189 981 245 jura
1001 187 1191 246 inposita
1214 188 1362 231 Patres
1394 190 1613 235 demerent
1627 213 1668 243 U.
1687 213 1816 243 0263,

172 248 271 289 sibi.
1628 259 1667 289 A.
1684 257 1720 286 C.
1737 260 1810 286 489.

232 304 437 346 XXXV.
477 303 535 345 Et
572 303 737 344 senatui
777 302 903 344 nimis
935 311 1060 344 atrox
1095 303 1186 344 visa
1219 305 1430 346 sententia
1462 316 1541 358 est,
1574 316 1618 349 et

171 361 343 419 plebem
369 364 429 403 ira
457 375 591 417 prope
617 360 815 402 armavit.
879 359 1005 402 Fame
1033 375 1072 402 se
1088 362 1199 417 jam,
1220 361 1321 402 sicut
1350 361 1486 413 hostes,
1502 366 1618 419 peti,-

173 419 261 460 cibo
282 419 467 475 victuque
480 416 708 475 fraudari.-
737 417 996 473 peregrinum
1012 417 1287 474 jiwnentnnz,
1310 433 1396 474 qnae
1424 420 1507 460 solu
1539 420 1619 462 cxli-

173 483 306 518 menta
326 491 374 517 ex
395 477 594 530 insperato
603 473 784 530 fortuna
806 474 974 526 dederit,
993 475 1042 514 ab
1065 491 1131 515 ore
1151 476 1256 531 rapi,
1280 477 1357 516 nisi
1386 477 1431 517 C.
1455 477 1619 520 illm-cio

175 533 302 574 vincti
321 532 518 574 dedantur
537 532 705 582 tribuni,
730 535 761 558 ⁹⁷
779 532 858 572 nisi
879 531 926 572 de
947 539 1056 588 tergo
1072 532 1200 587 plebis
1222 533 1417 575 Romanoe
1434 535 1620 589 satisfiat.

177 589 289 632 Eum
309 590 388 631 sibi
416 589 642 643 cameg'fi'cem
662 603 810 630 novum
837 597 1031 639 erm-tum,
1054 590 1123 644 qni
1144 598 1216 632 aut
1244 591 1362 641 mori,
1384 599 1457 632 aut
1477 593 1623 633 servire

162 647 324 702 jubeat.
385 645 436 687 In
458 655 689 687 exeuntem
713 662 736 687 e
758 646 876 688 curia
898 648 1067 702 inpetus
1097 647 1235 688 factus
1255 657 1380 698 esset,
1402 650 1445 689 ni
1471 664 1621 705 perop-
1636 665 1670 693 c.
1688 662 1825 692 Marcius

176 713 358 759 portune
389 703 550 744 tribuni
582 703 696 744 diem
727 704 954 744 dixissent.
1017 703 1085 744 Ibi
1118 705 1180 745 ira
1208 717 1272 746 est
1303 707 1543 761 subpressa.
1581 722 1623 748 se
1636 710 1808 736 affimat&-

170 761 362 816 judicem
387 761 583 815 quisque,
606 775 649 801 se
672 761 895 802 dominum
921 762 1022 802 vitae
1050 763 1252 817 necisque
1275 763 1437 804 inimici
1462 763 1625 806 factum

176 818 366 858 videbat.
400 818 668 858 Contemtim
688 819 825 874 primo
851 818 1045 860 Marcius
1068 819 1269 859 audiebat
1286 821 1423 861 minas
1442 822 1627 863 tribuni-

177 875 292 916 cias:
316 875 482 925 auxilii,
503 890 588 915 non
612 890 774 929 poenae,
790 876 864 930 jus
886 877 1033 917 datum
1054 876 1110 916 illi
1137 878 1366 931 potestati3
1391 878 1627 934 plebisque,

177 945 265 973 non
286 931 478 983 Patrum,
495 933 690 973 tribunos
709 947 813 974 esse.
837 933 908 974 sed
925 933 1030 974 adeo
1043 932 1210 975 infensa
1226 943 1313 974 erat
1330 946 1476 976 coorta
1494 937 1627 990 piem,

179 1000 230 1030 ut
263 992 294 1015 ⁹⁸
312 989 434 1030 unius
459 1004 591 1045 poena
613 989 935 1046 defungendum
958 1000 1069 1031 esset
1094 990 1312 1032 Patribus.
1362 991 1631 1035 Restiterunt

180 1057 325 1087 tamen
355 1050 388 1073 ⁹⁹
405 1047 582 1087 adversa
615 1047 793 1099 invidia,
828 1051 838 1070 ¹
859 1048 1009 1103 usique
1045 1059 1158 1099 sunt,
1192 1063 1275 1103 qua
1311 1049 1395 1090 suis
1433 1051 1630 1106 quisque,

179 1118 264 1158 qua
296 1103 430 1144 totius
463 1103 625 1145 ordinis
657 1105 834 1146 viribus.
894 1104 962 1146 Ac
994 1106 1134 1160 primo
1168 1115 1333 1146 tentata
1370 1121 1435 1147 res
1469 1118 1548 1160 est,
1581 1110 1630 1160 si,

181 1161 402 1216 dispositis
424 1161 669 1213 clientibus,
686 1162 964 1203 absterrendo
988 1163 1178 1219 singulos
1198 1178 1223 1203 a
1241 1163 1505 1205 coitionibus
1528 1181 1632 1206 con-

181 1218 392 1274 ciliisque,
409 1218 609 1274 disjicere
630 1233 719 1259 rem
742 1229 931 1275 possent.
974 1220 1174 1261 Universi
1197 1221 1351 1261 deinde
1373 1236 1632 1276 processere,

181 1276 410 1332 (quidquid
447 1286 537 1317 erat
571 1276 762 1328 patrum,
786 1292 879 1318 reos
910 1277 1092 1326 diceres)
1126 1279 1323 1334 precibus
1355 1279 1524 1334 plebem
1557 1295 1633 1321 ex-

181 1342 436 1388 poscentes;
473 1348 597 1374 unum
629 1334 708 1374 sibi
740 1334 879 1386 civem,
908 1349 1033 1375 unwn
1068 1342 1303 1384 senatorem,
1323 1336 1356 1376 si
1386 1336 1633 1378 innocentem

183 1389 387 1431 absolvere
412 1390 579 1442 nollent,
595 1406 671 1446 pro
693 1399 854 1433 nocente
875 1391 1085 1432 donarent.
1147 1391 1245 1447 Ipse
1271 1407 1405 1448 quum
1427 1394 1496 1434 die
1517 1395 1634 1436 dicta

186 1461 272 1487 non
296 1447 475 1498 adesset,
497 1458 814 1502 perseveratum
837 1450 879 1489 in
903 1450 966 1490 ira
993 1459 1071 1490 est.
1114 1452 1130 1472 2
1146 1449 1385 1491 Damnatus
1414 1452 1565 1493 absens
1588 1453 1630 1493 in
1645 1472 1819 1501 Damnatus

184 1503 363 1545 Volscos
393 1505 636 1546 exsulatum
666 1506 789 1558 abiit,
818 1506 1021 1547 minitans
1059 1507 1224 1562 patriae‚
1256 1507 1516 1564 hostilesque
1541 1509 1678 1564 jamin
1693 1516 1817 1545 Volscos

186 1571 279 1601 tum
303 1562 476 1616 spiritus
507 1576 673 1617 gerens.
696 1594 698 1596 ψ
733 1563 988 1605 Venientem
1018 1563 1161 1605 Volsci
1186 1565 1373 1620 benigne
1397 1580 1605 1622 excepere
1621 1559 1822 1631 3esssg1latum

185 1618 497 1674 benigniusque
519 1621 562 1660 in
585 1619 674 1659 dies
695 1620 910 1672 colebant,
932 1635 1017 1677 quo
1039 1621 1178 1676 major
1200 1622 1262 1663 ira
1285 1623 1325 1662 in
1350 1637 1448 1663 suos
1469 1613 1663 1665 emine-³
1687 1613 1694 1630 ¹
1715 1625 1722 1631 '

187 1675 276 1726 bat,
308 1676 552 1732 crebraeque
583 1691 696 1718 nunc
729 1679 929 1733 querelae,
962 1693 1075 1719 nunc
1107 1679 1236 1719 minae
1271 1681 1631 1735 percipiebantur.

189 1731 399 1788 Hospitio
423 1735 619 1774 utebatur
641 1735 750 1775 Attii
781 1735 906 1777 Tulli.
969 1736 1119 1792 Longe
1141 1737 1176 1777 is
1199 1746 1289 1778 tun]
1314 1738 1513 1794 princeps
1536 1740 1634 1780 Vol-

188 1791 249 1835 sci
286 1790 472 1831 nominis
507 1800 612 1841 erat,
648 1791 942 1849 Romanisque
978 1808 1144 1848 semper
1176 1793 1372 1836 infestus.
1408 1796 1469 1837 ita
1501 1812 1634 1851 quum

187 1847 367 1887 alterum
403 1858 522 1888 vetus
545 1848 705 1900 odium,
727 1850 903 1892 alterum
929 1851 991 1891 ira
1012 1865 1159 1891 recens
1183 1851 1433 1903 stimularet,
1456 1855 1636 1895 consilia

189 1903 418 1946 conferunt
447 1905 500 1947 de
533 1904 893 1952 Romano'bello.
955 1908 1082 1949 Haud
1114 1907 1238 1949 facile
1269 1909 1515 1962 credebant,
1545 1911 1635 1966 ple·

232 2015 272 2045 ΩΤ
281 2011 380 2042 *Nisi
393 2013 432 2042 de
447 2017 537 2051 tergo
546 2014 649 2053 plebis
664 2013 823 2044 Romcmoe
836 2024 889 2044 sa·
933 2014 1114 2055 corporibus
1129 2015 1304 2055 armisque.

191 2055 305 2094 iisfiat]
331 2056 404 2086 Nisi
421 2057 564 2087 satisfiat
579 2056 655 2087 odio
672 2059 742 2097 ejus
760 2058 793 2087 in
819 2058 889 2097 ple·
978 2059 997 2087 ⁶2
1034 2057 1228 2088 Damnatus
1256 2059 1379 2100 absens]
1430 2060 1633 2091 Praesentem

190 2099 279 2136 bem,
309 2100 474 2130 saeviendo
506 2100 695 2131 verberibus
728 2102 762 2131 in
794 2107 890 2140 terga
933 2101 1035 2131 fuisse
1058 2102 1198 2132 tradunt
1219 2103 1321 2133 Dion.
1338 2103 1361 2133 l.
1386 2102 1459 2134 Vll.
1486 2110 1521 2133 et
1545 2104 1634 2135 Plut.

191 2143 327 2172 civium.
381 2143 454 2173 Hoc
490 2143 564 2173 ideo
601 2144 718 2174 dicunt
755 2144 888 2184 plebeii,
934 2144 968 2174 in
987 2145 1109 2175 Coriol.
1155 2145 1314 2176 Ceterum
1331 2146 1439 2177 multa
1454 2147 1543 2187 apud
1563 2158 1633 2177 eos-

192 2187 269 2224 quia
298 2186 509 2216 tribunorum
537 2193 609 2218 erat
638 2188 815 2227 prohibere
848 2198 889 2218 ne

192 2228 345 2259 consules
362 2229 484 2268 injuria
507 2235 542 2260 et
557 2240 616 2271 pro
636 2231 772 2261 libidine
789 2232 889 2271 virgis

191 2272 501 2303 animadverterent
515 2274 550 2303 in
575 2275 683 2313 cives3
710 2280 744 2305 et
761 2275 890 2306 mulcta

193 2326 323 2355 quoque
340 2326 504 2354 coercere,
522 2322 581 2347 ant
604 2318 645 2348 ad
668 2319 780 2358 populi
797 2318 890 2358 judi-

192 2361 281 2390 vium
299 2360 463 2390 adducere
479 2360 659 2392 creditores
671 2364 727 2400 qui
741 2363 775 2392 in
789 2372 890 2392 nexos

193 2405 352 2434 atrociter
368 2404 543 2436 saevirent..

235 2451 274 2482 98
305 2444 518 2487 Πηὶηέρωηα
530 2446 790 2489 defungendum]
815 2449 890 2480 Uno

194 2490 234 2520 ad
261 2500 394 2531 poenam
419 2491 555 2528 tradito,
583 2495 674 2522 totus
701 2491 781 2522 ordo
805 2493 891 2533 peri-

194 2534 269 2563 culo
285 2535 475 2565 imminenti
492 2535 699 2565 eximendus.

237 2582 278 2612 99
305 2579 449 2608 Adversa
472 2577 610 2617 invidia]
643 2578 802 2619 Quamvis
826 2578 890 2608 illis

194 2620 436 2659 adversaretur,
489 2622 638 2661 quamvis
692 2621 891 2652 luctandum

194 2664 259 2694 illis
281 2670 367 2695 esset
391 2665 545 2696 adversus
568 2665 681 2695 odium
706 2665 892 2705 publicum,

195 2717 261 2746 quo
292 2708 452 2748 flagrabat
488 2709 636 2749 quisquis
675 2708 891 2739 Coriolanum

196 2751 398 2782 defenderet.

244 2792 414 2835 1²*Usz'que
435 2795 525 2836 sunt]
553 2795 747 2835 Elegantius
766 2795 892 2826 videre-

196 2841 270 2868 tur:
295 2840 417 2879 nisique
430 2845 526 2871 sunt:
550 2843 588 2871 ut
603 2839 691 2872 infra
706 2850 735 2872 c.
754 2842 806 2872 50.
828 2840 892 2871 nisi

934 2188 1011 2218 dem
1048 2189 1227 2230 scriptores
1258 2190 1347 2220 circa
1381 2191 1633 2222 damnationem

936 2231 1102 2262 Coriolani
1141 2238 1237 2272 gesta
1274 2234 1431 2274 reperies,
1462 2244 1535 2273 qnae
1573 2245 1633 2265 sno

935 2285 1026 2306 more
1053 2277 1167 2306 omisit
1194 2277 1318 2308 Livius.
1364 2278 1428 2308 Eos
1454 2278 1527 2307 vide
1554 2278 1633 2309 locis

935 2320 1057 2350 citatis.
1123 2320 1197 2350 Hoc
1238 2330 1343 2351 unum
1382 2321 1630 2360 annotabimus,

933 2366 1006 2392 tum
1040 2363 1187 2403 primum
1219 2363 1336 2394 habita
1363 2364 1466 2395 fuisse
1496 2366 1634 2396 comitia

933 2407 1076 2444 tributa,
1093 2407 1126 2437 in
1144 2407 1263 2446 quibus
1280 2408 1421 2447 populus
1445 2419 1505 2448 per
1526 2409 1632 2439 tribus

935 2460 1010 2480 snas
1055 2450 1240 2491 descriptus
1285 2452 1480 2491 suffragium
1517 2453 1631 2490 ferret.

934 2492 1033 2535 Quod
1063 2494 1197 2533 quidem
1228 2499 1268 2525 ut
1296 2496 1392 2525 fieret
1423 2496 1497 2526 ideo
1523 2497 1632 2527 annisi

935 2539 1015 2567 sunt
1039 2537 1179 2575 tribuni,
1204 2538 1282 2576 quia
1307 2540 1502 2570 centuriatis
1529 2543 1633 2569 comi·

935 2579 1004 2618 tiis,
1021 2590 1095 2620 quae
1111 2581 1224 2611 Patres
1249 2582 1476 2621 postulabant,
1494 2584 1541 2613 vis
1561 2593 1634 2613 om-

936 2623 987 2653 nis
1014 2634 1115 2664 penes
1140 2625 1302 2664 primores
1328 2631 1421 2665 erat3
1456 2636 1522 2656 non
1549 2628 1632 2657 item

935 2666 1085 2704 tributis,
1108 2668 1165 2698 ubi
1193 2667 1286 2698 nulla
1307 2679 1438 2708 census,
1463 2670 1520 2700 sed
1543 2670 1632 2700 loco-

936 2707 1012 2740 'rum
1029 2711 1270 2750 regionumque
1288 2713 1406 2751 quibus
1421 2715 1559 2753 quisque
1575 2713 1633 2743 ha-

936 2753 1072 2791 bitaret,
1099 2755 1184 2785 ratio
1211 2755 1405 2787 habebatur.
1452 2757 1503 2787 De
1531 2757 1633 2786 comi-

936 2797 992 2829 tiis
1004 2798 1139 2831 tributis
1152 2798 1217 2831 vid.
1231 2805 1301 2831 not.
1315 2803 1363 2833 13.
1377 2800 1418 2832 ad
1430 2810 1458 2832 c.
1472 2801 1523 2832 56.
1537 2800 1633 2831 infra„
