1991 3250
363 99 417 137 ‘76
903 92 1047 132 ΤΙΤῙ
1084 92 1263 132 LIVII

295 219 302 224 -
358 192 580 248 Imperium
599 207 794 235 summum
818 192 958 236 Romae
988 193 1166 245 habebit,
1187 193 1258 250 qni
1282 190 1456 234 vestram
1479 194 1653 249 primus,
1673 211 1696 238 ο
1713 197 1794 254 ju·

355 264 481 301 venes,
502 250 679 292 osculum
706 250 830 291 matri
859 250 1014 292 tulerit.
1059 249 1305 306 Tarquinii,
1327 259 1374 292 ut
1405 250 1576 303 Sextus,
1596 254 1667 308 qui
1701 254 1792 296 Ro-

353 321 439 348 mae
462 307 631 348 relictus
655 308 805 357 fuerat,
826 307 996 363 ignarus
1028 308 1218 363 responsi
1253 321 1491 363 expersque
1524 309 1691 366 imperii
1726 326 1794 353 es-

356 375 434 414 set,
459 378 545 404 rem
568 378 737 404 summa
754 377 838 418 ope
860 365 987 406 taceri
1003 363 1192 419 jubent3
1223 365 1305 420 ipsi
1334 365 1445 405 inter
1466 379 1524 416 se,
1546 375 1640 408 uter
1662 369 1794 423 prior,

355 435 487 475 quum
509 420 693 461 Romam
717 421 938 472 redissent,
958 422 1085 462 matri
1109 421 1301 462 osculum
1330 421 1463 472 daret,
1482 422 1585 463 sorti
1617 425 1793 478 permit-

357 487 470 518 tunt.
532 477 707 529 Brutus,
728 477 812 518 alio
835 487 948 519 ratus
971 486 1163 533 spectare
1183 480 1216 505 2⁹
1232 477 1462 533 Pythicam
1488 493 1656 531 vocem,
1678 481 1796 523 velut

356 535 391 574 si
434 533 654 589 prolapsus
695 534 934 585 cecidisset,
973 544 1127 581 terram
1170 535 1316 576 osculo
1353 536 1566 592 contigit:
1616 536 1796 590 scilicet,

355 591 472 645 quod
493 605 540 631 ea
562 592 800 632 communis
824 601 958 632 mater
979 591 1173 632 omnium
1202 593 1446 634 mortalium
1475 601 1602 637 esset.
1663 593 1798 636 Redi-

355 657 447 688 tum
474 647 571 688 inde
597 647 796 699 Romam,
818 648 893 688 ubi
925 648 1125 690 adversus
1160 647 1345 690 Rutulos
1368 649 1525 691 bellum
1558 664 1724 692 summa
1754 652 1796 694 vi

356 705 595 760 parabatur.

141 769 267 810 Beuum
416 760 557 802 LVII.
589 760 775 801 Ardeam
809 759 960 801 Rutuli
993 759 1227 811 habebant,
1249 776 1369 818 gens,
1391 763 1506 804 utin
1539 778 1590 804 ea
1620 765 1798 822 regione

143 832 213 871 cuum
227 823 329 853 Rutu·
356 828 482 873 atquc
504 818 547 858 in
569 831 620 857 ea
642 826 784 867 aetate,
803 817 966 858 divitiis
984 817 1255 874 praepollens.
1277 833 1408 874 eaque
1427 821 1520 876 ipsa
1539 836 1686 864 caussa
1707 823 1797 864 bel-

142 867 192 897 ¹¹⁸·
355 876 384 916 li
404 875 500 926 fuit,
520 874 636 929 quod
659 888 734 915 rex
759 873 979 916 Romanus
1009 885 1099 916 tum
1131 875 1223 930 ipse
1253 875 1393 927 ditari,
1414 877 1647 919 exhaustus
1677 893 1797 935 mag-

356 932 576 973 nificentia
599 931 870 987 publicorum
895 946 1087 988 operum,
1113 942 1200 973 tum
1234 933 1381 988 praeda
1409 934 1587 975 delinire
1618 937 1797 992 popula-

355 989 466 1030 rium
488 989 654 1029 animos
685 989 911 1039 studebat;
946 999 1099 1044 praeter
1131 989 1256 1030 aliam
1290 991 1532 1045 superbiam
1565 1006 1698 1048 regno
1732 995 1798 1034 in-

357 1046 490 1087 festos
512 1046 658 1096 etiam,
680 1046 796 1100 quod
818 1060 862 1087 se
883 1046 926 1087 in
950 1046 1168 1087 fabrorum
1191 1047 1437 1089 ministeriis
1459 1063 1508 1089 ac
1531 1049 1670 1089 servili
1693 1060 1799 1091 tam-

357 1103 432 1145 diu
455 1103 623 1144 habitos
647 1117 775 1157 opere
796 1103 849 1143 ab
871 1117 971 1158 rege
994 1104 1345 1159 indignabantur.
1404 1103 1589 1146 Tentata
1619 1120 1684 1147 res
1718 1118 1798 1159 est,

359 1160 393 1201 si
417 1160 555 1216 primo
577 1161 726 1215 inpetu
747 1161 844 1215 capi
867 1159 1011 1201 Ardea
1031 1170 1188 1216 posset.
1223 1162 1295 1202 ubi
1320 1162 1362 1203 id
1397 1177 1544 1217 parum
1578 1165 1799 1218 processit,

359 1218 584 1259 obsidione
624 1216 1024 1272 munitionibusque
1061 1218 1198 1273 coepti
1240 1220 1373 1274 premi
1416 1219 1575 1260 hostes.
1655 1221 1705 1262 In
1748 1221 1800 1263 iis

359 1275 542 1325 stativis,
573 1283 622 1315 ut
656 1274 706 1314 fit
738 1274 870 1330 longo
911 1275 1065 1330 magis,
1097 1290 1224 1330 quam
1256 1276 1342 1316 acri
1377 1276 1503 1326 bello,
1537 1277 1639 1318 satis
1674 1278 1801 1320 liberi

358 1340 624 1373 commeatus
657 1340 802 1372 erant:
836 1331 1096 1386 primoribus
1127 1341 1270 1373 tamen
1301 1333 1455 1388 magis,
1485 1348 1617 1388 quam
1649 1335 1803 1376 militi-

147 1411 313 1441 contentio
360 1390 457 1430 bus.
516 1388 644 1444 Regii
668 1388 1040 1443 quidemjuvcnes
1067 1389 1282 1430 interdum
1315 1391 1452 1430 otium
1483 1391 1694 1434 conviviis
1726 1407 1800 1434 co-

145 1457 303 1494 regiorum
358 1442 774 1500 messationibusque
806 1445 914 1486 inter
947 1460 991 1486 se
1011 1447 1220 1486 terebant.
1242 1445 1353 1487 forte
1377 1447 1627 1502 potantibus
1655 1448 1723 1490 his
1753 1464 1799 1490 a·

143 1499 295 1547 juvenum
309 1498 346 1527 “¹⁰
361 1505 448 1560 pud
483 1504 584 1545 Sex.
607 1501 908 1558 Tarquinium,
933 1503 1003 1544 ubi
1037 1513 1080 1544 et
1114 1502 1352 1544 Collatinus
1386 1505 1590 1545 coenabat
1619 1504 1802 1561 Tarqui-

146 1541 306 1572 ¹¹x⁰¹¹bu⁵'
358 1561 472 1612 nius,
493 1564 526 1584 so
542 1560 688 1617 Egerii
708 1559 834 1611 filius,
849 1560 1002 1601 incidit
1023 1561 1076 1601 de
1100 1560 1306 1601 uxoribus
1329 1562 1518 1603 mentio:
1542 1577 1659 1603 suam
1684 1564 1802 1617 quis-

358 1633 443 1674 que
463 1619 636 1659 laudare
669 1617 789 1658 miris
823 1617 978 1658 modis.
1001 1617 1100 1658 inde
1134 1617 1368 1658 certamine
1402 1633 1599 1669 accenso,
1623 1619 1805 1661 Collati-

357 1690 439 1717 nus
469 1687 600 1731 negat
621 1674 753 1716 verbis
783 1689 878 1731 opus
898 1689 986 1725 esse,
1002 1675 1146 1729 paucis
1167 1673 1213 1714 id
1244 1674 1403 1730 quidem
1420 1675 1528 1715 horis
1557 1691 1665 1730 posse
1692 1677 1803 1728 sciri,

359 1741 557 1789 quantum
588 1731 722 1773 celeris
745 1739 905 1788 preesset
930 1731 1123 1773 Lucretia
1153 1745 1239 1772 sua.
1303 1729 1431 1783 Quin,
1451 1732 1486 1773 si
1516 1734 1634 1788 vigor
1649 1734 1802 1788 juven-

360 1797 410 1831 τω
430 1791 543 1840 inest,
566 1791 860 1831 conscendimus
882 1803 1012 1845 equOS,
1032 1789 1317 1844 invisimusque
1338 1796 1549 1844 proeserztes
1569 1797 1805 1832 nostrarum

359 1845 556 1901 ingenia?
587 1846 644 1889 Id
673 1849 702 1870 ³¹
720 1848 861 1903 cuique
880 1846 1206 1901 spectatissimum
1227 1847 1295 1898 sit,
1318 1845 1425 1902 qnod
1444 1861 1513 1888 nec
1535 1847 1699 1902 opinato
1718 1848 1801 1889 viri

360 1903 538 1946 adventu
558 1904 783 1947 obem-reric
807 1904 943 1945 oculis.
1007 1903 1278 1945 Incaluerant
1304 1904 1421 1946 vino.
1442 1908 1474 1929 ³2
1486 1918 1561 1960 age
1579 1918 1686 1956 sane,
1709 1919 1803 1946 om-

360 1975 450 2002 neS.
474 1962 617 2003 citatis
648 1962 769 2018 equis
792 1961 990 2004 avolantq
1014 1961 1216 2002 Romam.
1277 1961 1378 2007 Quo
1407 1974 1555 2016 quum,
1578 1961 1728 2017 primis
1759 1976 1805 2004 se

361 2019 686 2061 intendentibus
726 2019 930 2070 tenebris,
962 2019 1271 2075 pervenissent,
1300 2027 1488 2075 pergunt
1523 2019 1624 2060 inde
1658 2018 1803 2061 Colla-

360 2075 492 2118 tiam:
524 2076 599 2117 ubi
632 2076 893 2127 Lucretiam,
914 2076 1244 2131 haudquaquam
1277 2085 1325 2116 ut
1354 2075 1492 2131 regias
1529 2089 1675 2127 nurus,
1697 2091 1804 2131 quas

359 2133 392 2155 ³³
407 2132 451 2173 in
473 2133 675 2174 convivio
698 2133 889 2189 luxuque
920 2147 1019 2175 cum
1043 2133 1280 2188 aequalibus
1311 2132 1504 2173 viderant
1535 2142 1708 2189 tempus
1741 2144 1821 2175 te-.

359 2199 515 2244 rentes,
538 2190 611 2232 sed
634 2199 762 2234 nocte
785 2205 875 2232 sera
899 2189 1088 2232 deditam
1110 2190 1215 2232 lanae
1245 2190 1355 2232 inter
1375 2189 1650 2232 lucubrantes
1671 2191 1803 2232 ancil·

874 2303 891 2324 ‘²
912 2297 1058 2328 advolant
1080 2299 1174 2328 Gron.
1198 2298 1286 2328 Crev.

403 2394 445 2426 99
470 2392 647 2433 Pythicam
670 2393 790 2434 vocem]
817 2394 1001 2426 Graculum
1017 2395 1061 2426 A·
1104 2400 1174 2433 tur,
1189 2395 1275 2435 quod
1293 2394 1551 2437 deprehenderit
1566 2396 1614 2428 vir
1630 2397 1804 2439 inopinato

360 2436 506 2476 pollinis.
550 2437 708 2477 Pythicas
724 2438 814 2469 enim
831 2448 937 2469 unum
954 2447 1005 2469 est
1021 2449 1060 2469 ex
1105 2439 1352 2480 superveniens.

361 2480 523 2519 Apollinis
556 2481 823 2520 cognominibus,
854 2483 884 2511 ei
916 2483 1059 2513 inditum
1150 2485 1191 2514 32
1213 2483 1286 2523 Age
1314 2483 1404 2524 sane]
1430 2483 1539 2514 verba
1561 2488 1641 2515 sunt
1663 2484 1804 2524 Tarqui-

361 2523 413 2552 vel
442 2533 461 2553 a
484 2530 639 2564 serpente
665 2524 814 2565 Pythone
844 2527 1061 2567 interempto,
1108 2527 1241 2557 nicrum
1253 2527 1510 2558 assentientium
1525 2527 1618 2558 dictis
1633 2528 1802 2559 Collatini.

362 2565 414 2595 vel
438 2576 456 2596 a
471 2567 586 2597 Graeco
610 2568 711 2599 verbo
741 2568 956 2607 πυνθάνεσθαι,
974 2571 1063 2610 quod
1148 2573 1190 2602 33
1215 2571 1257 2601 In
1273 2572 1410 2601 com-irio
1427 2571 1582 2612 luxuque]
1603 2570 1666 2602 Hic
1684 2581 1805 2612 agnos-

363 2614 413 2639 est
426 2610 597 2641 sciscitari.
613 2611 694 2650 Ejus
704 2613 909 2645 sacerdotem
920 2613 1063 2654 Delphis
1108 2614 1213 2645 cimus
1238 2615 1380 2654 figuram
1404 2614 1495 2645 illam
1512 2625 1611 2654 quam
1637 2625 1803 2655 gramma-

363 2653 517 2692 Pythiam
555 2661 707 2686 vocatam
738 2656 852 2695 fuisse,
884 2667 983 2688 nemo
1013 2662 1065 2688 est
1107 2658 1166 2688 tici
1183 2662 1302 2688 vocant
1318 2658 1343 2687 'iv
1357 2655 1402 2688 διὰ
1416 2655 1497 2689 δυοῖν.
1542 2659 1581 2689 Iit
1598 2661 1736 2690 convivio
1752 2662 1802 2689 lu-

363 2697 418 2735 qui
436 2697 576 2736 ignoret.
1105 2711 1215 2742 suque
1230 2701 1317 2731 idem
1334 2706 1385 2732 est
1400 2708 1515 2741 atque,
1533 2703 1566 2733 in
1582 2703 1729 2733 convivio
1753 2703 1803 2732 lu-

405 2744 448 2771 :30
471 2740 705 2783 Eget-iifilius]
732 2743 858 2783 Nepos,
875 2753 914 2775 ex
931 2743 1031 2776 Dion.
1108 2745 1251 2783 xurioso,
1268 2744 1301 2774 id
1320 2750 1384 2781 est,
1399 2745 1552 2785 delicato,
1569 2746 1709 2778 lautitiis
1732 2755 1803 2776 om·

406 2786 445 2815 31
473 2785 515 2815 Id
539 2787 650 2824 cuique
675 2788 958 2828 spectatissimum]
986 2789 1063 2818 Cer·
1107 2789 1204 2823 nibus
1220 2789 1396 2823 instructo.

365 2828 532 2861 tissimum
559 2831 798 2865 documentum
829 2841 868 2865 cx
891 2842 930 2866 eo
955 2833 1064 2873 capic-
