1925 3239
108 218 150 250 U.
169 219 205 250 C.
223 221 297 252 405.

107 262 148 292 A.
167 262 203 292 C.
220 266 294 297 347.

107 329 286 360 Vincuntur

109 372 204 409 Galli,
221 373 273 402 sed

108 413 284 446 difficulter.

322 124 399 159 424
486 152 490 153 γ
864 118 1002 158 ΤΙΤΙ
1043 118 1212 157 L1V11

324 204 366 245 lo
406 203 535 244 etiam
577 203 736 266 integi²
779 202 1015 267 Romanos,
1053 203 1267 258 peiculsos
1307 216 1464 257 pavore
1496 212 1599 254 rata,
1631 204 1758 246 simul

325 262 357 284 22
355 259 710 322 opportunioreS,
727 260 843 314 quod
866 260 1017 300 intenti
1041 268 1129 299 tum
1153 260 1341 299 maxime
1361 260 1478 314 operi
1500 269 1654 310 essent,
1670 270 1759 301 tru-

325 315 364 355 ci
383 315 568 356 clamore
588 316 853 370 adgreditur.
903 316 974 355 Ab
1000 315 1204 355 Romanis
1229 328 1306 355 nec
1329 329 1436 369 opus
1458 316 1759 365 intermissum,

324 371 477 422 (triarii
502 380 636 421 erant,
657 371 728 425 qui
753 371 1022 433 muniebant)
1043 380 1086 410 et
1107 372 1162 411 ab
1185 371 1360 411 hastatis
1394 371 1759 426 principibusque,

322 428 396 493 qui
430 441 508 481 pro
541 427 826 467 munitoribus
856 426 1009 467 intenti
1042 427 1278 481 armatique
1310 435 1527 476 steterant,
1561 427 1760 481 proelium

322 483 492 523 initum.
554 482 717 522 Praeter
741 483 942 522 virtutem
965 482 1082 521 locus
1100 496 1270 535 quoque
1292 483 1482 535 superior
1511 483 1692 536 adjuvit,
1714 491 1762 522 ut

322 538 410 593 pila
439 538 584 578 omnia
617 538 834 591 hastaeque
865 551 965 586 non,
999 547 1214 591 tamquam
1245 552 1299 577 ex
1333 552 1457 591 aequo
1490 552 1632 586 missa,
1654 551 1764 577 vana

323 594 454 647 (quod
481 592 728 647 plerumque
760 593 826 642 fit)
847 594 1061 642 caderent,
1083 593 1154 633 sed
1176 593 1321 633 omnia
1345 595 1375 615 ‘²
1369 593 1545 633 librata
1567 592 1764 648 ponderi-

323 650 403 689 bus
438 648 696 703 figerentur3
738 649 986 701 oneratique
1016 649 1108 688 telis
1143 648 1272 698 Galli,
1291 649 1445 702 quibus
1478 658 1552 689 aut
1583 662 1765 702 corpora

323 704 545 752 transfixa,
585 712 660 744 aut
700 713 967 758 praegravata
1015 703 1323 744 inhaerentibus
1375 705 1581 759 gerebant
1627 713 1762 754 scuta,

323 774 454 813 quum
477 773 601 800 cursu
624 773 732 813 pene
754 774 796 799 in
819 759 1042 799 adversum
1063 760 1290 809 subissent,
1313 761 1450 821 piimo
1475 760 1622 800 incerti
1645 759 1765 799 resti-

323 823 437 856 tene:
470 815 584 863 dein,
604 829 736 868 quum
761 816 852 869 ipsa
873 814 1093 855 cunctatio
1115 823 1157 854 et
1178 814 1244 855 his
1264 829 1427 855 animos
1461 816 1698 864 minuisset,
1721 822 1764 854 et

323 870 511 911 auxisset
532 870 663 921 hosti,
686 870 841 924 inpulsi
866 880 976 910 retro
999 883 1118 910 ruere
1139 869 1208 910 alii
1232 885 1357 925 super
1374 871 1493 921 alios,
1513 876 1545 899 2⁴
1557 880 1767 925 stragem-'1

323 940 408 981 que
430 927 540 967 inter
562 940 605 966 se
627 927 745 967 caede
767 927 859 980 ipsa
882 926 1109 966 foediorem
1130 925 1245 966 dare.
1267 926 1372 967 adeo
1395 926 1606 981 praecipiti
1639 926 1766 967 turba

327 982 475 1022 obtriti
499 981 652 1036 plures,
675 996 803 1036 quam
827 981 936 1021 ferro
958 981 1112 1021 necati.

383 1037 564 1079 XXIV.
599 1037 796 1077 Necdum
837 1046 955 1077 certa
995 1037 1202 1078 Romanis
1242 1037 1422 1078 victoria
1459 1045 1561 1077 erat.
1600 1036 1683 1077 alia
1720 1036 1764 1076 in

324 1107 528 1148 campum
571 1093 780 1146 degressis
822 1100 1038 1147 supererat
1077 1092 1224 1133 moles.
1286 1093 1484 1147 Namque
1533 1093 1766 1133 multitudo

326 1148 566 1199 Gallorum,
589 1162 757 1188 sensum
781 1162 951 1188 omnem
976 1149 1069 1189 talis
1092 1148 1235 1189 damni
1258 1162 1532 1204 exsuperans,
1555 1148 1670 1188 velut
1689 1162 1767 1188 no-

324 1219 378 1245 va
400 1218 540 1245 rursus
563 1205 784 1245 exoriente
807 1204 913 1253 acie,
938 1206 1151 1259 integrum
1187 1204 1365 1245 militem
1399 1205 1597 1244 adversus
1631 1205 1768 1244 victo-

324 1274 413 1301 rem
438 1259 600 1301 hostem
623 1261 778 1300 ciebat.
800 1261 1003 1314 stetitque
1027 1261 1251 1314 subpiesso
1274 1261 1421 1314 inpetu
1448 1259 1694 1310 Romanus;
1723 1268 1768 1300 et

324 1317 427 1370 quia
448 1316 601 1358 iterum
625 1316 744 1356 fessis
766 1316 987 1356 subeunda
1005 1316 1225 1356 dimicatio
1257 1326 1360 1366 erat,
1381 1324 1424 1355 et
1453 1315 1568 1369 quod
1603 1315 1768 1365 consul,

326 1373 430 1412 dum
461 1372 571 1412 inter
604 1372 809 1426 primores
842 1372 1038 1412 incautus
1070 1371 1220 1426 agitat,
1242 1371 1351 1411 laevo
1374 1371 1551 1411 humero
1572 1373 1604 1397 2⁵
1619 1373 1768 1411 matari

326 1440 461 1482 prope
483 1427 681 1481 trajecto,
703 1438 885 1467 cesserat
907 1441 1134 1482 parumper
1154 1442 1206 1467 ex
1234 1427 1341 1468 acie.
1398 1427 1584 1480 Jamque
1614 1426 1770 1467 omissa

328 1484 574 1524 cunctando
606 1484 786 1524 victoria
815 1493 920 1532 erat,
942 1497 1073 1536 quum
1097 1483 1260 1532 consul,
1284 1482 1455 1522 vulnere
1468 1482 1681 1536 adligato,
1704 1496 1770 1522 re-

324 1545 475 1579 vectus
506 1539 559 1579 ad
591 1539 728 1593 prima
759 1539 895 1593 signa,
920 1536 1035 1581 Quid
1061 1545 1156 1589 stas,
1178 1537 1322 1579 miles?
1351 1538 1506 1593 inquit.
1565 1536 1659 1578 Non
1680 1551 1770 1578 cum

329 1593 486 1635 Latino
509 1593 740 1649 Sabinoque
762 1570 872 1634 hoste
892 1608 952 1634 res
972 1601 1040 1643 est,
1062 1607 1179 1648 quem
1208 1594 1358 1634 victum
1389 1608 1516 1633 armis
1544 1594 1693 1634 socium
1722 1607 1770 1634 et·

327 1649 437 1689 hoste
454 1648 615 1704 facias.
675 1649 730 1690 In
762 1649 912 1690 belluas
942 1649 1174 1690 strinximus
1190 1648 1374 1712 fet-*rum
1407 1648 1669 1699 hauriendus,
1696 1656 1768 1689 auc

326 1704 485 1745 dandas
504 1712 559 1746 est
588 1706 766 1760 sanguis.
827 1704 1076 1758 Propulistis
1094 1720 1121 1745 a
1139 1712 1292 1755 castris,
1312 1706 1344 1728 ⁹⁵
1357 1705 1505 1759 supina
1534 1704 1639 1745 valle
1661 1719 1770 1758 prae-

326 1761 466 1814 cipites
485 1761 636 1816 egistis,
658 1761 794 1801 stratis
817 1761 1050 1815 corporibus
1069 1760 1238 1801 hostiam
1270 1760 1522 1810 supet-statis.
1589 1760 1770 1814 Comple-

324 1822 363 1856 te
382 1816 517 1857 eadem
537 1823 670 1871 strage
689 1831 873 1871 campos.-
906 1830 988 1870 qua
1009 1823 1157 1857 montes
1187 1815 1382 1869 replestis.
1446 1814 1583 1855 Nolite
1608 1827 1767 1869 ‘exspec-

327 1877 429 1922 tme,
450 1871 545 1912 dum
564 1879 713 1912 stantes
734 1886 803 1913 vos
821 1871 1254 1927 fi7g7a71t.7nfeteuda
1276 1878 1366 1911 sunt
1397 1871 1530 1926 signa,
1551 1877 1587 1910 et
1619 1871 1770 1912 vaden-

326 1926 486 1967 durnin
507 1927 668 1968 hostem.
731 1927 814 1968 His
845 1928 1218 1968 adhortationibus
1252 1927 1402 1967 iterum
1437 1927 1574 1967 cooiti
1608 1926 1771 1981 pellunt

329 1982 426 2023 loco
461 1984 620 2038 primos
653 1983 894 2038 manipulos
936 1982 1186 2034 Galloru1n;
1227 1983 1372 2023 cuneis
1407 1982 1560 2022 deinde
1601 1997 1643 2022 in
1682 1996 1771 2022 me-

328 2038 450 2079 dium
482 2053 638 2102 agmen
670 2049 965 2094 perrumpunt.
1025 2038 1132 2079 Inde
1166 2038 1332 2079 barbari
1373 2038 1581 2100 dissipati,
1613 2038 1770 2092 quibus

326 2107 408 2134 nec
443 2103 558 2134 certa
591 2096 780 2149 imperia,
818 2108 896 2135 nec
928 2094 1056 2134 duces
1090 2103 1244 2143 essent,
1278 2102 1449 2133 vertunt
1490 2094 1680 2148 inpetum
1726 2093 1769 2134 in

326 2163 452 2199 su0s;
484 2149 652 2203 fusique
675 2164 748 2203 per
770 2164 959 2204 campos,
981 2159 1023 2190 et
1046 2159 1201 2204 praeter
1229 2158 1366 2189 castr-1
1395 2150 1523 2189 etiam
1559 2163 1634 2189 sua
1667 2148 1771 2204 fuga

325 2205 508 2257 piaelati,
532 2206 645 2259 quod
669 2206 951 2247 editissimum
985 2206 1096 2246 inter
1128 2205 1311 2259 aequales
1345 2204 1533 2245 tumulos
1567 2205 1769 2245 obcurre-

330 2262 402 2300 bat
423 2261 571 2312 oculis,
593 2275 732 2302 arcem
755 2261 968 2302 Albanam
992 2270 1160 2315 petunt.
1190 2264 1220 2290 ²⁷
1241 2260 1418 2312 Consul,
1441 2274 1526 2301 non
1550 2260 1658 2301 ultra
1679 2274 1769 2301 cas-

883 2367 896 2381 1
918 2362 985 2400 tegi
996 2362 1091 2389 Gron.
1109 2362 1197 2390 Crev.

366 2447 437 2475 22*
452 2445 713 2484 opportuniores]
742 2445 816 2474 vid.
843 2448 910 2473 not.
931 2447 961 2475 5.
985 2444 1026 2474 ad
1070 2444 1167 2474 modo
1184 2444 1307 2483 legitur
1322 2445 1394 2475 haec
1410 2455 1470 2475 vox
1488 2444 1575 2484 apud
1599 2445 1771 2485 plerosque

322 2486 380 2517 VI.
397 2490 450 2518 ⁶24.
1069 2488 1255 2525 scriptores.
1291 2487 1410 2518 Telum
1428 2488 1491 2517 fuit
1509 2488 1678 2518 Gallorum
1698 2499 1771 2528 pro·

366 2532 406 2560 2¹3
435 2530 572 2559 Libram
589 2530 794 2568 ponderibus]
814 2528 886 2568 Ipso
904 2529 1026 2568 ponde·
1068 2530 1191 2566 prium,
1217 2530 1256 2559 ad
1283 2529 1439 2568 longioris
1466 2530 1588 2559 lanceae
1618 2531 1771 2562 formam.

323 2581 357 2601 re
381 2572 497 2608 adjuta
519 2576 558 2600 ut
581 2572 802 2610 dirigerentur
832 2572 968 2608 eortius,
992 2575 1027 2600 et
1071 2570 1143 2600 Viil.
1173 2572 1266 2601 voss.
1296 2572 1335 2601 de
1364 2573 1451 2602 vitiis
1482 2573 1656 2610 sermonis,
1688 2574 1708 2603 l.
1742 2574 1769 2604 1.

325 2615 456 2652 gravius
474 2614 693 2651 infigerentur
707 2614 908 2652 corporibus.
1070 2623 1098 2642 c.
1116 2615 1146 2642 ⁶2.

369 2658 409 2685 ‘24
435 2656 650 2694 Stragemque
672 2658 755 2685 inter
783 2665 815 2684 se
833 2676 859 2683 ..
876 2676 903 2684 ..
929 2656 1024 2694 dare]
1112 2656 1154 2685 26
1178 2655 1303 2695 Supina
1319 2654 1416 2694 valle]
1434 2655 1508 2687 vid.
1532 2660 1601 2685 not.
1626 2658 1656 2687 G.
1680 2658 1721 2689 ad
1743 2669 1771 2688 c.

326 2697 368 2727 Et
395 2698 491 2727 ruina
517 2698 620 2727 sterni
647 2708 684 2728 ac
713 2697 837 2727 devolvi
867 2707 967 2737 supra
994 2708 1027 2727 se
1073 2697 1235 2728 24.1.V1.

308 2745 456 2769 ·mutuo.
1116 2741 1154 2772 ‘27
1185 2741 1300 2769 (misul
1321 2749 1380 2768 mm
1406 2739 1512 2778 ultra]
1539 2740 1638 2769 Hunc
1662 2741 1770 2771 locum

317 2812 319 2814 ,
367 2785 407 2813 25
431 2782 572 2822 alatari]
591 2783 663 2811 Sive
682 2783 810 2812 maceri.
846 2781 917 2811 Hoc
934 2782 1023 2812 enim
1070 2782 1254 2812 Groiioiius
1278 2783 1420 2811 ann-mat
1445 2783 1477 2811 in
1507 2788 1588 2812 vett.
1618 2783 1696 2813 libb.
1723 2785 1769 2813 sic
