<?xml version="1.0" encoding="UTF-8"?>
<!DOCTYPE html PUBLIC "-//W3C//DTD XHTML 1.0 Transitional//EN"
    "http://www.w3.org/TR/xhtml1/DTD/xhtml1-transitional.dtd">
<html xmlns="http://www.w3.org/1999/xhtml" xml:lang="en" lang="en">
 <head>
  <title>
</title>
<meta http-equiv="Content-Type" content="text/html;charset=utf-8" />
  <meta name='ocr-system' content='tesseract 3.04.00' />
  <meta name='ocr-capabilities' content='ocr_page ocr_carea ocr_par ocr_line ocrx_word'/>
</head>
<body>
  <div class='ocr_page' id='page_1' title='image "./historiarumaburb01livyuoft_0193.png"; bbox 0 0 1969 3239; ppageno 0'>
   <div class='ocr_carea' id='block_1_1' title="bbox 575 109 1582 151">
    <p class='ocr_par' dir='ltr' id='par_1_1' title="bbox 575 109 1582 151">
     <span class='ocr_line' id='line_1_1' title="bbox 575 109 1582 151; baseline -0.001 -1"><span class='ocrx_word' id='word_1_1' title='bbox 575 110 692 151; x_wconf 89' lang='lat' dir='ltr'><strong>LIB.</strong></span> <span class='ocrx_word' id='word_1_2' title='bbox 718 111 789 150; x_wconf 88' lang='lat'>111.</span> <span class='ocrx_word' id='word_1_3' title='bbox 827 111 955 150; x_wconf 88' lang='lat' dir='ltr'>CAP.</span> <span class='ocrx_word' id='word_1_4' title='bbox 992 109 1177 150; x_wconf 87' lang='lat' dir='ltr'>XXVIII.</span> <span class='ocrx_word' id='word_1_5' title='bbox 1208 111 1212 114; x_wconf 82' lang='grc'><strong>’</strong></span> <span class='ocrx_word' id='word_1_6' title='bbox 1511 114 1582 150; x_wconf 83' lang='grc'>181</span> 
     </span>
    </p>
   </div>
   <div class='ocr_carea' id='block_1_2' title="bbox 93 200 1774 2131">
    <p class='ocr_par' dir='ltr' id='par_1_2' title="bbox 149 200 1774 1503">
     <span class='ocr_line' id='line_1_2' title="bbox 155 200 1774 265; baseline -0.002 -15"><span class='ocrx_word' id='word_1_7' title='bbox 155 209 313 265; x_wconf 75' lang='lat' dir='ltr'>gentis,</span> <span class='ocrx_word' id='word_1_8' title='bbox 335 207 407 251; x_wconf 88' lang='lat' dir='ltr'>sed</span> <span class='ocrx_word' id='word_1_9' title='bbox 429 208 517 264; x_wconf 91' lang='lat' dir='ltr'>qui,</span> <span class='ocrx_word' id='word_1_10' title='bbox 544 200 573 232; x_wconf 88' lang='lat'>¹⁵</span> <span class='ocrx_word' id='word_1_11' title='bbox 590 223 722 264; x_wconf 88' lang='lat' dir='ltr'>quum</span> <span class='ocrx_word' id='word_1_12' title='bbox 754 207 969 264; x_wconf 86' lang='lat' dir='ltr'>stipendia</span> <span class='ocrx_word' id='word_1_13' title='bbox 999 207 1178 262; x_wconf 88' lang='lat' dir='ltr'>pedibus</span> <span class='ocrx_word' id='word_1_14' title='bbox 1203 215 1374 262; x_wconf 87' lang='lat' dir='ltr'>propter</span> <span class='ocrx_word' id='word_1_15' title='bbox 1397 220 1633 263; x_wconf 58' lang='lat' dir='ltr'>pauper-02</span> <span class='ocrx_word' id='word_1_16' title='bbox 1648 224 1686 256; x_wconf 88' lang='lat' dir='ltr'>C</span> <span class='ocrx_word' id='word_1_17' title='bbox 1700 225 1774 260; x_wconf 77' lang='lat'>296</span> 
     </span>
     <span class='ocr_line' id='line_1_3' title="bbox 158 263 1774 320; baseline -0.002 -14"><span class='ocrx_word' id='word_1_18' title='bbox 158 276 290 307; x_wconf 75' lang='lat' dir='ltr'>tatem</span> <span class='ocrx_word' id='word_1_19' title='bbox 314 265 495 314; x_wconf 84' lang='lat' dir='ltr'><strong>fecisset,</strong></span> <span class='ocrx_word' id='word_1_20' title='bbox 521 265 630 306; x_wconf 86' lang='lat' dir='ltr'>bello</span> <span class='ocrx_word' id='word_1_21' title='bbox 653 274 793 306; x_wconf 83' lang='lat' dir='ltr'>tamen</span> <span class='ocrx_word' id='word_1_22' title='bbox 818 278 975 320; x_wconf 82' lang='lat' dir='ltr'>primus</span> <span class='ocrx_word' id='word_1_23' title='bbox 997 263 1125 319; x_wconf 86' lang='lat' dir='ltr'>longe</span> <span class='ocrx_word' id='word_1_24' title='bbox 1149 263 1355 304; x_wconf 82' lang='lat' dir='ltr'>Rornanae</span> <span class='ocrx_word' id='word_1_25' title='bbox 1375 263 1627 318; x_wconf 71' lang='lat' dir='ltr'>juventu-A.</span> <span class='ocrx_word' id='word_1_26' title='bbox 1645 267 1682 300; x_wconf 85' lang='lat' dir='ltr'>c.</span> <span class='ocrx_word' id='word_1_27' title='bbox 1698 269 1774 302; x_wconf 75' lang='grc'>456</span> 
     </span>
     <span class='ocr_line' id='line_1_4' title="bbox 156 321 1577 376; baseline -0.002 -13.996"><span class='ocrx_word' id='word_1_28' title='bbox 156 323 213 362; x_wconf 80' lang='lat' dir='ltr'>t-is</span> <span class='ocrx_word' id='word_1_29' title='bbox 239 322 409 363; x_wconf 81' lang='lat' dir='ltr'>habitus</span> <span class='ocrx_word' id='word_1_30' title='bbox 430 333 554 363; x_wconf 86' lang='lat' dir='ltr'>esset.</span> <span class='ocrx_word' id='word_1_31' title='bbox 597 321 706 362; x_wconf 89' lang='lat' dir='ltr'>Cum</span> <span class='ocrx_word' id='word_1_32' title='bbox 731 322 931 376; x_wconf 84' lang='lat' dir='ltr'>magistro</span> <span class='ocrx_word' id='word_1_33' title='bbox 954 321 1145 375; x_wconf 79' lang='lat' dir='ltr'>equitum</span> <span class='ocrx_word' id='word_1_34' title='bbox 1168 323 1210 361; x_wconf 89' lang='lat' dir='ltr'>in</span> <span class='ocrx_word' id='word_1_35' title='bbox 1232 321 1482 361; x_wconf 82' lang='lat' dir='ltr'>concionem</span> <span class='ocrx_word' id='word_1_36' title='bbox 1506 334 1577 360; x_wconf 80' lang='lat' dir='ltr'>ve·-</span> 
     </span>
     <span class='ocr_line' id='line_1_5' title="bbox 156 377 1578 439; baseline 0 -21"><span class='ocrx_word' id='word_1_37' title='bbox 156 379 237 427; x_wconf 85' lang='lat' dir='ltr'>nit,</span> <span class='ocrx_word' id='word_1_38' title='bbox 253 379 475 434; x_wconf 82' lang='lat' dir='ltr'>justitium</span> <span class='ocrx_word' id='word_1_39' title='bbox 498 378 643 429; x_wconf 84' lang='lat' dir='ltr'>edicit,</span> <span class='ocrx_word' id='word_1_40' title='bbox 666 377 805 418; x_wconf 82' lang='lat' dir='ltr'>claudi</span> <span class='ocrx_word' id='word_1_41' title='bbox 837 378 1030 418; x_wconf 81' lang='lat' dir='ltr'>tabernas</span> <span class='ocrx_word' id='word_1_42' title='bbox 1054 387 1142 418; x_wconf 85' lang='lat' dir='ltr'>tota</span> <span class='ocrx_word' id='word_1_43' title='bbox 1171 378 1275 417; x_wconf 89' lang='lat' dir='ltr'>urbe</span> <span class='ocrx_word' id='word_1_44' title='bbox 1298 377 1441 439; x_wconf 86' lang='lat' dir='ltr'>jubet,</span> <span class='ocrx_word' id='word_1_45' title='bbox 1461 385 1578 418; x_wconf 84' lang='lat' dir='ltr'>vetat</span> 
     </span>
     <span class='ocr_line' id='line_1_6' title="bbox 156 431 1577 496; baseline -0.001 -20"><span class='ocrx_word' id='word_1_46' title='bbox 156 449 411 490; x_wconf 84' lang='lat' dir='ltr'>quemquam</span> <span class='ocrx_word' id='word_1_47' title='bbox 439 435 613 491; x_wconf 84' lang='lat' dir='ltr'>privatae</span> <span class='ocrx_word' id='word_1_48' title='bbox 637 434 868 489; x_wconf 83' lang='lat' dir='ltr'>quidquam</span> <span class='ocrx_word' id='word_1_49' title='bbox 892 435 948 474; x_wconf 90' lang='lat' dir='ltr'>rei</span> <span class='ocrx_word' id='word_1_50' title='bbox 973 448 1112 489; x_wconf 80' lang='lat' dir='ltr'>agere</span> <span class='ocrx_word' id='word_1_51' title='bbox 1172 431 1295 483; x_wconf 91' lang='lat' dir='ltr'>Tum,</span> <span class='ocrx_word' id='word_1_52' title='bbox 1317 446 1577 496; x_wconf 77' lang='lat' dir='ltr'>quicumque</span> 
     </span>
     <span class='ocr_line' id='line_1_7' title="bbox 158 464 1577 553; baseline -0.001 -21"><span class='ocrx_word' id='word_1_53' title='bbox 158 501 286 532; x_wconf 85' lang='lat' dir='ltr'>aetate</span> <span class='ocrx_word' id='word_1_54' title='bbox 309 492 478 532; x_wconf 85' lang='lat' dir='ltr'>militari</span> <span class='ocrx_word' id='word_1_55' title='bbox 502 501 654 540; x_wconf 79' lang='lat' dir='ltr'><strong>essent,</strong></span> <span class='ocrx_word' id='word_1_56' title='bbox 677 491 841 540; x_wconf 81' lang='lat' dir='ltr'>armati,</span> <span class='ocrx_word' id='word_1_57' title='bbox 863 505 958 531; x_wconf 90' lang='lat' dir='ltr'>cum</span> <span class='ocrx_word' id='word_1_58' title='bbox 993 491 1164 531; x_wconf 80' lang='lat' dir='ltr'>cibariis</span> <span class='ocrx_word' id='word_1_59' title='bbox 1197 490 1240 531; x_wconf 90' lang='lat' dir='ltr'>in</span> <span class='ocrx_word' id='word_1_60' title='bbox 1272 464 1360 531; x_wconf 82' lang='lat' dir='ltr'>dies</span> <span class='ocrx_word' id='word_1_61' title='bbox 1390 488 1577 553; x_wconf 85' lang='lat' dir='ltr'>quinque</span> 
     </span>
     <span class='ocr_line' id='line_1_8' title="bbox 157 545 1576 602; baseline -0.001 -14"><span class='ocrx_word' id='word_1_62' title='bbox 157 549 294 588; x_wconf 85' lang='lat' dir='ltr'>coctis</span> <span class='ocrx_word' id='word_1_63' title='bbox 310 547 548 602; x_wconf 78' lang='lat' dir='ltr'>¹⁶vallisque</span> <span class='ocrx_word' id='word_1_64' title='bbox 561 547 781 597; x_wconf 80' lang='lat' dir='ltr'>duodenis,</span> <span class='ocrx_word' id='word_1_65' title='bbox 793 558 890 588; x_wconf 84' lang='lat' dir='ltr'>ante</span> <span class='ocrx_word' id='word_1_66' title='bbox 906 547 1003 587; x_wconf 87' lang='lat' dir='ltr'>solis</span> <span class='ocrx_word' id='word_1_67' title='bbox 1019 561 1214 587; x_wconf 80' lang='lat' dir='ltr'>oceasum</span> <span class='ocrx_word' id='word_1_68' title='bbox 1229 545 1389 587; x_wconf 89' lang='lat' dir='ltr'>Martio</span> <span class='ocrx_word' id='word_1_69' title='bbox 1403 548 1444 586; x_wconf 90' lang='lat' dir='ltr'>in</span> <span class='ocrx_word' id='word_1_70' title='bbox 1461 560 1576 587; x_wconf 85' lang='lat' dir='ltr'>cam·-</span> 
     </span>
     <span class='ocr_line' id='line_1_9' title="bbox 155 603 1574 659; baseline -0.002 -14"><span class='ocrx_word' id='word_1_71' title='bbox 155 619 212 659; x_wconf 85' lang='lat' dir='ltr'>po</span> <span class='ocrx_word' id='word_1_72' title='bbox 230 604 442 645; x_wconf 82' lang='lat' dir='ltr'>adessent:</span> <span class='ocrx_word' id='word_1_73' title='bbox 462 604 614 658; x_wconf 87' lang='lat' dir='ltr'>quibus</span> <span class='ocrx_word' id='word_1_74' title='bbox 631 613 734 645; x_wconf 84' lang='lat' dir='ltr'>aetas</span> <span class='ocrx_word' id='word_1_75' title='bbox 753 604 804 644; x_wconf 84' lang='lat' dir='ltr'>ad</span> <span class='ocrx_word' id='word_1_76' title='bbox 824 603 1090 644; x_wconf 81' lang='lat' dir='ltr'>militandum</span> <span class='ocrx_word' id='word_1_77' title='bbox 1110 604 1278 658; x_wconf 83' lang='lat' dir='ltr'>gravior</span> <span class='ocrx_word' id='word_1_78' title='bbox 1294 611 1418 651; x_wconf 77' lang='lat' dir='ltr'>esset,</span> <span class='ocrx_word' id='word_1_79' title='bbox 1435 603 1574 643; x_wconf 84' lang='lat' dir='ltr'>vicino</span> 
     </span>
     <span class='ocr_line' id='line_1_10' title="bbox 153 660 1575 715; baseline -0.002 -13"><span class='ocrx_word' id='word_1_80' title='bbox 153 660 297 715; x_wconf 89' lang='lat' dir='ltr'>militi,</span> <span class='ocrx_word' id='word_1_81' title='bbox 315 661 437 702; x_wconf 88' lang='lat' dir='ltr'>dum</span> <span class='ocrx_word' id='word_1_82' title='bbox 428 675 462 700; x_wconf 81' lang='lat' dir='ltr'>is</span> <span class='ocrx_word' id='word_1_83' title='bbox 480 674 593 700; x_wconf 78' lang='lat' dir='ltr'>aima</span> <span class='ocrx_word' id='word_1_84' title='bbox 612 671 791 715; x_wconf 70' lang='lat' dir='ltr'>parmet,</span> <span class='ocrx_word' id='word_1_85' title='bbox 807 660 1044 715; x_wconf 84' lang='lat' dir='ltr'>vallumque</span> <span class='ocrx_word' id='word_1_86' title='bbox 1058 668 1232 714; x_wconf 86' lang='lat' dir='ltr'>peteret,</span> <span class='ocrx_word' id='word_1_87' title='bbox 1246 660 1405 700; x_wconf 80' lang='lat' dir='ltr'>cibaria</span> <span class='ocrx_word' id='word_1_88' title='bbox 1418 673 1575 714; x_wconf 88' lang='lat' dir='ltr'>coque-</span> 
     </span>
     <span class='ocr_line' id='line_1_11' title="bbox 154 716 1575 772; baseline 0 -15"><span class='ocrx_word' id='word_1_89' title='bbox 154 717 356 772; x_wconf 75' lang='lat' dir='ltr'>rejussit,</span> <span class='ocrx_word' id='word_1_90' title='bbox 406 716 697 771; x_wconf 74' lang='lat' dir='ltr'>Sicjuveiitus</span> <span class='ocrx_word' id='word_1_91' title='bbox 721 718 920 757; x_wconf 82' lang='lat' dir='ltr'>discurrit</span> <span class='ocrx_word' id='word_1_92' title='bbox 941 719 992 758; x_wconf 85' lang='lat' dir='ltr'>ad</span> <span class='ocrx_word' id='word_1_93' title='bbox 1018 716 1170 758; x_wconf 85' lang='lat' dir='ltr'>vallum</span> <span class='ocrx_word' id='word_1_94' title='bbox 1196 718 1439 772; x_wconf 85' lang='lat' dir='ltr'>petendum.</span> <span class='ocrx_word' id='word_1_95' title='bbox 1462 730 1575 757; x_wconf 86' lang='lat' dir='ltr'>sum·</span> 
     </span>
     <span class='ocr_line' id='line_1_12' title="bbox 153 772 1575 828; baseline -0.001 -14"><span class='ocrx_word' id='word_1_96' title='bbox 153 788 258 824; x_wconf 80' lang='lat' dir='ltr'>sere,</span> <span class='ocrx_word' id='word_1_97' title='bbox 280 773 389 814; x_wconf 81' lang='lat' dir='ltr'>unde</span> <span class='ocrx_word' id='word_1_98' title='bbox 410 787 561 828; x_wconf 79' lang='lat' dir='ltr'>cuique</span> <span class='ocrx_word' id='word_1_99' title='bbox 583 774 829 828; x_wconf 78' lang='lat' dir='ltr'>proximum</span> <span class='ocrx_word' id='word_1_100' title='bbox 853 773 960 815; x_wconf 86' lang='lat' dir='ltr'>fuit:</span> <span class='ocrx_word' id='word_1_101' title='bbox 991 773 1231 828; x_wconf 79' lang='lat' dir='ltr'>prohibitus</span> <span class='ocrx_word' id='word_1_102' title='bbox 1252 787 1378 814; x_wconf 85' lang='lat' dir='ltr'>nemo</span> <span class='ocrx_word' id='word_1_103' title='bbox 1399 781 1488 814; x_wconf 87' lang='lat' dir='ltr'>est.</span> <span class='ocrx_word' id='word_1_104' title='bbox 1511 772 1575 813; x_wconf 90' lang='lat' dir='ltr'>in-</span> 
     </span>
     <span class='ocr_line' id='line_1_13' title="bbox 154 827 1575 893; baseline 0 -23"><span class='ocrx_word' id='word_1_105' title='bbox 154 830 359 893; x_wconf 75' lang='lat' dir='ltr'>pig-reque</span> <span class='ocrx_word' id='word_1_106' title='bbox 388 844 535 870; x_wconf 89' lang='lat' dir='ltr'>omnes</span> <span class='ocrx_word' id='word_1_107' title='bbox 562 831 614 871; x_wconf 82' lang='lat' dir='ltr'>ad</span> <span class='ocrx_word' id='word_1_108' title='bbox 642 830 829 871; x_wconf 86' lang='lat' dir='ltr'>edictum</span> <span class='ocrx_word' id='word_1_109' title='bbox 854 830 1074 871; x_wconf 82' lang='lat' dir='ltr'>dictatoris</span> <span class='ocrx_word' id='word_1_110' title='bbox 1103 839 1258 884; x_wconf 85' lang='lat' dir='ltr'>praesto</span> <span class='ocrx_word' id='word_1_111' title='bbox 1284 829 1415 870; x_wconf 85' lang='lat' dir='ltr'>fuere</span> <span class='ocrx_word' id='word_1_112' title='bbox 1468 827 1575 870; x_wconf 89' lang='lat' dir='ltr'>Inde</span> 
     </span>
     <span class='ocr_line' id='line_1_14' title="bbox 155 884 1574 950; baseline -0.002 -22"><span class='ocrx_word' id='word_1_113' title='bbox 155 888 395 950; x_wconf 75' lang='lat' dir='ltr'>composito</span> <span class='ocrx_word' id='word_1_114' title='bbox 418 887 603 942; x_wconf 80' lang='lat' dir='ltr'>agmine,</span> <span class='ocrx_word' id='word_1_115' title='bbox 622 892 650 915; x_wconf 85' lang='lat'>¹⁷</span> <span class='ocrx_word' id='word_1_116' title='bbox 667 901 750 927; x_wconf 88' lang='lat' dir='ltr'>non</span> <span class='ocrx_word' id='word_1_117' title='bbox 773 887 914 927; x_wconf 89' lang='lat' dir='ltr'>itineri</span> <span class='ocrx_word' id='word_1_118' title='bbox 931 887 1065 942; x_wconf 80' lang='lat' dir='ltr'>magis</span> <span class='ocrx_word' id='word_1_119' title='bbox 1085 886 1198 942; x_wconf 77' lang='lat' dir='ltr'>apti·</span> <span class='ocrx_word' id='word_1_120' title='bbox 1216 900 1339 941; x_wconf 81' lang='lat' dir='ltr'>quam</span> <span class='ocrx_word' id='word_1_121' title='bbox 1356 884 1524 941; x_wconf 70' lang='lat' dir='ltr'>proelio,</span> <span class='ocrx_word' id='word_1_122' title='bbox 1541 886 1574 926; x_wconf 90' lang='lat' dir='ltr'>si</span> 
     </span>
     <span class='ocr_line' id='line_1_15' title="bbox 152 920 1574 1000; baseline -0.001 -16"><span class='ocrx_word' id='word_1_123' title='bbox 152 957 217 984; x_wconf 78' lang='lat' dir='ltr'>res</span> <span class='ocrx_word' id='word_1_124' title='bbox 240 944 300 983; x_wconf 85' lang='lat' dir='ltr'>ita</span> <span class='ocrx_word' id='word_1_125' title='bbox 323 920 502 994; x_wconf 88' lang='lat' dir='ltr'>tulisset,</span> <span class='ocrx_word' id='word_1_126' title='bbox 518 943 733 999; x_wconf 89' lang='lat' dir='ltr'>legiones</span> <span class='ocrx_word' id='word_1_127' title='bbox 726 957 814 1000; x_wconf 84' lang='lat' dir='ltr'>ipse</span> <span class='ocrx_word' id='word_1_128' title='bbox 828 943 1028 993; x_wconf 84' lang='lat' dir='ltr'>dictator,</span> <span class='ocrx_word' id='word_1_129' title='bbox 1047 943 1249 999; x_wconf 85' lang='lat' dir='ltr'>magister</span> <span class='ocrx_word' id='word_1_130' title='bbox 1262 943 1455 997; x_wconf 80' lang='lat' dir='ltr'>equitum</span> <span class='ocrx_word' id='word_1_131' title='bbox 1478 956 1574 982; x_wconf 85' lang='lat' dir='ltr'>suos</span> 
     </span>
     <span class='ocr_line' id='line_1_16' title="bbox 154 975 1575 1055; baseline -0.001 -15"><span class='ocrx_word' id='word_1_132' title='bbox 154 1000 317 1054; x_wconf 86' lang='lat' dir='ltr'>equites</span> <span class='ocrx_word' id='word_1_133' title='bbox 335 1000 467 1041; x_wconf 86' lang='lat' dir='ltr'>ducit.</span> <span class='ocrx_word' id='word_1_134' title='bbox 491 975 583 1040; x_wconf 60' lang='lat'>&#39;0111</span> <span class='ocrx_word' id='word_1_135' title='bbox 570 1008 749 1055; x_wconf 90' lang='lat' dir='ltr'>utroque</span> <span class='ocrx_word' id='word_1_136' title='bbox 766 1000 949 1055; x_wconf 83' lang='lat' dir='ltr'>agmine,</span> <span class='ocrx_word' id='word_1_137' title='bbox 966 1014 1070 1054; x_wconf 78' lang='lat' dir='ltr'>quas</span> <span class='ocrx_word' id='word_1_138' title='bbox 1088 977 1254 1055; x_wconf 52' lang='lat' dir='ltr'>teompus</span> <span class='ocrx_word' id='word_1_139' title='bbox 1273 999 1408 1054; x_wconf 85' lang='lat' dir='ltr'>ipsum</span> <span class='ocrx_word' id='word_1_140' title='bbox 1428 1012 1575 1054; x_wconf 85' lang='lat' dir='ltr'>posce·</span> 
     </span>
     <span class='ocr_line' id='line_1_17' title="bbox 151 1055 1574 1113; baseline -0.002 -16"><span class='ocrx_word' id='word_1_141' title='bbox 151 1056 241 1107; x_wconf 80' lang='lat' dir='ltr'>bat,</span> <span class='ocrx_word' id='word_1_142' title='bbox 255 1056 572 1098; x_wconf 80' lang='lat' dir='ltr'>adhortationes</span> <span class='ocrx_word' id='word_1_143' title='bbox 591 1067 724 1098; x_wconf 82' lang='lat' dir='ltr'>erant:</span> <span class='ocrx_word' id='word_1_144' title='bbox 748 1056 935 1098; x_wconf 77' lang='lat' dir='ltr'>adderent</span> <span class='ocrx_word' id='word_1_145' title='bbox 949 1055 1136 1113; x_wconf 81' lang='lat' dir='ltr'>gradum,</span> <span class='ocrx_word' id='word_1_146' title='bbox 1149 1062 1348 1096; x_wconf 80' lang='lat' dir='ltr'>maturato</span> <span class='ocrx_word' id='word_1_147' title='bbox 1363 1068 1461 1110; x_wconf 79' lang='lat' dir='ltr'>opus</span> <span class='ocrx_word' id='word_1_148' title='bbox 1475 1068 1574 1106; x_wconf 82' lang='lat' dir='ltr'>esse,</span> 
     </span>
     <span class='ocr_line' id='line_1_18' title="bbox 151 1109 1574 1179; baseline -0.001 -26"><span class='ocrx_word' id='word_1_149' title='bbox 151 1119 195 1153; x_wconf 84' lang='lat' dir='ltr'>ut</span> <span class='ocrx_word' id='word_1_150' title='bbox 214 1120 322 1154; x_wconf 80' lang='lat' dir='ltr'>nocte</span> <span class='ocrx_word' id='word_1_151' title='bbox 334 1112 388 1154; x_wconf 84' lang='lat' dir='ltr'>ad</span> <span class='ocrx_word' id='word_1_152' title='bbox 399 1113 542 1154; x_wconf 77' lang='lat' dir='ltr'>hostem</span> <span class='ocrx_word' id='word_1_153' title='bbox 554 1116 662 1178; x_wconf 53' lang='lat' dir='ltr'>”per</span> <span class='ocrx_word' id='word_1_154' title='bbox 665 1114 795 1154; x_wconf 31' lang='lat' dir='ltr'>zffeuive</span> <span class='ocrx_word' id='word_1_155' title='bbox 803 1120 972 1179; x_wconf 83' lang='lat' dir='ltr'>possent.</span> <span class='ocrx_word' id='word_1_156' title='bbox 982 1113 1175 1154; x_wconf 80' lang='lat' dir='ltr'>consulem</span> <span class='ocrx_word' id='word_1_157' title='bbox 1187 1112 1473 1167; x_wconf 67' lang='lat' dir='ltr'>exetcitumque</span> <span class='ocrx_word' id='word_1_158' title='bbox 1486 1109 1574 1152; x_wconf 87' lang='lat' dir='ltr'>Ro-</span> 
     </span>
     <span class='ocr_line' id='line_1_19' title="bbox 152 1168 1574 1226; baseline -0.001 -16"><span class='ocrx_word' id='word_1_159' title='bbox 152 1184 316 1210; x_wconf 80' lang='lat' dir='ltr'>manum</span> <span class='ocrx_word' id='word_1_160' title='bbox 347 1170 531 1211; x_wconf 66' lang='lat' dir='ltr'>obsideri.</span> <span class='ocrx_word' id='word_1_161' title='bbox 565 1171 724 1211; x_wconf 77' lang='lat' dir='ltr'>tertium</span> <span class='ocrx_word' id='word_1_162' title='bbox 756 1171 858 1210; x_wconf 83' lang='lat' dir='ltr'>diem</span> <span class='ocrx_word' id='word_1_163' title='bbox 878 1171 971 1226; x_wconf 86' lang='lat' dir='ltr'>jam</span> <span class='ocrx_word' id='word_1_164' title='bbox 993 1168 1143 1211; x_wconf 80' lang='lat' dir='ltr'>clausos</span> <span class='ocrx_word' id='word_1_165' title='bbox 1163 1184 1261 1211; x_wconf 87' lang='lat' dir='ltr'>esse:</span> <span class='ocrx_word' id='word_1_166' title='bbox 1293 1168 1391 1224; x_wconf 81' lang='lat' dir='ltr'>quid.</span> <span class='ocrx_word' id='word_1_167' title='bbox 1412 1182 1574 1224; x_wconf 68' lang='lat' dir='ltr'>quaeque</span> 
     </span>
     <span class='ocr_line' id='line_1_20' title="bbox 150 1225 1574 1282; baseline -0.001 -16"><span class='ocrx_word' id='word_1_168' title='bbox 150 1241 230 1267; x_wconf 68' lang='lat' dir='ltr'>nox</span> <span class='ocrx_word' id='word_1_169' title='bbox 261 1234 331 1267; x_wconf 80' lang='lat' dir='ltr'>aut</span> <span class='ocrx_word' id='word_1_170' title='bbox 351 1227 433 1268; x_wconf 74' lang='lat' dir='ltr'>[lies</span> <span class='ocrx_word' id='word_1_171' title='bbox 445 1227 581 1282; x_wconf 81' lang='lat' dir='ltr'>fe1·‚at</span> <span class='ocrx_word' id='word_1_172' title='bbox 604 1227 798 1268; x_wconf 66' lang='lat' dir='ltr'>incertum</span> <span class='ocrx_word' id='word_1_173' title='bbox 819 1241 927 1268; x_wconf 78' lang='lat' dir='ltr'>esse:</span> <span class='ocrx_word' id='word_1_174' title='bbox 942 1233 1092 1282; x_wconf 79' lang='lat' dir='ltr'>puncto</span> <span class='ocrx_word' id='word_1_175' title='bbox 1113 1240 1214 1281; x_wconf 77' lang='lat' dir='ltr'>scepe</span> <span class='ocrx_word' id='word_1_176' title='bbox 1233 1232 1383 1280; x_wconf 80' lang='lat' dir='ltr'>tempor</span> <span class='ocrx_word' id='word_1_177' title='bbox 1386 1240 1422 1266; x_wconf 82' lang='lat' dir='ltr'>zs</span> <span class='ocrx_word' id='word_1_178' title='bbox 1443 1225 1574 1265; x_wconf 72' lang='lat' dir='ltr'>maxi·</span> 
     </span>
     <span class='ocr_line' id='line_1_21' title="bbox 149 1281 1573 1339; baseline 0 -17"><span class='ocrx_word' id='word_1_179' title='bbox 149 1297 308 1323; x_wconf 78' lang='lat' dir='ltr'>marum</span> <span class='ocrx_word' id='word_1_180' title='bbox 330 1298 460 1325; x_wconf 53' lang='lat' dir='ltr'>retum</span> <span class='ocrx_word' id='word_1_181' title='bbox 481 1290 673 1324; x_wconf 79' lang='lat' dir='ltr'>momenta</span> <span class='ocrx_word' id='word_1_182' title='bbox 695 1284 809 1325; x_wconf 62' lang='lat' dir='ltr'>terti.</span> <span class='ocrx_word' id='word_1_183' title='bbox 854 1283 1049 1325; x_wconf 81' lang='lat' dir='ltr'>Adcelera</span> <span class='ocrx_word' id='word_1_184' title='bbox 1070 1281 1251 1339; x_wconf 66' lang='lat' dir='ltr'>signffer,</span> <span class='ocrx_word' id='word_1_185' title='bbox 1272 1296 1428 1337; x_wconf 80' lang='lat' dir='ltr'>sequere</span> <span class='ocrx_word' id='word_1_186' title='bbox 1449 1281 1573 1333; x_wconf 82' lang='lat' dir='ltr'>miles,</span> 
     </span>
     <span class='ocr_line' id='line_1_22' title="bbox 150 1339 1576 1404; baseline 0 -24"><span class='ocrx_word' id='word_1_187' title='bbox 150 1340 262 1381; x_wconf 86' lang='lat' dir='ltr'>inter</span> <span class='ocrx_word' id='word_1_188' title='bbox 294 1355 336 1380; x_wconf 89' lang='lat' dir='ltr'>se</span> <span class='ocrx_word' id='word_1_189' title='bbox 371 1355 558 1396; x_wconf 87' lang='lat' dir='ltr'>quoque,</span> <span class='ocrx_word' id='word_1_190' title='bbox 591 1341 880 1404; x_wconf 80' lang='lat' dir='ltr'>gratificantes</span> <span class='ocrx_word' id='word_1_191' title='bbox 918 1341 1114 1389; x_wconf 84' lang='lat' dir='ltr'>ducibus,</span> <span class='ocrx_word' id='word_1_192' title='bbox 1146 1341 1401 1380; x_wconf 82' lang='lat' dir='ltr'>clamabant.</span> <span class='ocrx_word' id='word_1_193' title='bbox 1436 1339 1576 1380; x_wconf 85' lang='lat' dir='ltr'>media</span> 
     </span>
     <span class='ocr_line' id='line_1_23' title="bbox 150 1396 1576 1461; baseline -0.001 -24"><span class='ocrx_word' id='word_1_194' title='bbox 150 1406 277 1437; x_wconf 82' lang='lat' dir='ltr'>nocte</span> <span class='ocrx_word' id='word_1_195' title='bbox 299 1397 341 1437; x_wconf 87' lang='lat' dir='ltr'>in</span> <span class='ocrx_word' id='word_1_196' title='bbox 368 1398 572 1453; x_wconf 83' lang='lat' dir='ltr'>Algidum</span> <span class='ocrx_word' id='word_1_197' title='bbox 604 1397 880 1461; x_wconf 79' lang='lat' dir='ltr'>perveniunt:</span> <span class='ocrx_word' id='word_1_198' title='bbox 912 1407 969 1448; x_wconf 89' lang='lat' dir='ltr'>et,</span> <span class='ocrx_word' id='word_1_199' title='bbox 992 1407 1036 1437; x_wconf 94' lang='lat' dir='ltr'>ut</span> <span class='ocrx_word' id='word_1_200' title='bbox 1068 1410 1246 1448; x_wconf 83' lang='lat' dir='ltr'>sensere,</span> <span class='ocrx_word' id='word_1_201' title='bbox 1269 1396 1417 1451; x_wconf 80' lang='lat' dir='ltr'>sejam</span> <span class='ocrx_word' id='word_1_202' title='bbox 1443 1409 1576 1451; x_wconf 81' lang='lat' dir='ltr'>piope</span> 
     </span>
     <span class='ocr_line' id='line_1_24' title="bbox 152 1454 873 1508; baseline 0.003 -16"><span class='ocrx_word' id='word_1_203' title='bbox 152 1454 297 1493; x_wconf 79' lang='lat' dir='ltr'>hostes</span> <span class='ocrx_word' id='word_1_204' title='bbox 319 1468 423 1503; x_wconf 87' lang='lat' dir='ltr'>esse,</span> <span class='ocrx_word' id='word_1_205' title='bbox 447 1455 568 1508; x_wconf 83' lang='lat' dir='ltr'>signa</span> <span class='ocrx_word' id='word_1_206' title='bbox 589 1454 873 1495; x_wconf 75' lang='lat' dir='ltr'>constituunt</span> 
     </span>
    </p>

    <p class='ocr_par' dir='ltr' id='par_1_3' title="bbox 93 1509 1773 2131">
     <span class='ocr_line' id='line_1_25' title="bbox 212 1509 1575 1566; baseline -0.001 -16"><span class='ocrx_word' id='word_1_207' title='bbox 212 1509 445 1551; x_wconf 81' lang='lat' dir='ltr'><strong>XXVIII.</strong></span> <span class='ocrx_word' id='word_1_208' title='bbox 478 1510 545 1550; x_wconf 87' lang='lat' dir='ltr'>Ibi</span> <span class='ocrx_word' id='word_1_209' title='bbox 569 1511 767 1561; x_wconf 84' lang='lat' dir='ltr'>dictator,</span> <span class='ocrx_word' id='word_1_210' title='bbox 787 1520 992 1565; x_wconf 82' lang='lat' dir='ltr'>quantum</span> <span class='ocrx_word' id='word_1_211' title='bbox 1024 1519 1150 1551; x_wconf 87' lang='lat' dir='ltr'>nocte</span> <span class='ocrx_word' id='word_1_212' title='bbox 1170 1509 1358 1566; x_wconf 78' lang='lat' dir='ltr'>prospici</span> <span class='ocrx_word' id='word_1_213' title='bbox 1392 1518 1575 1564; x_wconf 70' lang='lat' dir='ltr'>poter-it,</span> 
     </span>
     <span class='ocr_line' id='line_1_26' title="bbox 93 1567 1577 1631; baseline -0.001 -25"><span class='ocrx_word' id='word_1_214' title='bbox 93 1577 104 1585; x_wconf 94' lang='lat'><em>·</em></span> <span class='ocrx_word' id='word_1_215' title='bbox 154 1579 264 1621; x_wconf 86' lang='lat' dir='ltr'>equo</span> <span class='ocrx_word' id='word_1_216' title='bbox 296 1567 621 1616; x_wconf 70' lang='lat' dir='ltr'>circumvectus,</span> <span class='ocrx_word' id='word_1_217' title='bbox 636 1568 1035 1623; x_wconf 77' lang='lat' dir='ltr'>contemplatusque</span> <span class='ocrx_word' id='word_1_218' title='bbox 1056 1568 1126 1631; x_wconf 86' lang='lat' dir='ltr'>qui</span> <span class='ocrx_word' id='word_1_219' title='bbox 1149 1576 1305 1607; x_wconf 77' lang='lat' dir='ltr'>tiactus</span> <span class='ocrx_word' id='word_1_220' title='bbox 1326 1576 1577 1615; x_wconf 81' lang='lat' dir='ltr'>castrorum,</span> 
     </span>
     <span class='ocr_line' id='line_1_27' title="bbox 154 1622 1574 1679; baseline -0.001 -16"><span class='ocrx_word' id='word_1_221' title='bbox 154 1637 335 1678; x_wconf 82' lang='lat' dir='ltr'>quaeque</span> <span class='ocrx_word' id='word_1_222' title='bbox 356 1624 494 1664; x_wconf 74' lang='lat' dir='ltr'>forma</span> <span class='ocrx_word' id='word_1_223' title='bbox 514 1634 639 1673; x_wconf 83' lang='lat' dir='ltr'>esset,</span> <span class='ocrx_word' id='word_1_224' title='bbox 659 1624 840 1664; x_wconf 86' lang='lat' dir='ltr'>tribunis</span> <span class='ocrx_word' id='word_1_225' title='bbox 862 1625 1044 1664; x_wconf 86' lang='lat' dir='ltr'>militum</span> <span class='ocrx_word' id='word_1_226' title='bbox 1069 1623 1307 1679; x_wconf 84' lang='lat' dir='ltr'>imperavit,</span> <span class='ocrx_word' id='word_1_227' title='bbox 1324 1632 1370 1662; x_wconf 87' lang='lat' dir='ltr'>ut</span> <span class='ocrx_word' id='word_1_228' title='bbox 1393 1622 1574 1662; x_wconf 76' lang='lat' dir='ltr'>sarcinas</span> 
     </span>
     <span class='ocr_line' id='line_1_28' title="bbox 152 1679 1576 1735; baseline 0 -17"><span class='ocrx_word' id='word_1_229' title='bbox 152 1694 195 1719; x_wconf 80' lang='lat' dir='ltr'>in</span> <span class='ocrx_word' id='word_1_230' title='bbox 221 1694 348 1720; x_wconf 85' lang='lat' dir='ltr'>unum</span> <span class='ocrx_word' id='word_1_231' title='bbox 369 1681 527 1735; x_wconf 73' lang='lat' dir='ltr'>conjici</span> <span class='ocrx_word' id='word_1_232' title='bbox 544 1681 742 1734; x_wconf 86' lang='lat' dir='ltr'>jubeant,</span> <span class='ocrx_word' id='word_1_233' title='bbox 760 1680 938 1721; x_wconf 86' lang='lat' dir='ltr'>militem</span> <span class='ocrx_word' id='word_1_234' title='bbox 960 1695 1057 1720; x_wconf 85' lang='lat' dir='ltr'>cum</span> <span class='ocrx_word' id='word_1_235' title='bbox 1079 1695 1205 1720; x_wconf 73' lang='lat' dir='ltr'>armis</span> <span class='ocrx_word' id='word_1_236' title='bbox 1226 1679 1418 1734; x_wconf 79' lang='lat' dir='ltr'>valloque</span> <span class='ocrx_word' id='word_1_237' title='bbox 1442 1679 1576 1719; x_wconf 87' lang='lat' dir='ltr'>iedire</span> 
     </span>
     <span class='ocr_line' id='line_1_29' title="bbox 154 1735 1575 1792; baseline -0.001 -16"><span class='ocrx_word' id='word_1_238' title='bbox 154 1735 197 1776; x_wconf 80' lang='lat' dir='ltr'>in</span> <span class='ocrx_word' id='word_1_239' title='bbox 220 1736 388 1777; x_wconf 81' lang='lat' dir='ltr'>ordines</span> <span class='ocrx_word' id='word_1_240' title='bbox 409 1752 521 1778; x_wconf 85' lang='lat' dir='ltr'>suos.</span> <span class='ocrx_word' id='word_1_241' title='bbox 545 1738 669 1787; x_wconf 84' lang='lat' dir='ltr'>facta,</span> <span class='ocrx_word' id='word_1_242' title='bbox 685 1752 759 1792; x_wconf 89' lang='lat' dir='ltr'>qu</span> <span class='ocrx_word' id='word_1_243' title='bbox 747 1753 780 1777; x_wconf 83' lang='lat' dir='ltr'>ae</span> <span class='ocrx_word' id='word_1_244' title='bbox 805 1738 953 1791; x_wconf 89' lang='lat' dir='ltr'>imper</span> <span class='ocrx_word' id='word_1_245' title='bbox 942 1738 1043 1778; x_wconf 86' lang='lat' dir='ltr'>avit.</span> <span class='ocrx_word' id='word_1_246' title='bbox 1083 1736 1208 1787; x_wconf 89' lang='lat' dir='ltr'>Tum,</span> <span class='ocrx_word' id='word_1_247' title='bbox 1230 1738 1260 1762; x_wconf 76' lang='lat'>¹⁹</span> <span class='ocrx_word' id='word_1_248' title='bbox 1276 1751 1361 1792; x_wconf 91' lang='lat' dir='ltr'>quo</span> <span class='ocrx_word' id='word_1_249' title='bbox 1384 1735 1575 1776; x_wconf 79' lang='lat' dir='ltr'>fuerantb</span> 
     </span>
     <span class='ocr_line' id='line_1_30' title="bbox 150 1793 1575 1848; baseline 0 -16"><span class='ocrx_word' id='word_1_250' title='bbox 150 1793 362 1834; x_wconf 83' lang='lat' dir='ltr'>ordinem</span> <span class='ocrx_word' id='word_1_251' title='bbox 397 1795 478 1844; x_wconf 85' lang='lat' dir='ltr'>via,</span> <span class='ocrx_word' id='word_1_252' title='bbox 499 1794 735 1834; x_wconf 75' lang='lat' dir='ltr'>exercitum</span> <span class='ocrx_word' id='word_1_253' title='bbox 766 1809 934 1834; x_wconf 86' lang='lat' dir='ltr'>omnem</span> <span class='ocrx_word' id='word_1_254' title='bbox 969 1794 1098 1848; x_wconf 81' lang='lat' dir='ltr'>longo</span> <span class='ocrx_word' id='word_1_255' title='bbox 1135 1795 1304 1848; x_wconf 79' lang='lat' dir='ltr'>agmine</span> <span class='ocrx_word' id='word_1_256' title='bbox 1338 1793 1575 1833; x_wconf 80' lang='lat' dir='ltr'>circumdat</span> 
     </span>
     <span class='ocr_line' id='line_1_31' title="bbox 150 1847 1572 1906; baseline 0 -17"><span class='ocrx_word' id='word_1_257' title='bbox 150 1847 339 1891; x_wconf 76' lang='lat' dir='ltr'>hostium</span> <span class='ocrx_word' id='word_1_258' title='bbox 361 1851 525 1901; x_wconf 80' lang='lat' dir='ltr'>castris,</span> <span class='ocrx_word' id='word_1_259' title='bbox 547 1861 604 1902; x_wconf 88' lang='lat' dir='ltr'>et,</span> <span class='ocrx_word' id='word_1_260' title='bbox 628 1851 698 1891; x_wconf 89' lang='lat' dir='ltr'>ubi</span> <span class='ocrx_word' id='word_1_261' title='bbox 723 1850 890 1906; x_wconf 76' lang='lat' dir='ltr'>signum</span> <span class='ocrx_word' id='word_1_262' title='bbox 914 1850 1058 1891; x_wconf 70' lang='lat' dir='ltr'>(litum</span> <span class='ocrx_word' id='word_1_263' title='bbox 1083 1851 1150 1900; x_wconf 76' lang='lat' dir='ltr'>sit,</span> <span class='ocrx_word' id='word_1_264' title='bbox 1170 1849 1396 1890; x_wconf 64' lang='lat' dir='ltr'>elamorein</span> <span class='ocrx_word' id='word_1_265' title='bbox 1426 1863 1572 1889; x_wconf 88' lang='lat' dir='ltr'>omnes</span> 
     </span>
     <span class='ocr_line' id='line_1_32' title="bbox 148 1904 1773 1970; baseline -0.001 -24"><span class='ocrx_word' id='word_1_266' title='bbox 148 1906 294 1947; x_wconf 80' lang='lat' dir='ltr'>tolleie</span> <span class='ocrx_word' id='word_1_267' title='bbox 311 1907 451 1970; x_wconf 80' lang='lat' dir='ltr'>jubet.</span> <span class='ocrx_word' id='word_1_268' title='bbox 473 1908 657 1948; x_wconf 81' lang='lat' dir='ltr'>clamore</span> <span class='ocrx_word' id='word_1_269' title='bbox 680 1908 859 1957; x_wconf 80' lang='lat' dir='ltr'>sublato,</span> <span class='ocrx_word' id='word_1_270' title='bbox 882 1918 980 1947; x_wconf 75' lang='lat' dir='ltr'>ante</span> <span class='ocrx_word' id='word_1_271' title='bbox 1003 1922 1046 1946; x_wconf 82' lang='lat' dir='ltr'>se</span> <span class='ocrx_word' id='word_1_272' title='bbox 1066 1921 1278 1961; x_wconf 83' lang='lat' dir='ltr'>quemque</span> <span class='ocrx_word' id='word_1_273' title='bbox 1309 1906 1463 1946; x_wconf 83' lang='lat' dir='ltr'>(lucere</span> <span class='ocrx_word' id='word_1_274' title='bbox 1485 1904 1571 1946; x_wconf 84' lang='lat' dir='ltr'>fos·</span> <span class='ocrx_word' id='word_1_275' title='bbox 1584 1910 1773 1940; x_wconf 68' lang='lat' dir='ltr'>Circumvai-</span> 
     </span>
     <span class='ocr_line' id='line_1_33' title="bbox 149 1954 1773 2018; baseline -0.001 -15"><span class='ocrx_word' id='word_1_276' title='bbox 149 1976 255 2013; x_wconf 85' lang='lat' dir='ltr'>sam,</span> <span class='ocrx_word' id='word_1_277' title='bbox 276 1975 320 2004; x_wconf 82' lang='lat' dir='ltr'>et</span> <span class='ocrx_word' id='word_1_278' title='bbox 334 1978 480 2018; x_wconf 68' lang='lat' dir='ltr'>Jicere.</span> <span class='ocrx_word' id='word_1_279' title='bbox 504 1965 672 2005; x_wconf 87' lang='lat' dir='ltr'>vallum.</span> <span class='ocrx_word' id='word_1_280' title='bbox 719 1963 878 2005; x_wconf 88' lang='lat' dir='ltr'>Edito</span> <span class='ocrx_word' id='word_1_281' title='bbox 869 1964 1063 2018; x_wconf 67' lang='lat' dir='ltr'>imperio,</span> <span class='ocrx_word' id='word_1_282' title='bbox 1086 1965 1253 2018; x_wconf 80' lang='lat' dir='ltr'>signum</span> <span class='ocrx_word' id='word_1_283' title='bbox 1279 1972 1470 2003; x_wconf 85' lang='lat' dir='ltr'>secutum</span> <span class='ocrx_word' id='word_1_284' title='bbox 1493 1972 1571 2003; x_wconf 86' lang='lat' dir='ltr'>est.</span> <span class='ocrx_word' id='word_1_285' title='bbox 1585 1955 1629 1983; x_wconf 77' lang='lat' dir='ltr'>lat</span> <span class='ocrx_word' id='word_1_286' title='bbox 1644 1954 1773 1993; x_wconf 79' lang='lat' dir='ltr'>AEquos.</span> 
     </span>
     <span class='ocr_line' id='line_1_34' title="bbox 146 2018 1575 2076; baseline -0.001 -17"><span class='ocrx_word' id='word_1_287' title='bbox 146 2018 266 2072; x_wconf 82' lang='lat' dir='ltr'>jussa</span> <span class='ocrx_word' id='word_1_288' title='bbox 288 2021 405 2061; x_wconf 88' lang='lat' dir='ltr'>miles</span> <span class='ocrx_word' id='word_1_289' title='bbox 427 2022 691 2076; x_wconf 76' lang='lat' dir='ltr'>exsequitur,</span> <span class='ocrx_word' id='word_1_290' title='bbox 715 2021 873 2061; x_wconf 82' lang='lat' dir='ltr'>clunor</span> <span class='ocrx_word' id='word_1_291' title='bbox 897 2021 1038 2062; x_wconf 83' lang='lat' dir='ltr'>hostes</span> <span class='ocrx_word' id='word_1_292' title='bbox 1061 2022 1360 2060; x_wconf 83' lang='lat' dir='ltr'>ciicumsonat.</span> <span class='ocrx_word' id='word_1_293' title='bbox 1393 2018 1575 2074; x_wconf 83' lang='lat' dir='ltr'>Superat</span> 
     </span>
     <span class='ocr_line' id='line_1_35' title="bbox 151 2075 1576 2131; baseline 0.001 -15"><span class='ocrx_word' id='word_1_294' title='bbox 151 2076 249 2117; x_wconf 89' lang='lat' dir='ltr'>inde</span> <span class='ocrx_word' id='word_1_295' title='bbox 269 2088 407 2118; x_wconf 84' lang='lat' dir='ltr'>castra</span> <span class='ocrx_word' id='word_1_296' title='bbox 429 2078 632 2128; x_wconf 78' lang='lat' dir='ltr'>hostium,</span> <span class='ocrx_word' id='word_1_297' title='bbox 653 2089 696 2118; x_wconf 86' lang='lat' dir='ltr'>et</span> <span class='ocrx_word' id='word_1_298' title='bbox 718 2079 761 2118; x_wconf 89' lang='lat' dir='ltr'>in</span> <span class='ocrx_word' id='word_1_299' title='bbox 784 2088 921 2119; x_wconf 84' lang='lat' dir='ltr'>castra</span> <span class='ocrx_word' id='word_1_300' title='bbox 943 2077 1127 2118; x_wconf 83' lang='lat' dir='ltr'>consulis</span> <span class='ocrx_word' id='word_1_301' title='bbox 1149 2077 1288 2117; x_wconf 85' lang='lat' dir='ltr'>venit:</span> <span class='ocrx_word' id='word_1_302' title='bbox 1320 2075 1421 2116; x_wconf 82' lang='lat' dir='ltr'>alibi</span> <span class='ocrx_word' id='word_1_303' title='bbox 1446 2090 1576 2131; x_wconf 84' lang='lat' dir='ltr'>pavo·</span> 
     </span>
    </p>
   </div>
   <div class='ocr_carea' id='block_1_3' title="bbox 498 2175 1239 2217">
    <p class='ocr_par' dir='ltr' id='par_1_4' title="bbox 498 2175 1239 2217">
     <span class='ocr_line' id='line_1_36' title="bbox 498 2175 1239 2217; baseline 0 -11"><span class='ocrx_word' id='word_1_304' title='bbox 498 2183 592 2217; x_wconf 71' lang='lat' dir='ltr'>¹apto</span> <span class='ocrx_word' id='word_1_305' title='bbox 606 2179 701 2208; x_wconf 86' lang='lat' dir='ltr'>Gron.</span> <span class='ocrx_word' id='word_1_306' title='bbox 716 2179 806 2208; x_wconf 69' lang='lat' dir='ltr'>Crev⁴</span> <span class='ocrx_word' id='word_1_307' title='bbox 998 2175 1129 2216; x_wconf 68' lang='lat' dir='ltr'>bfioerat</span> <span class='ocrx_word' id='word_1_308' title='bbox 1143 2178 1239 2207; x_wconf 82' lang='lat' dir='ltr'>Gron.</span> 
     </span>
    </p>
   </div>
   <div class='ocr_carea' id='block_1_4' title="bbox 147 2263 1598 2868">
    <p class='ocr_par' dir='ltr' id='par_1_5' title="bbox 151 2263 1578 2391">
     <span class='ocr_line' id='line_1_37' title="bbox 197 2263 1577 2305; baseline 0 -11"><span class='ocrx_word' id='word_1_309' title='bbox 197 2265 383 2305; x_wconf 39' lang='lat' dir='ltr'>¹5¹2&amp;aesz</span> <span class='ocrx_word' id='word_1_310' title='bbox 399 2265 555 2304; x_wconf 74' lang='lat' dir='ltr'>stipendia</span> <span class='ocrx_word' id='word_1_311' title='bbox 565 2266 698 2305; x_wconf 73' lang='lat' dir='ltr'>pedibus</span> <span class='ocrx_word' id='word_1_312' title='bbox 713 2287 720 2295; x_wconf 89' lang='lat'><strong>.</strong></span> <span class='ocrx_word' id='word_1_313' title='bbox 740 2287 768 2295; x_wconf 86' lang='lat'>..</span> <span class='ocrx_word' id='word_1_314' title='bbox 783 2265 840 2305; x_wconf 83' lang='lat' dir='ltr'>se-</span> <span class='ocrx_word' id='word_1_315' title='bbox 887 2265 1003 2303; x_wconf 79' lang='lat' dir='ltr'>Itaque</span> <span class='ocrx_word' id='word_1_316' title='bbox 1027 2266 1061 2294; x_wconf 87' lang='lat' dir='ltr'>in</span> <span class='ocrx_word' id='word_1_317' title='bbox 1085 2265 1152 2294; x_wconf 86' lang='lat' dir='ltr'>fine</span> <span class='ocrx_word' id='word_1_318' title='bbox 1174 2263 1300 2305; x_wconf 76' lang='lat' dir='ltr'>periodi</span> <span class='ocrx_word' id='word_1_319' title='bbox 1320 2263 1496 2303; x_wconf 82' lang='lat' dir='ltr'>legendum</span> <span class='ocrx_word' id='word_1_320' title='bbox 1514 2264 1577 2294; x_wconf 80' lang='lat' dir='ltr'>erit</span> 
     </span>
     <span class='ocr_line' id='line_1_38' title="bbox 153 2308 1021 2349; baseline -0.001 -11"><span class='ocrx_word' id='word_1_321' title='bbox 153 2309 255 2349; x_wconf 70' lang='lat' dir='ltr'>nisset]</span> <span class='ocrx_word' id='word_1_322' title='bbox 272 2310 384 2348; x_wconf 60' lang='lat' dir='ltr'>Quum</span> <span class='ocrx_word' id='word_1_323' title='bbox 404 2309 437 2337; x_wconf 86' lang='lat' dir='ltr'>in</span> <span class='ocrx_word' id='word_1_324' title='bbox 454 2308 604 2348; x_wconf 77' lang='lat' dir='ltr'>peditum</span> <span class='ocrx_word' id='word_1_325' title='bbox 624 2319 762 2338; x_wconf 82' lang='lat' dir='ltr'>numero</span> <span class='ocrx_word' id='word_1_326' title='bbox 781 2310 840 2339; x_wconf 85' lang='lat' dir='ltr'>mi-</span> <span class='ocrx_word' id='word_1_327' title='bbox 885 2310 1021 2338; x_wconf 74' lang='lat' dir='ltr'>clueant.</span> 
     </span>
     <span class='ocr_line' id='line_1_39' title="bbox 151 2350 1578 2391; baseline -0.002 -8"><span class='ocrx_word' id='word_1_328' title='bbox 151 2351 294 2383; x_wconf 82' lang='lat' dir='ltr'>litasset.</span> <span class='ocrx_word' id='word_1_329' title='bbox 933 2355 968 2382; x_wconf 78' lang='grc'>18</span> <span class='ocrx_word' id='word_1_330' title='bbox 995 2352 1172 2381; x_wconf 55' lang='lat' dir='ltr'>Pei-venire</span> <span class='ocrx_word' id='word_1_331' title='bbox 1188 2350 1330 2391; x_wconf 76' lang='lat' dir='ltr'>possent]</span> <span class='ocrx_word' id='word_1_332' title='bbox 1356 2350 1484 2389; x_wconf 83' lang='lat' dir='ltr'>Optimi</span> <span class='ocrx_word' id='word_1_333' title='bbox 1505 2361 1578 2390; x_wconf 81' lang='lat' dir='ltr'>pos-</span> 
     </span>
    </p>

    <p class='ocr_par' dir='ltr' id='par_1_6' title="bbox 150 2394 1598 2693">
     <span class='ocr_line' id='line_1_40' title="bbox 204 2394 1576 2434; baseline -0.001 -9"><span class='ocrx_word' id='word_1_334' title='bbox 204 2394 445 2434; x_wconf 50' lang='lat' dir='ltr'>ffifldzttz‘sque</span> <span class='ocrx_word' id='word_1_335' title='bbox 458 2394 624 2434; x_wconf 76' lang='lat' dir='ltr'>duodenis]</span> <span class='ocrx_word' id='word_1_336' title='bbox 650 2394 737 2424; x_wconf 90' lang='lat' dir='ltr'>Valli</span> <span class='ocrx_word' id='word_1_337' title='bbox 761 2401 840 2425; x_wconf 88' lang='lat' dir='ltr'>sunt</span> <span class='ocrx_word' id='word_1_338' title='bbox 884 2400 940 2425; x_wconf 79' lang='lat' dir='ltr'>set.</span> <span class='ocrx_word' id='word_1_339' title='bbox 992 2395 1208 2424; x_wconf 67' lang='lat' dir='ltr'>Sei-{bendum</span> <span class='ocrx_word' id='word_1_340' title='bbox 1249 2395 1412 2432; x_wconf 65' lang='lat' dir='ltr'>perveniri</span> <span class='ocrx_word' id='word_1_341' title='bbox 1459 2398 1576 2432; x_wconf 72' lang='lat' dir='ltr'>posset,</span> 
     </span>
     <span class='ocr_line' id='line_1_41' title="bbox 151 2436 1582 2477; baseline -0.001 -9"><span class='ocrx_word' id='word_1_342' title='bbox 151 2439 234 2469; x_wconf 82' lang='lat' dir='ltr'>rami</span> <span class='ocrx_word' id='word_1_343' title='bbox 251 2439 403 2468; x_wconf 85' lang='lat' dir='ltr'>arborum</span> <span class='ocrx_word' id='word_1_344' title='bbox 420 2439 509 2475; x_wconf 62' lang='lat' dir='ltr'>caesi,</span> <span class='ocrx_word' id='word_1_345' title='bbox 522 2442 561 2468; x_wconf 66' lang='lat' dir='ltr'>ex</span> <span class='ocrx_word' id='word_1_346' title='bbox 578 2439 696 2476; x_wconf 84' lang='lat' dir='ltr'>quibus</span> <span class='ocrx_word' id='word_1_347' title='bbox 707 2438 775 2467; x_wconf 90' lang='lat' dir='ltr'>solo</span> <span class='ocrx_word' id='word_1_348' title='bbox 792 2439 842 2468; x_wconf 86' lang='lat' dir='ltr'>in·</span> <span class='ocrx_word' id='word_1_349' title='bbox 888 2438 974 2477; x_wconf 81' lang='lat' dir='ltr'>quod</span> <span class='ocrx_word' id='word_1_350' title='bbox 996 2448 1034 2467; x_wconf 78' lang='lat' dir='ltr'>ex</span> <span class='ocrx_word' id='word_1_351' title='bbox 1058 2448 1119 2468; x_wconf 86' lang='lat' dir='ltr'>suo</span> <span class='ocrx_word' id='word_1_352' title='bbox 1137 2442 1198 2466; x_wconf 73' lang='lat' dir='ltr'>vet.</span> <span class='ocrx_word' id='word_1_353' title='bbox 1223 2436 1305 2466; x_wconf 82' lang='lat' dir='ltr'>libro</span> <span class='ocrx_word' id='word_1_354' title='bbox 1322 2438 1450 2467; x_wconf 69' lang='lat' dir='ltr'>notavit</span> <span class='ocrx_word' id='word_1_355' title='bbox 1466 2438 1582 2466; x_wconf 80' lang='lat' dir='ltr'>Mure-</span> 
     </span>
     <span class='ocr_line' id='line_1_42' title="bbox 152 2480 1598 2520; baseline -0.002 -8"><span class='ocrx_word' id='word_1_356' title='bbox 152 2482 225 2512; x_wconf 80' lang='lat' dir='ltr'>fixis</span> <span class='ocrx_word' id='word_1_357' title='bbox 249 2488 283 2511; x_wconf 85' lang='lat' dir='ltr'>et</span> <span class='ocrx_word' id='word_1_358' title='bbox 307 2483 394 2511; x_wconf 76' lang='lat' dir='ltr'>inter</span> <span class='ocrx_word' id='word_1_359' title='bbox 409 2491 442 2511; x_wconf 84' lang='lat' dir='ltr'>se</span> <span class='ocrx_word' id='word_1_360' title='bbox 468 2481 637 2520; x_wconf 76' lang='lat' dir='ltr'>implicitis</span> <span class='ocrx_word' id='word_1_361' title='bbox 656 2481 693 2510; x_wconf 84' lang='lat' dir='ltr'>fit</span> <span class='ocrx_word' id='word_1_362' title='bbox 709 2480 843 2510; x_wconf 78' lang='lat' dir='ltr'>vallum.</span> <span class='ocrx_word' id='word_1_363' title='bbox 888 2488 952 2511; x_wconf 80' lang='lat' dir='ltr'>tus.</span> <span class='ocrx_word' id='word_1_364' title='bbox 994 2482 1072 2510; x_wconf 82' lang='lat' dir='ltr'>Haec</span> <span class='ocrx_word' id='word_1_365' title='bbox 1089 2481 1156 2509; x_wconf 68' lang='lat' dir='ltr'>fere</span> <span class='ocrx_word' id='word_1_366' title='bbox 1173 2480 1368 2509; x_wconf 82' lang='lat' dir='ltr'>Gronovius.</span> <span class='ocrx_word' id='word_1_367' title='bbox 1407 2480 1598 2518; x_wconf 78' lang='lat' dir='ltr'>Antiquis-&#39;</span> 
     </span>
     <span class='ocr_line' id='line_1_43' title="bbox 153 2522 1578 2564; baseline -0.001 -9"><span class='ocrx_word' id='word_1_368' title='bbox 153 2525 257 2555; x_wconf 82' lang='lat' dir='ltr'>Leves</span> <span class='ocrx_word' id='word_1_369' title='bbox 281 2535 350 2561; x_wconf 86' lang='lat' dir='ltr'>eos,</span> <span class='ocrx_word' id='word_1_370' title='bbox 368 2531 402 2555; x_wconf 79' lang='lat' dir='ltr'>ct</span> <span class='ocrx_word' id='word_1_371' title='bbox 425 2524 569 2554; x_wconf 67' lang='lat' dir='ltr'>bifurcos</span> <span class='ocrx_word' id='word_1_372' title='bbox 591 2524 776 2564; x_wconf 69' lang='lat' dir='ltr'>plerosque,</span> <span class='ocrx_word' id='word_1_373' title='bbox 794 2523 843 2553; x_wconf 63' lang='lat' dir='ltr'>rel</span> <span class='ocrx_word' id='word_1_374' title='bbox 888 2525 991 2554; x_wconf 81' lang='lat' dir='ltr'>simus</span> <span class='ocrx_word' id='word_1_375' title='bbox 1015 2534 1032 2553; x_wconf 81' lang='lat' dir='ltr'>e</span> <span class='ocrx_word' id='word_1_376' title='bbox 1058 2524 1175 2553; x_wconf 83' lang='lat' dir='ltr'>nostris</span> <span class='ocrx_word' id='word_1_377' title='bbox 1200 2523 1367 2552; x_wconf 67' lang='lat' dir='ltr'>consentit</span> <span class='ocrx_word' id='word_1_378' title='bbox 1391 2533 1467 2552; x_wconf 85' lang='lat' dir='ltr'>cum</span> <span class='ocrx_word' id='word_1_379' title='bbox 1494 2522 1578 2553; x_wconf 85' lang='lat' dir='ltr'>libro</span> 
     </span>
     <span class='ocr_line' id='line_1_44' title="bbox 151 2565 1577 2607; baseline -0.002 -9"><span class='ocrx_word' id='word_1_380' title='bbox 151 2569 266 2606; x_wconf 77' lang='lat' dir='ltr'>trium,</span> <span class='ocrx_word' id='word_1_381' title='bbox 283 2573 354 2605; x_wconf 83' lang='lat' dir='ltr'>aut,</span> <span class='ocrx_word' id='word_1_382' title='bbox 366 2578 470 2607; x_wconf 82' lang='lat' dir='ltr'>quum</span> <span class='ocrx_word' id='word_1_383' title='bbox 496 2568 690 2607; x_wconf 79' lang='lat' dir='ltr'>plurimum,</span> <span class='ocrx_word' id='word_1_384' title='bbox 702 2574 845 2605; x_wconf 80' lang='lat' dir='ltr'>quatuor</span> <span class='ocrx_word' id='word_1_385' title='bbox 887 2567 1027 2602; x_wconf 71' lang='lat' dir='ltr'>Mureti,</span> <span class='ocrx_word' id='word_1_386' title='bbox 1053 2567 1117 2598; x_wconf 76' lang='lat' dir='ltr'>nisi</span> <span class='ocrx_word' id='word_1_387' title='bbox 1144 2566 1235 2604; x_wconf 82' lang='lat' dir='ltr'>quod</span> <span class='ocrx_word' id='word_1_388' title='bbox 1264 2565 1419 2596; x_wconf 72' lang='lat' dir='ltr'>ultimum</span> <span class='ocrx_word' id='word_1_389' title='bbox 1449 2567 1460 2596; x_wconf 84' lang='lat' dir='ltr'>i</span> <span class='ocrx_word' id='word_1_390' title='bbox 1490 2567 1577 2596; x_wconf 77' lang='lat' dir='ltr'>vocis</span> 
     </span>
     <span class='ocr_line' id='line_1_45' title="bbox 151 2608 1438 2650; baseline -0.002 -9"><span class='ocrx_word' id='word_1_391' title='bbox 151 2620 318 2644; x_wconf 71' lang='lat' dir='ltr'>tamor-um</span> <span class='ocrx_word' id='word_1_392' title='bbox 337 2611 508 2641; x_wconf 74' lang='lat' dir='ltr'>caedebant</span> <span class='ocrx_word' id='word_1_393' title='bbox 522 2611 676 2648; x_wconf 77' lang='lat' dir='ltr'>Romani,</span> <span class='ocrx_word' id='word_1_394' title='bbox 693 2616 777 2640; x_wconf 76' lang='lat' dir='ltr'>teste</span> <span class='ocrx_word' id='word_1_395' title='bbox 793 2611 843 2650; x_wconf 77' lang='lat' dir='ltr'>ip·</span> <span class='ocrx_word' id='word_1_396' title='bbox 880 2612 1046 2650; x_wconf 65' lang='lat' dir='ltr'>perc-eniri</span> <span class='ocrx_word' id='word_1_397' title='bbox 1063 2618 1112 2638; x_wconf 82' lang='lat' dir='ltr'>est</span> <span class='ocrx_word' id='word_1_398' title='bbox 1129 2619 1147 2638; x_wconf 89' lang='lat' dir='ltr'>a</span> <span class='ocrx_word' id='word_1_399' title='bbox 1165 2608 1310 2638; x_wconf 77' lang='lat' dir='ltr'>secunda</span> <span class='ocrx_word' id='word_1_400' title='bbox 1325 2618 1438 2639; x_wconf 87' lang='lat' dir='ltr'>manu.</span> 
     </span>
     <span class='ocr_line' id='line_1_46' title="bbox 150 2650 1578 2693; baseline -0.002 -8"><span class='ocrx_word' id='word_1_401' title='bbox 150 2664 186 2685; x_wconf 73' lang='lat' dir='ltr'>so</span> <span class='ocrx_word' id='word_1_402' title='bbox 203 2654 308 2689; x_wconf 80' lang='lat' dir='ltr'>Livio,</span> <span class='ocrx_word' id='word_1_403' title='bbox 325 2653 487 2684; x_wconf 79' lang='lat' dir='ltr'>xxxlu.</span> <span class='ocrx_word' id='word_1_404' title='bbox 506 2658 535 2684; x_wconf 77' lang='lat'>5.</span> <span class='ocrx_word' id='word_1_405' title='bbox 935 2656 970 2686; x_wconf 72' lang='lat'>19</span> <span class='ocrx_word' id='word_1_406' title='bbox 993 2652 1215 2693; x_wconf 36' lang='lat' dir='ltr'>„Quo-literam</span> <span class='ocrx_word' id='word_1_407' title='bbox 1231 2653 1354 2692; x_wconf 77' lang='lat' dir='ltr'>ordine]</span> <span class='ocrx_word' id='word_1_408' title='bbox 1374 2651 1480 2691; x_wconf 84' lang='lat' dir='ltr'>Vulgo</span> <span class='ocrx_word' id='word_1_409' title='bbox 1491 2650 1578 2692; x_wconf 81' lang='lat' dir='ltr'>fue-</span> 
     </span>
    </p>

    <p class='ocr_par' dir='ltr' id='par_1_7' title="bbox 147 2695 1582 2868">
     <span class='ocr_line' id='line_1_47' title="bbox 199 2695 1582 2736; baseline -0.004 -7"><span class='ocrx_word' id='word_1_410' title='bbox 199 2701 232 2731; x_wconf 79' lang='lat'>17</span> <span class='ocrx_word' id='word_1_411' title='bbox 259 2698 336 2728; x_wconf 67' lang='lat' dir='ltr'>AVon</span> <span class='ocrx_word' id='word_1_412' title='bbox 359 2698 466 2727; x_wconf 77' lang='lat' dir='ltr'>itineri</span> <span class='ocrx_word' id='word_1_413' title='bbox 484 2698 589 2736; x_wconf 69' lang='lat' dir='ltr'>magis</span> <span class='ocrx_word' id='word_1_414' title='bbox 605 2695 690 2736; x_wconf 77' lang='lat' dir='ltr'>apto]</span> <span class='ocrx_word' id='word_1_415' title='bbox 717 2696 844 2727; x_wconf 74' lang='lat' dir='ltr'>Andre·</span> <span class='ocrx_word' id='word_1_416' title='bbox 886 2701 952 2726; x_wconf 76' lang='lat' dir='ltr'>rat.</span> <span class='ocrx_word' id='word_1_417' title='bbox 977 2696 1040 2725; x_wconf 76' lang='lat' dir='ltr'>Sed</span> <span class='ocrx_word' id='word_1_418' title='bbox 1052 2695 1139 2733; x_wconf 78' lang='lat' dir='ltr'>quod</span> <span class='ocrx_word' id='word_1_419' title='bbox 1152 2695 1329 2733; x_wconf 80' lang='lat' dir='ltr'>edidimus,</span> <span class='ocrx_word' id='word_1_420' title='bbox 1342 2701 1461 2725; x_wconf 81' lang='lat' dir='ltr'>tenent</span> <span class='ocrx_word' id='word_1_421' title='bbox 1475 2696 1582 2734; x_wconf 84' lang='lat' dir='ltr'>scrip-</span> 
     </span>
     <span class='ocr_line' id='line_1_48' title="bbox 152 2738 1577 2780; baseline -0.002 -10"><span class='ocrx_word' id='word_1_422' title='bbox 152 2750 202 2777; x_wconf 78' lang='lat' dir='ltr'>aS,</span> <span class='ocrx_word' id='word_1_423' title='bbox 218 2740 546 2780; x_wconf 72' lang='lat' dir='ltr'>Campanus,p1ures</span> <span class='ocrx_word' id='word_1_424' title='bbox 561 2740 656 2770; x_wconf 84' lang='lat' dir='ltr'><strong>MSS.</strong></span> <span class='ocrx_word' id='word_1_425' title='bbox 672 2746 744 2770; x_wconf 84' lang='lat' dir='ltr'>tum</span> <span class='ocrx_word' id='word_1_426' title='bbox 763 2740 844 2769; x_wconf 85' lang='lat' dir='ltr'>Gro-</span> <span class='ocrx_word' id='word_1_427' title='bbox 888 2740 914 2769; x_wconf 78' lang='lat' dir='ltr'>ti</span> <span class='ocrx_word' id='word_1_428' title='bbox 944 2748 1026 2777; x_wconf 82' lang='lat' dir='ltr'>quos</span> <span class='ocrx_word' id='word_1_429' title='bbox 1055 2740 1199 2768; x_wconf 75' lang='lat' dir='ltr'>excussit</span> <span class='ocrx_word' id='word_1_430' title='bbox 1229 2738 1414 2769; x_wconf 84' lang='lat' dir='ltr'>Gronovius</span> <span class='ocrx_word' id='word_1_431' title='bbox 1446 2739 1577 2778; x_wconf 82' lang='lat' dir='ltr'>optimi,</span> 
     </span>
     <span class='ocr_line' id='line_1_49' title="bbox 152 2781 1580 2822; baseline -0.002 -8"><span class='ocrx_word' id='word_1_432' title='bbox 152 2783 253 2819; x_wconf 80' lang='lat' dir='ltr'>novii‚</span> <span class='ocrx_word' id='word_1_433' title='bbox 266 2790 341 2814; x_wconf 86' lang='lat' dir='ltr'>tum</span> <span class='ocrx_word' id='word_1_434' title='bbox 360 2783 511 2820; x_wconf 82' lang='lat' dir='ltr'>Hearnii,</span> <span class='ocrx_word' id='word_1_435' title='bbox 525 2789 559 2814; x_wconf 81' lang='lat' dir='ltr'>et</span> <span class='ocrx_word' id='word_1_436' title='bbox 575 2784 720 2822; x_wconf 72' lang='lat' dir='ltr'>quinque</span> <span class='ocrx_word' id='word_1_437' title='bbox 739 2793 755 2812; x_wconf 84' lang='lat' dir='ltr'>e</span> <span class='ocrx_word' id='word_1_438' title='bbox 774 2793 847 2813; x_wconf 86' lang='lat' dir='ltr'>nos-</span> <span class='ocrx_word' id='word_1_439' title='bbox 891 2783 994 2813; x_wconf 85' lang='lat' dir='ltr'>nostri</span> <span class='ocrx_word' id='word_1_440' title='bbox 1011 2791 1137 2819; x_wconf 64' lang='lat' dir='ltr'>omnes,</span> <span class='ocrx_word' id='word_1_441' title='bbox 1151 2781 1353 2820; x_wconf 75' lang='lat' dir='ltr'>Campanus,</span> <span class='ocrx_word' id='word_1_442' title='bbox 1369 2782 1528 2819; x_wconf 65' lang='lat' dir='ltr'>Andreas,</span> <span class='ocrx_word' id='word_1_443' title='bbox 1545 2788 1580 2811; x_wconf 85' lang='lat' dir='ltr'>et</span> 
     </span>
     <span class='ocr_line' id='line_1_50' title="bbox 147 2825 1290 2868; baseline -0.001 -11"><span class='ocrx_word' id='word_1_444' title='bbox 147 2827 208 2857; x_wconf 52' lang='lat' dir='ltr'>his</span> <span class='ocrx_word' id='word_1_445' title='bbox 225 2826 346 2858; x_wconf 77' lang='lat' dir='ltr'>habent</span> <span class='ocrx_word' id='word_1_446' title='bbox 359 2828 448 2868; x_wconf 80' lang='lat' dir='ltr'>apli.-</span> <span class='ocrx_word' id='word_1_447' title='bbox 466 2827 554 2866; x_wconf 85' lang='lat' dir='ltr'>quod</span> <span class='ocrx_word' id='word_1_448' title='bbox 571 2826 689 2859; x_wconf 76' lang='lat' dir='ltr'>melius</span> <span class='ocrx_word' id='word_1_449' title='bbox 707 2827 846 2857; x_wconf 81' lang='lat' dir='ltr'>videtur.</span> <span class='ocrx_word' id='word_1_450' title='bbox 894 2835 980 2856; x_wconf 85' lang='lat' dir='ltr'>unus</span> <span class='ocrx_word' id='word_1_451' title='bbox 997 2834 1014 2853; x_wconf 92' lang='lat' dir='ltr'>e</span> <span class='ocrx_word' id='word_1_452' title='bbox 1032 2825 1124 2856; x_wconf 68' lang='lat' dir='ltr'><strong>MSS.</strong></span> <span class='ocrx_word' id='word_1_453' title='bbox 1142 2825 1290 2856; x_wconf 82' lang='lat' dir='ltr'>Hearnii.</span> 
     </span>
    </p>
   </div>
   <div class='ocr_carea' id='block_1_5' title="bbox 942 2873 1021 2909">
    <p class='ocr_par' dir='ltr' id='par_1_8' title="bbox 942 2873 1021 2909">
     <span class='ocr_line' id='line_1_51' title="bbox 942 2873 1021 2909; baseline 0 0"><span class='ocrx_word' id='word_1_454' title='bbox 942 2873 1021 2909; x_wconf 75' lang='grc' dir='ltr'>ΝΒ</span> 
     </span>
    </p>
   </div>
  </div>
 </body>
</html>
