1991 3250
385 113 464 148 300
933 113 1071 151 T1T1
1108 114 1284 152 lell
1327 159 1334 165 ,

180 214 220 248 U.
238 214 275 243 C
293 216 329 245 35
325 218 367 246 3.
392 209 521 251 Veios
543 224 769 253 accessere
829 211 956 253 Forte
977 226 1026 253 ea
1052 213 1239 268 regione,
1262 225 1346 267 qua
1377 211 1457 254 Μ’.
1481 212 1652 269 Sergius
1683 214 1818 255 tribu-

179 255 218 287 Α·
236 257 272 288 c·
289 261 362 292 399.
392 280 472 307 nus
493 267 675 309 militum
700 278 892 332 praeerat,
913 279 1052 310 castra
1072 270 1206 310 adorti
1229 279 1339 319 sunt,
1361 269 1663 324 ingentemque
1687 279 1819 311 terro-

391 338 479 364 rem
502 323 703 365 intulere·
695 325 830 379 ‚quia
852 324 1063 366 Etruriam
1085 340 1253 366 omnem
1270 326 1455 366 excitam
1472 326 1644 366 sedibus
1665 339 1819 381 magna

391 381 502 421 mole
524 381 668 421 adesse
695 357 879 422 'Romani
899 382 1175 422 crediderant.
1199 382 1344 422 eadem
1377 382 1524 436 opinio
1549 359 1762 422 Veientes
1775 383 1819 423 in

392 438 495 477 urbe
526 438 774 478 concitavit.
835 437 902 478 Ita
938 438 1113 492 ancipiti
1147 438 1301 493 proelio
1331 449 1468 487 castra
1500 438 1724 479 Romana¹‘
1744 439 1822 479 ob-

395 495 722 548 pugnabantur3
752 504 1152 548 concursantesque,
1173 509 1300 549 quum
1325 495 1408 536 huc
1431 506 1560 549 atque
1580 495 1678 535 illuc
1699 495 1821 549 signa

394 549 683 600 transferrent,
706 565 784 590 nec
808 550 1028 590 Veientem
1062 552 1163 590 satis
1194 551 1394 591 cohibere
1418 551 1528 591 intra
1548 552 1822 602 munitiones,

394 619 472 647 nec
489 607 574 647 suis
595 607 867 647 munimentis
885 620 1027 646 arcere
1043 607 1208 656 vim,ac
1231 609 1333 648 tueri
1357 622 1400 648 se
1420 609 1474 648 ab
1495 609 1706 648 exteriore
1728 616 1823 663 pot-

391 672 514 702 erant
545 663 680 703 hoste.
710 677 794 703 una
817 676 911 717 spes
933 674 1036 712 erat,
1060 663 1092 702 si
1116 677 1168 703 ex
1193 664 1426 718 majoribus
1448 664 1594 704 castris
1620 664 1820 704 subveni-

393 731 521 767 retur,
545 729 590 758 ut
611 719 787 760 diveisae
810 719 1012 774 legiones,
1030 719 1124 760 aliae
1145 719 1344 760 adversus
1369 721 1628 775 Capenatem
1662 735 1711 760 ac
1744 720 1823 760 Fa-

393 775 560 825 liscum,
592 775 685 816 aliae
727 784 877 816 contra
907 776 1172 830 eruptionem
1214 777 1526 840 oppidanorum
1569 787 1825 840 pugnarent.

395 831 477 871 Sed
520 832 668 872 castris
709 841 888 888 praeerat
933 831 1168 888 Virginius,
1212 833 1408 888 privatim
1459 834 1610 888 Sergio
1661 834 1822 874 inusus

394 887 674 951 infestusque
696 889 729 928 is
734 903 887 952 ‚quum
914 876 1109 943 pleraque
1131 888 1302 929 castella
1322 890 1584 944 obpugnata,
1609 898 1823 944 superatas

396 945 669 995 munitiones,
700 947 913 1008 utrimque
944 946 1085 985 invehi
1120 945 1283 986 hostem
1316 948 1600 996 nunciaretur,
1624 961 1664 986 in
1696 945 1824 986 armis

397 1001 552 1041 milites
576 1002 736 1042 tenuit·
770 1016 801 1041 si
827 1017 932 1056 opus
966 1001 1073 1042 toret
1103 1001 1281 1052 auxilio,
1304 1002 1508 1057 collegam
1541 1002 1742 1042 dictitans
1773 1002 1826 1042 ad

397 1070 442 1097 se
465 1061 702 1098 missurum.
756 1057 900 1112 Hujus
922 1058 1214 1113 adrogantiam
1240 1059 1471 1114 pertinacia
1490 1058 1659 1099 alterius
1683 1073 1826 1113 aequa-

399 1115 498 1164 bat3
529 1115 615 1170 qui,
639 1129 690 1154 ne
711 1129 835 1178 quam
859 1129 982 1169 opem
1007 1117 1061 1155 ab
1089 1115 1265 1155 inimico
1286 1115 1498 1156 videretur
1521 1116 1688 1179 petisse,
1713 1114 1823 1155 vinci

400 1172 454 1211 ab
479 1171 614 1220 hoste,
636 1185 763 1226 quam
789 1172 956 1212 vincere
989 1185 1062 1226 per
1089 1172 1245 1221 civem,
1267 1171 1430 1212 maluit.
1491 1171 1577 1212 Diu
1613 1172 1654 1211 in
1687 1172 1827 1212 medio

399 1228 499 1268 caesi
533 1229 711 1279 milites,
743 1238 972 1283 postremo,
1003 1228 1178 1268 desertis
1209 1228 1530 1292 munitionibus,
1554 1228 1749 1283 perpauci
1782 1228 1830 1281 in*

400 1284 564 1338 maiora
593 1261 743 1334 castrii,
776 1298 869 1338 pars
901 1285 1089 1325 maxima
1128 1295 1256 1339 atque
1297 1286 1386 1340 ipse
1428 1285 1599 1340 Sergius
1643 1284 1825 1325 Romam

400 1341 714 1395 pertendet-,unt
739 1341 809 1381 ubi
834 1355 963 1395 quum
994 1355 1162 1382 omnem
1188 1341 1360 1405 culpam
1394 1341 1436 1381 in
1467 1342 1673 1396 collegam
1707 1341 1828 1381 incli-

402 1407 532 1448 naret,
554 1397 684 1439 adciri
715 1397 962 1461 Virginium.
988 1412 1041 1438 ex
1073 1399 1235 1447 castris,
1266 1400 1426 1438 interea
1457 1411 1636 1453 praeesse
1664 1397 1828 1453 legatos

399 1453 573 1509 placuit.
630 1453 695 1495 Α(
701 1464 742 1494 ta
770 1454 923 1494 deinde
953 1469 994 1494 in
1029 1464 1174 1495 senatu
1206 1468 1269 1495 ies
1299 1464 1376 1504 est,
1397 1463 1690 1508 certatumque
1720 1456 1828 1494 inter

399 1511 585 1566 collegas
624 1511 878 1552 maledictis.
918 1513 950 1534 2⁵
967 1511 1099 1575 pauci·
1132 1511 1394 1566 reipublicae,
1437 1510 1536 1551 liuic
1585 1520 1712 1564 atque
1754 1510 1830 1561 illi,

403 1577 450 1608 ut
489 1582 681 1623 quosque
721 1567 906 1608 studium
949 1568 1146 1623 privatim
1197 1577 1271 1608 aut
1321 1582 1384 1623 gi
1373 1572 1457 1608 itia
1496 1577 1830 1623 occupaverunt,

402 1624 571 1665 adsunt.

191 1681 247 1712 Tr.
256 1682 325 1711 Mil.
336 1691 392 1711 ²⁰·
411 1716 421 1728 „
462 1681 549 1731 [Χ
582 1680 795 1721 Primores
819 1679 1009 1730 Patrum,
1032 1680 1120 1720 sive
1141 1678 1267 1735 culpa
1297 1680 1385 1720 sive
1415 1679 1665 1719 infelicitate
1697 1678 1829 1734 impe-

191 1729 381 1797 ἑξζῑᾜῇἶζε
405 1746 590 1778 ratorum
622 1746 707 1777 tam
740 1737 1028 1791 ignominiosa
1066 1737 1205 1777 clades
1243 1746 1420 1776 accepta
1460 1746 1582 1785 esset,
1614 1749 1829 1785 censuere,

193 1816 356 1849 coguntur
406 1793 503 1835 Non
524 1793 822 1849 exspectandum
834 1794 993 1849 justum
1012 1800 1161 1848 tempus
1184 1792 1445 1842 comitiorum,
1466 1792 1530 1833 sed
1549 1767 1737 1845 eitemplo
1759 1806 1830 1832 no-

403 1865 471 1891 ‘cos
493 1850 674 1892 tribunos
698 1849 877 1890 militum
907 1849 1095 1891 creandos
1124 1864 1212 1898 esse,
1234 1850 1303 1904 qui
1337 1848 1532 1889 Kalendis
1567 1846 1831 1888 Octobribus·

402 1908 684 1963 magistratum
703 1906 934 1960 occipereut.
995 1905 1044 1947 In
1077 1920 1202 1961 quun
1234 1906 1482 1946 sententiam
1507 1919 1636 1959 quum
1667 1911 1698 1930 “-’
1715 1905 1833 1960 pedi-

399 1965 484 2005 bus
525 1964 670 2014 iretur,
701 1963 829 2004 ceteri
871 1963 1029 2004 tribuni
1074 1962 1257 2003 militum
1299 1962 1404 2002 nihil
1446 1961 1750 2002 contradicere
1787 1970 1832 2001 at

403 2021 621 2063 enimvero
645 1995 819 2082 Sergius
841 2019 1160 2075 Virginiusque,
1183 2029 1354 2074 propter
1372 2033 1477 2072 quos
1500 2019 1711 2081 poenitere
1743 2031 1831 2058 ma-

406 2078 661 2141 gistratuum
695 2090 788 2131 ejus
819 2077 916 2117 anni
949 2087 1139 2116 senatum
1172 2077 1414 2130 adparebat,
1448 2089 1584 2129 primo
1614 2073 1839 2129 deprecari

405 2136 703 2189 ignominiam,
725 2133 878 2173 deinde
903 2133 1160 2173 intercedere
1183 2131 1573 2173 senatusconsulto:
1598 2145 1766 2187 negare,
1787 2145 1831 2171 se

406 2201 506 2231 ante
544 2189 645 2230 Idus
688 2189 961 2239 Decembres,
992 2189 1235 2230 sollemnem
1279 2189 1470 2228 ineundis
1513 2174 1830 2242 magistratibus

407 2247 536 2310 diem,
557 2246 718 2287 honore
739 2245 928 2286 abituros
949 2260 1052 2286 esse.
1095 2245 1212 2286 Inter
1230 2245 1322 2286 hac
1346 2245 1503 2285 tribuni
1526 2244 1676 2299 plebis,
1698 2257 1828 2308 quum

409 2304 451 2344 in
473 2303 703 2344 concordia
726 2301 946 2343 hominum
969 2303 1247 2356 secundisque
1270 2302 1392 2342 rebus
1414 2302 1527 2342 cinit·
1521 2301 1598 2341 itis
1624 2300 1743 2340 inviti
1775 2299 1830 2339 si-

408 2359 584 2400 lentium
610 2360 858 2406 tenuissent,
880 2358 1042 2399 feroces
1067 2370 1238 2413 repente
1258 2358 1405 2398 minari
1431 2358 1610 2398 tribunis
1636 2356 1832 2405 militum,

407 2417 489 2457 nisi
524 2417 566 2456 in
600 2415 854 2456 auctoritate
886 2426 1054 2455 senatus
1086 2425 1239 2466 essent,
1268 2430 1311 2455 se
1346 2416 1388 2455 in
1423 2413 1591 2454 vincula
1624 2427 1696 2453 eos
1732 2412 1831 2453 duci

666 2527 682 2542 ¹¹
705 2523 846 2551 Romana
860 2521 918 2550 dcl.
933 2523 1027 2551 Grun.
1045 2523 1132 2551 (rer.
1305 2527 1318 2542 ⁰
1343 2521 1478 2551 Octobris
1491 2523 1579 2550 Crexa

454 2611 495 2640 26
521 2609 627 2639 Pauci
650 2608 845 2649 reipublic-⁶¹¹]
884 2608 995 2642 Ρίιιοί,
1019 2607 1098 2644 quid
1186 2607 1253 2640 ⁸27*
1267 2606 1404 2636 Pedibus
1420 2605 1539 2644 iretur]
1567 2604 1596 2634 Is
1619 2611 1753 2635 senator
1775 2615 1830 2644 pe-

412 2653 544 2693 publica
567 2654 694 2682 utilitas
718 2652 839 2692 postu!
829 2659 876 2687 v,t
902 2652 1095 2680 intmntur:
1144 2649 1237 2679 (libus
1256 2650 1322 2679 ibat
1340 2650 1371 2678 in
1389 2648 1530 2687 aliquam
1548 2649 1761 2691 sententiam,
1775 2649 1829 2687 qui

412 2695 559 2737 plerique
583 2696 661 2725 huic
685 2700 782 2734 atquc
800 2695 875 2724 illis
876 2698 985 2730 Quint
1003 2699 1099 2732 prout
1147 2702 1210 2722 non
1230 2702 1305 2721 voce
1329 2696 1387 2722 aut
1412 2692 1561 2721 oratione
1587 2691 1665 2730 quid
1691 2692 1831 2722 sentiret
1864 2716 1867 2719 .

412 2748 576 2788 quemque
594 2748 774 2778 propensus
790 2739 822 2767 in
839 2738 925 2766 liunt·
942 2737 990 2766 vel
1008 2736 1101 2766 illum
1146 2735 1342 2774 exponebat,
1374 2734 1429 2764 sed
1465 2735 1534 2764 solu
1571 2734 1690 2773 pedum
1724 2741 1831 2772 motu,

415 2782 569 2822 privatim
586 2791 678 2812 arnor
699 2787 758 2811 aut
774 2791 820 2820 gr
814 2781 878 2810 .;ιῐὶι
896 2791 913 2820 p
919 2789 1066 2819 raeocctq
1070 2790 1102 2809 a·
1145 2777 1346 2808 transeundo
1374 2777 1500 2807 svium-t
1529 2779 1560 2806 in
1589 2777 1672 2806 hanc
1699 2777 1830 2808 illamve

392 2848 394 2850 .
413 2831 545 2855 verunt.
1147 2827 1286 2860 partem.
1330 2820 1403 2851 vid.
1419 2828 1488 2851 not.
1504 2823 1556 2852 el.
1572 2821 1612 2851 :ul
1630 2820 1689 2852 111.
1707 2823 1759 2851 41.
