1969 3239
632 108 700 147 LI
717 107 760 145 B.
788 107 857 145 IV.
894 107 1026 145 CAP.
1055 107 1144 145 VII.
1523 111 1606 152 237

175 206 341 263 aiiquid
375 207 577 250 seditiose
607 208 792 257 dixerat,
814 216 888 248 aut
921 207 1093 258 fecerat,
1114 211 1290 263 ”quam
1320 208 1509 250 maxime
1542 211 1614 251 tri·
1628 221 1670 252 U.
1688 220 1724 251 C.
1743 223 1817 252 310.

186 265 367 316 bunion,
388 277 431 306 et
454 277 654 322 prensare
683 264 895 314 homines,
916 275 960 304 et
990 278 1245 306 concursare
1278 274 1369 305 toto
1401 266 1494 306 foro
1516 265 1666 308 can-A·
1685 265 1721 295 C.
1738 267 1812 296 ⁴⁴5·

178 321 316 363 didati
337 337 537 377 coepere:
560 333 608 362 ut
630 322 832 377 patricios
854 321 1095 377 desperatio
1120 322 1271 376 primo,
1291 322 1456 363 irritata
1480 322 1617 378 plebe,

179 379 450 435 adipiscendi
475 379 662 429 honoris,
684 378 840 419 deinde
864 379 1120 434 indignatio,
1144 379 1176 419 si
1199 393 1298 419 cum
1321 378 1386 419 his
1411 380 1617 434 gerendus

158 446 291 478 ⁸esset
316 436 465 487 honos,
481 436 728 477 deterreret.
752 444 969 491 postremo
991 436 1130 476 coacti
1151 445 1292 476 tamen
1314 450 1341 475 a
1363 437 1619 491 primoribus

178 493 357 548 petiere,
381 507 432 533 ne
453 493 631 534 cessisse
659 492 929 547 possessione
960 493 1209 548 reipublicae
1242 492 1502 534 viderentur.
1563 492 1620 534 E-

178 560 330 591 ventus
351 564 499 590 eorum
522 550 801 590 comitiorum
836 550 1001 600 docuit,
1024 550 1128 590 alios
1162 550 1329 590 animos
1363 550 1406 590 in
1440 558 1620 592 conten-

183 607 302 648 tione
323 607 535 648 libertatis
553 606 879 661 dignitatisque,
901 606 1022 656 alios,
1045 608 1281 648 secundum
1311 607 1509 662 deposita
1529 621 1620 649 cer-

191 665 367 714 tamina,
390 663 640 719 incorrupto
663 663 832 718 judicio
856 678 972 705 esse:
1005 665 1199 705 tribunos
1229 664 1341 705 euim
1373 678 1523 705 omnes
1546 678 1619 719 pa·
1634 691 1725 722 U.C.
1743 694 1816 724 3¹1⁴

195 721 342 763 tric-ios
374 720 537 761 creavit
568 720 768 775 populuS,
797 730 1028 762 contentus
1065 735 1132 771 eo,
1148 724 1181 745 ³⁸
1195 722 1308 776 quod
1333 722 1441 762 ratio
1472 721 1811 767 habitarem-141.

190 777 440 833 pebeiorum
460 788 587 818 esset.
649 777 777 819 Hanc
802 778 1054 819 modestiam
1087 778 1422 833 aequitatemque
1452 788 1495 819 et
1525 778 1621 819 alti-

188 834 382 875 tudinem
400 834 535 876 animi
555 835 630 876 ubi
654 840 768 876 nu‘nc
791 835 832 876 in
857 849 943 876 uno
965 835 1194 886 inveneris,
1212 849 1308 890 quae
1332 844 1451 876 ῐιιιῙιΒ
1472 835 1622 892 populi

189 891 375 932 universi
398 892 512 933 fuit?

238 947 341 990 VH.
381 953 415 977 ³⁹
434 948 564 989 Anno
607 948 909 990 trecentesimo
946 948 1133 999 decimo,
1167 963 1297 1004 quam
1341 950 1441 990 urbs
1481 949 1624 990 Roma

180 1005 359 1046 condita
386 1015 493 1056 erat,
523 1005 705 1061 primum
739 1006 899 1047 tribuni
931 1006 1116 1047 militum
1150 1020 1226 1062 pro
1258 1006 1502 1047 consulibus
1533 1021 1624 1048 ma-

179 1061 405 1117 gistratum
438 1063 600 1114 ineunt,
626 1062 678 1104 A.
712 1062 991 1118 Sempronius
1022 1063 1261 1113 Atratinus,
1296 1063 1342 1104 L.
1374 1062 1548 1115 Atilius,
1571 1063 1623 1105 T.
1637 1070 1676 1118 A·-
1694 1069 1838 1107 Sempm-

181 1119 412 1171 Caecilius3
455 1135 637 1175 quorum
678 1120 719 1160 in
758 1120 1012 1176 magistratu
1046 1121 1281 1161 concordia
1317 1121 1435 1161 domi
1473 1114 1824 1186 Pacem‘ssroissffcim

179 1176 312 1217 etiam
345 1176 448 1217 foris
482 1177 681 1232 praebuit.
743 1177 867 1227 Sunt,
890 1177 968 1232 qui
999 1189 1174 1233 propter
1208 1177 1425 1232 adjectum
1459 1178 1626 1233 AEquo-
1740 1179 1774 1186 ‘⁴
1830 1178 1834 1183 ’

183 1247 276 1274 rum
317 1233 659 1289 Volscorumque
692 1234 804 1275 bello
837 1244 881 1275 et
913 1234 1164 1275 Ardeatium
1199 1234 1433 1276 defectioni
1470 1235 1626 1276 Veiens

182 1290 357 1341 bellum,
380 1291 482 1346 quia
509 1291 596 1332 duo
626 1291 821 1332 consules
845 1291 963 1332 obire
995 1301 1060 1332 tot
1090 1292 1215 1332 simul
1246 1291 1355 1332 belia
1386 1293 1626 1347 nequirent,

185 1347 383 1388 tribunos
420 1348 606 1389 militum
640 1359 723 1389 tres
758 1359 924 1390 creatos
958 1348 1121 1399 dicant,
1151 1349 1242 1390 siue
1274 1349 1493 1390 mentione
1529 1364 1629 1405 pro-

185 1403 389 1459 mulgatae
420 1404 526 1460 legis
548 1405 601 1446 de
625 1405 872 1446 oonsulibus
902 1406 1096 1447 creandis
1126 1420 1180 1447 ex
1212 1406 1350 1461 plebe,
1373 1415 1416 1446 et
1447 1407 1628 1462 imperio

188 1471 233 1502 et
264 1460 505 1516 insignibus
536 1462 832 1503 consularibus
863 1477 975 1503 usos.
1036 1462 1135 1503 Non
1170 1472 1312 1504 tamen
1351 1477 1428 1518 pro
1460 1464 1630 1505 firmato

179 1518 275 1573 jam
309 1518 430 1558 stetit
459 1520 735 1574 magistratus
765 1519 858 1574 ejus
882 1519 982 1574 jus;
1020 1521 1123 1574 quia
1153 1521 1280 1561 tertio
1310 1534 1470 1572 mense,
1500 1535 1628 1576 quam

186 1575 389 1626 inierunt,
418 1590 629 1631 augurum
661 1576 847 1626 decreto,
873 1576 1047 1631 perinde
1077 1592 1126 1617 ac
1158 1577 1264 1618 vitio
1294 1579 1441 1628 creati,
1469 1578 1631 1619 honore

185 1631 354 1683 abiere3
385 1633 502 1687 quod
525 1632 577 1673 C.
603 1632 793 1683 Curtius,
813 1635 887 1688 qui
909 1633 1098 1674 comitiis
1120 1648 1266 1675 eorum
1290 1634 1535 1689 praefuerat,
1557 1649 1632 1689 pa-

189 1701 283 1730 rum
305 1698 419 1729 recte
447 1692 480 1712 ‘³⁰
494 1690 818 1731 tabernaculum
847 1690 1049 1746 cepisset.
1110 1690 1261 1747 Legati
1292 1692 1348 1733 ab
1369 1691 1510 1735 Ardea
1542 1692 1631 1733 Ro-

782 1796 857 1821 tm
871 1792 969 1821 Gron.
986 1791 1077 1821 Crev.

189 1917 310 1954 nostri,
329 1920 368 1946 ut
389 1920 424 1946 et
447 1921 574 1946 veteres
599 1916 674 1946 libri
698 1926 780 1954 quos
809 1917 892 1947 vidit

190 1958 356 1998 Sigonius,
377 1959 541 1999 adjiciunt
565 1961 651 1989 hunc
673 1965 752 1989 ante
775 1969 890 1990 vocem

192 2012 304 2042 qnam.
343 2003 491 2033 Fortasse
508 2002 645 2033 dederat
660 2002 773 2033 Livius
789 2016 796 2033 ι
820 2006 891 2043 qui-

933 1917 975 1947 ab
992 1927 1080 1947 auno
1097 1918 1181 1956 gesti
1203 1919 1430 1957 magistratus.
1475 1919 1538 1950 Sed
1554 1926 1588 1951 et
1605 1921 1631 1951 si

934 1970 1043 1990 annus
1068 1963 1309 1991 trecentesimus
1331 1964 1429 2001 alter,
1455 1963 1556 1994 debet
1581 1965 1633 1994 in-

933 2003 1053 2044 telligi,
1071 2010 1108 2034 ut
1124 2005 1336 2044 probavimus
1360 2007 1392 2036 in
1419 2012 1499 2037 nota
1521 2010 1574 2042 39.
1589 2008 1630 2038 ad

190 2055 314 2085 cunque
327 2047 454 2086 aliquid
467 2047 608 2077 seditiose
623 2047 755 2076 diterat
770 2047 890 2087 autse-
937 2047 999 2078 111.
1030 2051 1083 2078 33.
1123 2051 1364 2079 trecentesimus
1393 2052 1483 2089 prim
1489 2061 1536 2088 us,
1574 2051 1631 2081 sed

190 2094 282 2119 cerat
292 2099 453 2129 unquam,
470 2091 614 2120 maxime
629 2090 803 2120 tribunitii.

237 2135 279 2162 38
304 2133 402 2172 ‚Quod
436 2135 520 2163 ratio
556 2134 668 2163 habita
691 2135 892 2173 plebeiorum

190 2175 284 2215 essct]
311 2175 408 2215 Quod
424 2175 543 2216 plebeii
558 2176 693 2207 admissi
717 2176 759 2208 ad
774 2182 892 2217 peten-

192 2219 274 2249 dum
307 2221 543 2258 magistratum
576 2215 699 2258 esse‘nt,
729 2225 892 2260 tauquam

192 2261 337 2302 legitimi
355 2262 534 2293 candidati.

240 2309 280 2337 39
294 2306 313 2323 ³⁵
324 2306 418 2336 Anno
435 2308 650 2337 trecentesimo
665 2307 784 2338 decimo
808 2332 817 2338 .
827 2330 836 2338 .
850 2330 860 2338 .
871 2330 881 2338 .

190 2352 343 2390 primum
366 2350 490 2379 tribuni
513 2351 654 2380 militum
672 2361 734 2391 pro
755 2354 893 2382 consuli-

195 2394 252 2423 bus
270 2394 507 2432 magistratum
522 2394 649 2435 ineunt]
676 2394 739 2424 Hic
757 2403 888 2425 rursum

192 2436 357 2466 dissident
387 2436 519 2466 numeri
545 2438 650 2466 nostri
679 2446 698 2466 a
730 2436 890 2469 Livianis·

194 2479 259 2510 Sed
274 2480 307 2509 in
324 2479 375 2510 his
402 2479 570 2510 interdum
596 2480 708 2510 Livius
731 2480 821 2512 haud
843 2482 891 2511 fa-

195 2523 258 2553 cile
275 2532 388 2553 secum
406 2523 474 2562 ipse
491 2523 700 2553 conciliatur.
712 2528 736 2561 ἡ·
752 2524 820 2554 Hos
830 2526 890 2555 tri-

197 2567 304 2596 bunos
322 2567 467 2597 militum
493 2567 588 2596 iniise
610 2566 745 2605 quidem
769 2569 891 2607 magis-

196 2615 325 2639 tratum
352 2620 441 2640 anno
464 2613 539 2641 310.
565 2610 622 2640 sed
648 2619 726 2640 eum
753 2612 890 2650 gessisse

197 2662 285 2683 anno
301 2656 375 2684 311.
398 2654 568 2684 existimat
590 2653 797 2692 Dodwellus,
814 2654 890 2685 diss.

201 2696 243 2726 X.
257 2696 297 2726 de
321 2696 430 2736 Cyelis
452 2697 548 2728 Rom.
571 2703 654 2727 sect.
677 2697 730 2728 26.
755 2697 890 2735 Parum,

199 2743 239 2768 ‘nt
260 2740 354 2770 nobis
378 2739 520 2777 videtur,
543 2740 585 2770 ad
616 2740 697 2771 Livii
727 2747 890 2777 mentem,

200 2783 258 2819 qui
285 2792 450 2821 nusquam
473 2785 509 2813 in
536 2783 740 2822 consulibus,
766 2790 799 2814 et
826 2785 891 2814 illis

201 2825 451 2866 magistratibus
467 2837 609 2867 quorum
626 2828 761 2858 nomine
784 2837 892 2859 annus

935 2091 1062 2128 exiens,
1094 2091 1142 2121 ita
1164 2096 1203 2122 ut
1225 2094 1461 2123 trecentesimo
1484 2095 1631 2125 secundo

937 2136 1172 2173 magistratum
1188 2137 1351 2174 gesserint
1366 2137 1465 2176 primi
1489 2137 1632 2168 Decem·

936 2178 1009 2215 viri,
1027 2177 1079 2208 hic
1103 2188 1224 2216 annus,
1241 2189 1306 2218 quo
1329 2185 1364 2210 et
1381 2181 1499 2210 ineunt
1516 2188 1552 2212 et
1574 2192 1632 2221 ge·

938 2226 1018 2251 runt
1034 2222 1266 2261 magistratum
1286 2224 1382 2262 primi
1399 2224 1525 2254 tribuni
1543 2224 1630 2255 mili-

935 2269 1038 2302 tares,
1064 2266 1127 2295 erit
1155 2267 1225 2305 ipse
1255 2268 1510 2298 trecentesimus
1541 2268 1631 2299 deei-

936 2318 1022 2338 muS.
1066 2309 1276 2340 Ser-ravimus
1292 2313 1407 2340 tamen
1424 2312 1456 2340 in.
1478 2312 1628 2351 margine

935 2361 1061 2382 annum
1093 2363 1169 2382 eum
1203 2363 1300 2391 quem
1330 2354 1401 2384 vult
1423 2354 1628 2394 Dodwellus,

934 2395 1076 2426 vitandae
1093 2396 1295 2426 confusionis
1312 2407 1422 2427 causa.

976 2442 1019 2470 40
1044 2439 1312 2470 Tabernae-ulma
1341 2441 1482 2482 cepisset]
1517 2442 1629 2473 Comi-

932 2483 1056 2512 tiorum
1073 2484 1336 2513 centuriatorum
1354 2495 1454 2514 causa
1465 2485 1628 2516 exercitus

934 2526 1174 2565 imperabatur,
1192 2528 1346 2565 civesque
1367 2538 1484 2558 omnes
1508 2531 1627 2560 armati

934 2569 995 2598 sub
1018 2569 1135 2608 signi5‚
1161 2570 1194 2600 in
1218 2570 1286 2599 suis
1309 2571 1432 2610 quique
1454 2573 1628 2611 centuriis,

934 2611 968 2640 in
998 2622 1154 2652 campum
1186 2613 1347 2643 Martium
1376 2616 1629 2647 conveniebant.

935 2654 967 2684 Is
997 2656 1102 2694 igitur
1131 2657 1360 2695 magistratus,
1392 2659 1448 2697 qui
1486 2660 1628 2690 comitiis

934 2703 1088 2737 praeerat,
1104 2699 1372 2738 tabernaculum,
1385 2708 1546 2741 tanquam
1562 2703 1628 2733 dux

935 2743 1112 2777 exercitus,
1129 2749 1223 2773 extra
1246 2746 1441 2783 pomoeriuiu
1467 2747 1628 2786 (rapiebat.

937 2785 975 2814 In
991 2795 1030 2815 eo
1047 2793 1159 2816 autem
1177 2788 1341 2826 capiendo
1351 2789 1501 2827 quiedam
1518 2790 1629 2819 obser-

936 2829 1004 2859 vari
1020 2831 1204 2870 oportebat,
1217 2841 1290 2870 quac
1308 2832 1334 2862 si
1351 2832 1461 2863 minus
1478 2833 1541 2863 rite
1553 2840 1631 2865 acta
