1991 3250
171 1126 294 1156 Servius
308 1127 356 1156 in-

168 1171 331 1201 terficitur.

164 1583 275 1613 Tulliae
290 1586 336 1615 in-

166 1634 277 1666 pietas.

390 110 441 144 66
918 103 1062 142 ΤΙΤΙ
1101 103 1281 142 LIVII

389 203 436 245 in
448 204 643 260 primores
663 202 840 246 civitatis
853 219 866 245 .·
895 202 1112 244 instituisse
1132 217 1302 254 censum,
1323 210 1370 244 uc
1398 207 1433 230 ⁷⁰
1449 204 1617 262 insignis
1635 207 1693 249 ad
1717 207 1825 250 invi-

389 260 502 302 diam
533 260 836 316 locupletiorum
856 258 1037 316 fortuna
1066 267 1174 312 esset,
1205 267 1243 301 et
1266 266 1420 316 parata
1448 262 1567 314 unde,
1595 263 1666 305 ubi
1693 264 1824 317 vellet,

389 317 652 375 egentissimis
673 317 906 371 largiretur.

447 373 669 416 XLVIII.
707 373 824 415 Huic
845 372 1028 413 orationi
1052 372 1224 413 Servius
1246 387 1377 428 quum
1406 374 1717 428 intervenisset,
1741 385 1824 418 tre-

387 430 492 486 pido
524 431 683 471 nuncio
713 430 942 480 excitatus,
963 429 1182 483 extemplo
1205 445 1229 470 a
1261 430 1472 472 vestibulo
1505 432 1636 473 curiae
1665 447 1823 490 magna

387 501 508 539 voce,
533 485 647 530 Quid
675 486 761 536 hoc,
784 486 939 540 inquit,
966 484 1179 540 Tarquini,
1198 486 1256 526 rei
1278 486 1365 527 est?
1395 503 1474 543 qua
1496 495 1541 529 tic
1570 489 1743 530 audacia
1761 504 1824 531 me

385 544 478 585 vivo
500 558 644 584 vocare
664 557 788 584 ausus
807 557 844 583 es
865 541 1044 583 Patres?
1064 541 1192 582 autin
1212 542 1297 583 sede
1317 544 1515 586 considere
1532 544 1650 586 mea?
1673 546 1821 592 Quum

384 600 458 641 ille
480 599 679 641 ferociter
700 599 753 640 ad
783 599 893 650 haec,
917 597 969 639 Se
984 598 1118 653 patris
1143 598 1206 639 sui
1231 606 1360 641 tenere
1376 601 1516 651 sedem,
1538 601 1680 652 multo,
1700 616 1821 658 quam

385 671 558 706 servam,
573 656 772 711 potiorem
786 655 931 710 filium
961 655 1069 711 regis
1097 655 1209 710 regni
1229 655 1442 699 haeredem:
1479 659 1582 700 satis
1614 658 1729 699 illam
1750 657 1822 700 diu

378 727 456 767 per
476 713 677 754 licenciam
697 712 917 754 eludentem
938 711 1145 752 insultasse
1166 711 1361 762 domz'm's‚·
1397 715 1557 755 clamor
1579 716 1633 756 ab
1664 715 1822 756 utrius-

386 784 469 823 que
492 769 731 810 fautoribus
753 769 903 818 oritur,
925 778 969 809 et
990 783 1222 809 concursus
1243 771 1388 825 populi
1414 772 1543 812 fiebat
1567 773 1606 813 in
1631 773 1818 815 curiam:

385 827 704 882 adparebatque
740 826 1125 881 1·eguatur‘um,‘qui
1161 826 1348 867 vicisset.
1409 827 1518 869 Tum
1546 828 1820 884 Tarquinius,

381 884 639 925 necessitate
659 884 774 940 jam*¹
797 885 888 937 ipsa
910 891 1092 937 cogente
1114 882 1263 923 ultima
1283 883 1452 935 audere,
1472 885 1606 926 multo
1628 896 1671 926 et
1692 896 1820 926 aetate

383 950 427 980 et
458 941 618 982 viribus
651 939 842 991 validior,
866 939 1052 980 medium
1084 939 1242 994 adripit
1265 940 1487 993 Servium3
1521 942 1765 996 elatumque
1795 955 1818 983 e

383 998 502 1038 curia
532 999 575 1038 in
601 997 842 1038 inferiorem
870 1005 1034 1052 partem
1069 1010 1141 1052 per
1175 997 1330 1049 gradus
1351 998 1524 1052 dejicit.
1584 998 1690 1039 Inde
1719 999 1817 1039 ⁷¹ad

382 1055 626 1110 cogendum
651 1063 844 1095 senatum
868 1054 910 1094 in
933 1054 1093 1093 curiam
1120 1053 1242 1093 redit.
1303 1053 1373 1094 Fit
1395 1058 1498 1110 fuga
1518 1054 1629 1110 regis
1650 1055 1817 1109 adpari-

382 1121 526 1152 torum
552 1123 681 1166 atque
703 1111 926 1152 comitum.
971 1109 1068 1165 Ipse
1092 1124 1223 1165 prope
1244 1113 1490 1167 exsanguis,
1512 1125 1642 1166 quum
1667 1112 1818 1152 semia-

383 1169 488 1209 nimi
521 1171 555 1194 7‘2
569 1169 686 1224 regio
718 1168 927 1209 comitatu
950 1166 1125 1207 domum
1151 1181 1194 1207 se
1227 1167 1446 1223 reciperet,
1471 1169 1818 1223 pervenissetque

382 1226 433 1266 ad
457 1240 669 1266 summum
695 1225 902 1280 Cyprium
930 1223 1086 1274 vicum,
1108 1225 1162 1264 ab
1186 1224 1250 1274 iis,
1273 1224 1346 1279 qui
1369 1226 1485 1266 missi
1509 1226 1562 1266 ab
1582 1225 1817 1280 Tarquinio

382 1281 620 1337 fugientem
643 1281 863 1323 consecuti
887 1290 1024 1331 erant,
1048 1280 1316 1321 interficitur.
1374 1282 1586 1333 Creditur,
1607 1282 1706 1337 quia
1731 1296 1816 1322 non

381 1341 583 1380 abhorret
612 1354 636 1380 a
659 1350 802 1379 cetero
825 1338 995 1386 scelere,
1020 1337 1240 1377 admonitu
1264 1337 1416 1380 Tulliae
1442 1339 1484 1379 id
1507 1338 1683 1380 factum.
1725 1353 1816 1379 car.-

380 1407 512 1452 peuto
535 1407 649 1438 certe
681 1395 742 1448 (id
776 1395 889 1450 quod
924 1394 1025 1435 satis
1056 1396 1244 1444 constat)
1278 1397 1320 1434 in
1357 1396 1494 1437 forum
1531 1396 1715 1446 invecta,
1736 1409 1816 1436 nec

378 1454 562 1501 reverita
583 1463 746 1495 coetum
772 1453 974 1502 virorum,
996 1451 1194 1491 evocavit
1216 1451 1351 1493 virum
1371 1466 1393 1492 e
1413 1452 1554 1503 curia,
1587 1465 1817 1507 regemque

380 1511 520 1565 prima
550 1510 797 1567 adpellavit.
831 1525 854 1550 a
885 1524 970 1564 quo
995 1507 1202 1550 facessere
1227 1508 1350 1564 jussa
1380 1524 1433 1550 ex
1457 1518 1587 1550 tanto
1615 1508 1816 1560 tumultu,

379 1583 511 1622 quum
555 1583 598 1610 se
637 1568 813 1608 domum
857 1566 1080 1620 reciperet,
1121 1566 1465 1622 pervenissetque
1506 1566 1558 1607 ad
1601 1579 1816 1607 summum

380 1625 589 1681 Cyprium
617 1625 771 1675 vicum,
796 1624 866 1664 ubi
889 1626 920 1649 ⁷³
944 1622 1148 1663 Dianium
1173 1636 1309 1678 nuper
1326 1623 1432 1674 fuit;
1461 1626 1493 1649 ⁷⁴
1511 1623 1701 1663 flectenti
1724 1635 1816 1663 car-

376 1691 556 1738 pentum
588 1683 741 1722 dextra
773 1682 815 1722 in
846 1684 878 1706 ⁷⁵
896 1680 1090 1720 Virbium
1124 1679 1298 1731 clivum,
1321 1690 1368 1721 ut
1401 1681 1444 1721 in
1474 1679 1626 1721 collem
1661 1678 1815 1733 Esqui-

376 1740 544 1780 liarium
583 1739 848 1787 eveheretur,
878 1736 1036 1778 restitit
1067 1736 1262 1792 pavidus,
1293 1746 1420 1792 atque
1451 1736 1640 1778 inhibuit
1670 1737 1814 1778 frenos

375 1797 428 1847 is,
450 1797 522 1851 qui
548 1797 748 1851 jumenta
769 1795 942 1851 agebat,
958 1793 1264 1849 jacentemque
1286 1795 1472 1836 dominae
1505 1794 1700 1835 Servium
1726 1803 1814 1834 tru-

374 1853 566 1894 cidatum
603 1853 806 1893 ostendit.
868 1851 1056 1892 Foedum
1093 1850 1459 1906 inhumanumque
1495 1850 1593 1891 inde
1632 1850 1815 1891 traditur

373 1910 525 1960 scelus,
546 1919 912 1964 monumentoque
934 1907 1051 1949 locus
1074 1916 1163 1949 est:
1192 1907 1453 1949 Sceleratum
1478 1909 1620 1949 vicum
1642 1915 1812 1959 yocant‚

372 1982 460 2022 quo
489 1981 649 2018 amens,
679 1968 711 1993 ⁷⁰
725 1966 990 2022 agitantibus
1025 1963 1147 2005 furiis
1178 1965 1334 2006 sororis
1369 1980 1418 2006 ac
1452 1965 1546 2015 viri,
1568 1963 1707 2005 Tullia
1738 1977 1814 2019 per

372 2024 507 2080 patris
528 2038 683 2080 corpus
705 2033 955 2079 carpentum
979 2021 1117 2078 egisse
1139 2019 1299 2074 fertur3
1323 2031 1571 2078 partemque
1589 2019 1811 2077 sanguinis

878 2122 891 2136 ⁸
913 2115 983 2146 add.
1000 2116 1092 2145 etiam
1107 2116 1205 2145 Gron.
1222 2114 1312 2145 Crcv.

414 2176 641 2215 70*Insignts
662 2176 707 2206 ad
730 2176 904 2215 invidiam]
935 2176 1075 2217 Conspi·
1119 2182 1315 2217 carpentum
1347 2174 1388 2208 ad
1420 2175 1581 2206 dextram.
1627 2174 1700 2205 Nisi
1726 2173 1813 2205 forte

370 2229 435 2250 cua
457 2226 492 2249 et
516 2219 605 2249 velut
629 2220 818 2259 spectaculo
841 2220 1010 2261 proposita
1033 2219 1073 2250 ad

369 2263 579 2293 excitandam
601 2263 771 2293 iuvidiam.

413 2310 451 2340 71
477 2307 532 2337 Ad
552 2307 730 2346 cogendum
751 2305 914 2346 senatum]
950 2306 1015 2346 Qui
1039 2307 1073 2336 in

368 2352 466 2380 tanto
490 2350 641 2388 tumultu
667 2350 827 2390 diffugere
851 2350 1005 2381 videlicet
1032 2360 1071 2380 ac

367 2392 467 2423 dilabi
485 2394 632 2433 parabat.

412 2440 430 2470 7
435 2438 453 2467 2
471 2436 573 2476 Regio
585 2435 756 2475 comitatu]
776 2436 991 2476 Diffugerant
1004 2438 1072 2477 pri-

366 2488 422 2509 mo
439 2481 523 2518 regis
547 2481 752 2520 apparitores
768 2486 803 2510 et
827 2481 977 2510 comites.
1022 2482 1067 2512 At

365 2527 494 2561 postea,
511 2523 614 2553 lenito
638 2533 769 2563 pavore,
789 2523 831 2554 ad
853 2534 930 2554 eum
955 2534 1066 2555 recur-

366 2575 438 2595 rere
455 2572 647 2605 potuerunt.

410 2612 451 2642 73
462 2609 639 2649 Dianium]
659 2609 766 2645 Locus
775 2610 894 2640 Dianae
904 2614 1064 2649 sacratus,

366 2662 406 2682 ex
432 2652 538 2689 Festo,
556 2654 642 2692 apud
667 2663 764 2691 quem
790 2653 969 2693 legendum
994 2664 1064 2685 esse

365 2695 544 2731 Dianium,
564 2706 629 2725 nou
653 2696 812 2733 Daunius,
838 2706 927 2728 recte
950 2703 1065 2728 censet

364 2738 432 2767 dos.
442 2738 598 2777 Scaliger.
608 2739 1017 2779 QuomodoDium'um,sic
1032 2750 1067 2771 et

364 2781 577 2818 st‘le'nerm'um,
595 2791 624 2811 eri
646 2782 840 2813 Vult-unium
861 2783 1044 2814 dicebatur.

408 2828 448 2859 74
473 2820 646 2867 Fleccenteq
679 2825 791 2857 Tullia
811 2826 952 2866 jubente
979 2828 1066 2859 tleeti

1117 2220 1295 2260 legendum
1306 2227 1357 2249 est
1371 2229 1446 2249 cum
1464 2219 1642 2255 Gronovio‚
1653 2217 1813 2256 Ftectens,

1118 2274 1237 2304 nempe
1253 2264 1280 2293 is
1294 2261 1511 2303 qnijunzenta
1525 2263 1654 2302 agebat.

1160 2311 1200 2341 75
1233 2305 1395 2344 Vct-bium]
1429 2306 1490 2336 Vix
1520 2305 1664 2336 dubitari
1691 2307 1824 2342 potest,·

1115 2351 1195 2389 quin
1209 2351 1242 2381 in
1256 2350 1317 2380 hac
1331 2359 1408 2380 voce
1421 2350 1464 2380 sit
1480 2348 1651 2379 mendum.
1681 2347 1814 2376 Virbius

1115 2395 1204 2424 enim
1218 2394 1321 2424 clivus
1334 2397 1427 2424 extra
1442 2393 1556 2424 urbem
1569 2391 1645 2423 suit.
1675 2391 1725 2423 Ex
1739 2389 1814 2420 Fes-

1114 2443 1150 2468 to
1188 2437 1368 2477 legendum
1401 2436 1532 2466 videtur
1566 2434 1720 2465 Orbium:
1757 2433 1826 2464 cui.

1111 2491 1234 2512 nomen
1257 2491 1276 2510 a
1299 2480 1451 2512 flexuosis
1473 2479 1619 2515 orbibus,
1642 2482 1730 2508 teste
1757 2486 1812 2506 eo-

1110 2525 1197 2555 dem.
1243 2524 1332 2555 Huic
1359 2531 1543 2562 cognomen
1568 2523 1717 2552 scelerati
1742 2519 1811 2550 hae-

1110 2569 1189 2598 sisse
1206 2565 1372 2608 probabile
1387 2572 1458 2596 est:
1490 2570 1580 2596 certe
1598 2574 1664 2597 uon
1688 2563 1810 2605 Cyprio

1109 2612 1194 2649 vicu,
1223 2614 1260 2641 ut
1286 2614 1418 2640 constat
1446 2619 1486 2639 ex
1516 2608 1609 2639 Varr.
1636 2608 1657 2639 1.
1685 2607 1740 2638 lv.
1766 2606 1809 2638 de

1109 2655 1225 2694 lingua
1243 2653 1374 2685 Latina.

1151 2699 1194 2734 76
1202 2699 1221 2716 ¹*
1231 2694 1546 2735 AgHanstMcsflan
1553 2695 1669 2725 sororis
1679 2704 1719 2725 αι·
1730 2692 1805 2733 viri]

1109 2740 1336 2771 'fumantibus
1362 2745 1395 2770 et
1417 2739 1632 2769 efferantibus
1659 2741 1809 2768 mentem

1110 2784 1203 2814 furiis
1221 2783 1392 2814 ultricibus
1409 2782 1554 2819 sceleris,
1571 2791 1635 2821 quo
1650 2781 1708 2812 illa
1721 2789 1812 2813 soro-

1111 2837 1180 2860 rem
1196 2833 1229 2858 et
1247 2827 1352 2858 virum
1372 2831 1557 2857 necaverat.
