1925 3239
454 322 792 376 EPITOME
829 322 1043 376 LIBRI
1081 323 1241 377 VIII.

679 504 1023 531 ...ψ-...-

148 626 413 687 LATINI
425 658 519 684 cum
553 645 780 699 Campanis
813 645 1071 699 defecerunt,
1093 652 1147 697 et,
1168 648 1307 688 missis
1337 648 1490 701 legatis
1520 650 1578 690 ad

145 708 353 751 senatum,
374 703 649 742 conditionem
681 703 884 753 tulerunt,
906 704 1026 753 ut,.si
1046 718 1195 757 pacem
1228 704 1378 744 babere
1410 706 1576 756 vellem,

145 760 327 799 alterum
348 772 399 797 ea*
417 758 590 799 Latinis
611 760 820 799 consulem
837 759 1053 812 facerent.
1119 760 1215 807 Qua
1245 761 1456 814 legatione
1477 776 1578 815 per-

145 816 250 865 lata,
268 821 422 868 prator
441 829 583 855 eorum
605 816 776 856 Annius
797 817 847 856 de
873 816 1080 869 Capitolio
1100 818 1162 856 ita
1177 818 1404 870 prolapsus
1434 824 1508 868 est,
1530 824 1579 859 ut

144 873 473 912 exanimaretur.
537 872 586 912 T.
608 873 804 913 BIanlius
822 873 967 913 consul
967 872 1133 926 filium,
1154 875 1265 928 qnod
1293 880 1439 914 contra
1468 876 1576 915 edic-

145 934 236 968 tum
266 930 464 969 adversus
494 929 691 978 Latinos,
723 930 916 984 quamvis
941 943 1119 983 μωρίη
1121 944 1155 980 e,
1168 937 1421 984 pugnasset,
1442 933 1579 973 securi

136 998 219 1039 per
220 986 363 1025 cussit.
420 986 739 1031 Laborantibus
760 987 804 1026 in
824 988 913 1026 acie
932 987 1154 1036 Romanis,
1179 989 1187 1008 ¹
1206 987 1259 1026 P.
1282 987 1458 1037 Decius,
1479 994 1580 1029 tanc

145 1042 292 1083 consul
320 1056 414 1082 cam
450 1043 631 1092 ffilanlio,
664 1044 830 1083 devovit
860 1057 904 1083 se
926 1057 1008 1096 pro
1039 1044 1222 1083 exercitu
1239 1059 1251 1083 :
1284 1049 1338 1093 et,
1371 1046 1580 1084 concitato

144 1111 249 1153 equo
269 1112 399 1152 quum
419 1100 464 1139 in
493 1101 649 1139 medios
680 1099 817 1139 hostes
848 1113 892 1139 se
921 1101 1147 1150 intulisset,
1169 1100 1417 1153 interfectas
1446 1107 1581 1142 morte

143 1168 223 1197 sua
244 1155 451 1196 Romanis
470 1157 690 1196 victoriam
710 1158 910 1196 restitnit.
968 1157 1122 1196 Latini
1153 1157 1199 1196 in
1229 1158 1480 1197 deditionem
1509 1171 1580 1198 ve-

143 1218 311 1252 nerunt.
375 1213 424 1252 T.
447 1213 615 1253 stlanlio
636 1214 680 1252 in
699 1213 844 1252 urbem
864 1227 1030 1253 reverso
1049 1226 1168 1253 nemo
1189 1227 1241 1253 ea·
1255 1212 1489 1265 juventute
1508 1215 1580 1254 ob·

141 1269 258 1310 viam
269 1271 489 1322 processit.
549 1270 744 1309 Minucia
764 1271 887 1323 virgo
914 1270 1094 1310 Vestalis
1111 1271 1258 1310 incesti
1277 1271 1481 1310 damnata
1501 1277 1578 1311 est.

142 1326 389 1367 Ausonibus
408 1325 544 1375 victis,
565 1327 610 1366 in
629 1327 828 1379 oppid-am
848 1340 900 1366 ex·
919 1328 972 1367 iis
992 1332 1162 1379 captum
1189 1327 1308 1366 Cales
1329 1327 1489 1368 colonia
1509 1329 1579 1368 de-

145 1382 273 1423 ducta
293 1388 369 1422 est.
397 1386 413 1406 2
429 1383 537 1422 Item
559 1383 765 1436 Fregellae
785 1381 948 1423 colonia
968 1384 1150 1423 deducta
1170 1388 1283 1423 sunt.
1328 1383 1581 1437 Veneficiam

145 1439 423 1491 complurium
443 1444 736 1480 matronarum
756 1439 1056 1493 deprehensum
1076 1445 1138 1479 est
1153 1456 1164 1478 :
1192 1453 1373 1494 quarum
1385 1440 1582 1493 plurimes

144 1497 292 1536 statim
312 1497 444 1549 epotis
464 1496 808 1536 medicaminibus
821 1497 1057 1549 perierunt.
1085 1496 1181 1536 Lex
1200 1497 1251 1536 de
1269 1498 1465 1550 veneficio
1482 1503 1582 1539 tunc

137 1553 329 1606 primum
359 1554 588 1593 constituta
620 1558 695 1593 est.
755 1553 1096 1602 PrivernatibuS,
1131 1566 1261 1607 quum
1291 1554 1579 1605 rebellassent,

143 1609 266 1650 victis
287 1611 437 1651 civitas
455 1610 556 1650 data
576 1615 652 1651 est.
712 1609 1027 1662 Palaepolitani,
1047 1609 1153 1649 bello
1173 1615 1214 1650 et
1234 1609 1445 1650 obsidione
1463 1612 1581 1661 victi,

144 1667 190 1707 in
210 1667 462 1707 deditionem
481 1672 698 1707 venerunt.
727 1669 741 1690 ³
763 1666 813 1714 Q.
833 1666 1038 1716 Publilio,
1058 1667 1131 1721 qui
1151 1679 1219 1706 eos
1239 1666 1470 1717 obsederat,
1485 1669 1581 1721 pri·-

143 1736 213 1764 mo
232 1728 273 1763 et
291 1724 516 1776 imperium
528 1723 763 1778 prolatum,
783 1728 824 1763 et
836 1737 918 1777 pro
935 1724 1102 1764 consule
1119 1723 1307 1764 decretus
1326 1724 1580 1777 triumphus.

145 1780 276 1822 Plebs
294 1793 405 1820 nexu
424 1780 605 1827 liberata
626 1786 687 1820 est
709 1785 886 1834 piwopte?
913 1780 971 1820 L.
992 1780 1165 1833 Papirii
1193 1779 1409 1820 creditoris
1439 1781 1579 1822 libidi-

144 1850 254 1887 nem,
274 1838 348 1891 qai
383 1837 428 1878 G.
450 1837 640 1880 Publilio
660 1837 838 1878 debitori
857 1850 932 1878 suo
960 1842 1156 1890 stuprum
1185 1835 1348 1890 inferre
1374 1837 1579 1880 voluerat.

151 1894 288 1942 Quum
316 1893 373 1935 L.
403 1894 609 1948 Papirius
638 1895 821 1934 dictator
846 1907 1038 1934 reversus
1067 1895 1111 1934 in
1140 1894 1284 1934 urbem
1313 1893 1368 1933 ab
1397 1895 1581 1935 exercitu.

146 1956 255 1993 esset
278 1956 456 2004 propter
484 1951 675 2016 auspicia
704 1951 942 2004 repetenda,
969 1951 1021 1998 Q.
1043 1950 1203 1991 Fabius
1233 1951 1440 2003 magister
1467 1952 1580 2007 equi-

144 2013 249 2059 tum,
272 2009 486 2048 occasione
515 2009 579 2047 rei
612 2007 710 2047 bene
740 2009 938 2061 gerenda:
970 2008 1191 2057 invitatus,
1223 2013 1370 2047 contra
1401 2007 1584 2048 edictum

146 2064 237 2119 effus
250 2077 453 2118 prospere
471 2066 672 2105 adversus
693 2065 904 2105 Samnites
918 2065 1145 2118 pugnavit.
1193 2064 1255 2103 Ob
1276 2077 1368 2104 eam
1389 2077 1581 2105 caussam

148 2136 275 2177 quum
296 2121 478 2162 dictator
497 2122 548 2162 de
567 2122 776 2175 magistro
796 2122 981 2176 equitum
1009 2120 1258 2174 supplicium
1278 2126 1489 2162 sumturus
1516 2122 1583 2162 vi-

146 2179 328 2227 deretur,
360 2178 519 2218 Fabius
548 2178 732 2218 Romam
754 2176 984 2232 profiagit:
1016 2183 1071 2228 et,
1101 2191 1225 2232 quum
1254 2191 1404 2218 caussa
1424 2190 1584 2231 parum

137 2234 379 2288 proficeret,
392 2235 541 2288 populi
553 2235 749 2287 precibus
767 2235 948 2275 donatus
967 2240 1043 2276 est.
1101 2235 1189 2274 Res
1203 2240 1408 2287 prce-terea
1437 2240 1584 2276 contra

151 2293 365 2344 Samnites
377 2299 580 2345 prospere
597 2296 743 2345 gestas
763 2292 960 2332 continet.

196 2408 211 2437 1
238 2405 283 2436 P.
300 2404 423 2436 Decius
436 2409 514 2435 tunc
529 2405 637 2435 consul
650 2414 725 2434 cum
746 2403 846 2434 Man·
886 2407 975 2434 sunt.

152 2448 208 2489 lio]
238 2448 369 2488 Adjecit
397 2448 551 2487 Sigonius
581 2457 694 2477 vocem
724 2449 845 2485 consul,
929 2450 947 2478 3
970 2446 1014 2487 ,9.
1031 2444 1184 2477 Publilio.
1199 2448 1344 2486 ..primo
1358 2450 1387 2476 ec
1403 2447 1583 2486 imperium

151 2502 224 2534 quae
240 2499 329 2522 recte
345 2492 373 2522 ei
390 2491 574 2522 necessaria
588 2492 658 2521 visa
669 2495 735 2520 est.
880 2492 1062 2528 prolatum,
1085 2495 1116 2520 et
1146 2489 1345 2530 proconsule]
1376 2489 1485 2530 Hujus
1520 2490 1584 2520 loci

193 2537 213 2566 2
240 2536 319 2566 Item
352 2535 509 2575 Fregelloe
545 2535 665 2565 colonia
701 2534 844 2564 deducta·
886 2533 1074 2563 emendatio
1119 2533 1258 2564 debetur
1296 2533 1443 2572 sigonio,
1481 2543 1585 2573 quum

148 2577 239 2619 sunt]
263 2578 324 2609 Vel
345 2578 523 2618 legendum
546 2583 610 2615 est,
627 2577 782 2616 Fregellae
796 2586 844 2606 eo-
887 2576 978 2616 prius
1001 2577 1182 2616 legeretur:
1207 2576 1250 2617 ῼ.
1277 2576 1418 2607 Publilio
1441 2597 1470 2606 ..
1486 2578 1586 2616 ,ρή-

149 2623 236 2653 tonia
250 2622 387 2653 deducta
409 2627 467 2660 est,
483 2620 762 2661 quemadmodum
786 2619 843 2650 lib.
887 2629 978 2650 mum
999 2621 1173 2660 imperium
1189 2621 1370 2659 prolatum,
1386 2624 1416 2650 et
1433 2629 1495 2659 per
1516 2630 1587 2650 con-

150 2665 194 2696 X.
211 2675 238 2695 c
256 2668 288 2696 3.
302 2666 419 2696 colonia
439 2665 576 2696 Carseoli
598 2664 734 2694 deducta
755 2667 846 2695 erat‚·
892 2665 975 2692 sales
1011 2665 1041 2693 ci
1068 2664 1235 2693 decretus
1246 2664 1440 2703 triumphus.
1486 2662 1585 2693 Suam

150 2707 216 2746 vel,
231 2709 366 2739 resectis
382 2708 508 2747 aliquot
522 2707 678 2738 vocibus
671 2716 705 2737 m
721 2707 759 2736 iis
776 2714 851 2745 quae
893 2705 1071 2736 lectionem
1086 2705 1240 2737 formavit
1255 2707 1407 2745 Sigonius
1426 2716 1466 2736 ex
1490 2705 1586 2745 Capi—

151 2751 357 2791 praeeedunt‚
371 2753 408 2781 in
425 2752 575 2792 oppidum
598 2761 637 2781 ex
659 2752 697 2781 iis
718 2754 850 2789 captum
893 2749 1006 2779 tolinis
1028 2748 1150 2780 tabuiis
1173 2754 1209 2781 et
1231 2749 1324 2781 Livio
1347 2749 1417 2790 ipso
1445 2748 1531 2779 infra
1557 2758 1586 2777 c⁴

154 2793 258 2833 Cales,
274 2795 350 2826 item
365 2794 545 2835 Fregellas,
562 2795 687 2827 colonie
708 2793 851 2825 deducte
895 2794 948 2825 23.
962 2799 995 2824 et
1011 2802 1040 2824 c.
1055 2793 1110 2825 26.
