1991 3250
343 123 418 158 168
895 106 1038 160 T1'T1
1075 120 1254 159 L1v11

133 242 172 270 U.
186 242 220 270 C.
236 243 310 270 ι293.

344 225 550 275 quantam
572 233 746 276 aequurn
766 227 878 263 esset
898 221 1110 278 promitti,
1132 221 1333 264 veniebat
1355 221 1400 264 in
1421 220 1628 268 dubium:
1661 224 1705 268 id
1727 227 1782 269 ad

130 284 170 315 A.
186 285 220 313 G.
237 287 310 314 459.

346 285 540 319 senatum
566 278 773 333 rejicitur.
833 278 968 329 Reus,
988 279 1088 320 dum
1115 280 1436 322 consulerentur
1460 281 1623 333 Patres,
1643 292 1783 326 reten-

344 344 412 376 tus
436 335 480 376 in
505 334 676 390 publico
705 345 784 377 est.
823 335 951 376 vades
973 336 1074 376 dare
1099 336 1275 391 placuit.
1315 338 1347 361 ⁶⁰
1368 352 1499 378 unum
1528 339 1678 381 vadem
1708 342 1785 382 tri-

346 393 425 433 bus
447 392 636 433 millibus
659 393 755 434 ceris
776 392 1038 448 obligarunt.
1069 403 1176 448 quot
1196 395 1412 446 darentur,
1435 396 1688 450 permissum
1710 398 1786 438 tri-

346 449 474 491 bunis
496 457 575 491 est.
604 449 754 490 decem
776 449 992 491 finierunt.
1022 450 1052 472 ⁶¹
1075 459 1140 490 tot
1164 451 1343 492 vadibus
1363 462 1588 493 accusator
1610 453 1787 495 vadatus

347 517 414 548 est
446 520 579 547 reum.
640 505 730 547 Hic
764 507 920 562 primus
949 508 982 531 ⁶2
1002 507 1129 548 vades
1158 508 1354 562 publicos
1378 509 1510 550 dedit.
1545 509 1746 551 dimissus
1765 524 1790 552 e

348 563 443 604 foro
471 571 599 604 nocte
630 563 829 618 proxima
861 564 904 603 in
936 561 1101 604 Tuscos
1134 564 1177 605 in
1211 565 1410 607 exsilium
1443 567 1565 607 abiit.
1626 566 1786 608 Judicii

347 622 418 662 die
452 634 581 675 quum
615 631 895 661 excusaretur
926 620 956 643 ⁶³
978 621 1112 661 solum
1149 622 1322 663 vertisse
1353 623 1493 664 exsilii
1526 638 1690 675 caussa,
1725 623 1792 665 ni-

347 677 579 720 hilominus
613 676 815 732 Virginio
848 677 1027 718 comitia
1059 677 1259 729 habente,
1284 679 1462 736 collegae
1494 680 1692 735 adpellati
1727 680 1793 721 di-

346 736 501 779 misere
537 733 792 776 concilium:
828 734 1010 790 pecunia
1038 735 1109 775 ⁶⁴8,
1140 744 1260 790 patre
1284 748 1438 778 exacta
1464 737 1704 789 crudeliter,
1729 746 1793 789 ut,

348 791 582 832 divenditis
609 791 810 832 omnibus
845 790 983 842 bonis,
1007 789 1406 846 aliquamdiutrans
1429 793 1636 846 Tiberim,
1661 794 1793 836 veluti

345 848 573 903 relegatus,
602 847 801 889 ⁶⁵devio²
830 848 1017 904 quodam
1042 849 1214 903 tugurio
1236 849 1417 892 viveret.

406 904 533 948 XIV.
567 903 669 946 Hoc
691 905 906 960 judicium
935 914 980 946 et
1009 905 1282 961 promulgata
1312 907 1381 949 lex
1416 907 1610 950 exercuit
1641 907 1794 950 civita-

348 972 462 1004 tem:
495 963 549 1003 ab
570 963 759 1003 externis
781 963 906 1004 armis
929 961 1068 1003 otium
1101 961 1200 1004 fuit.
1262 963 1424 1016 Quum,
1447 966 1562 1007 velut
1595 965 1793 1017 victores,

350 1019 526 1070 tribuni,
547 1019 752 1073 perculsis
778 1019 977 1062 Patribus
1008 1020 1207 1060 Kaesonis
1230 1021 1399 1073 exsilio,
1422 1037 1556 1078 prope
1586 1023 1793 1078 perlatam

350 1090 443 1118 esse
471 1077 696 1117 crederent
718 1076 871 1133 legem,
892 1087 950 1128 et,
979 1077 1011 1099 ⁶⁶
1028 1077 1141 1132 quod
1165 1077 1218 1117 ad
1241 1078 1428 1120 seniores
1452 1079 1626 1121 Patrum
1660 1080 1793 1136 perti-

349 1143 439 1184 net,
461 1134 688 1175 cessissent
717 1134 987 1189 possessione
1008 1133 1284 1189 reipublicae3
1310 1136 1516 1191 juniores,
1538 1137 1581 1178 id
1607 1137 1796 1178 maxime

351 1190 465 1247 quod
506 1190 705 1232 Kaesonis
738 1191 950 1233 sodalium
986 1189 1083 1242 fuit,
1114 1206 1272 1232 auxere
1305 1195 1386 1234 iras
1420 1194 1463 1235 in
1498 1193 1681 1249 plebem,
1708 1208 1798 1235 non

352 1249 600 1289 minuerunt
630 1248 810 1289 animos.
854 1247 927 1289 sed
959 1247 1019 1288 ibi
1043 1249 1270 1304 plurimum
1305 1250 1548 1307 profectum
1579 1260 1658 1303 est,
1680 1251 1797 1306 quod

352 1305 485 1346 modo
522 1304 708 1360 quodam
752 1315 1043 1361 temperavere
1079 1305 1248 1361 inpetus
1292 1323 1403 1348 suos.
1474 1308 1620 1355 Quum
1661 1308 1799 1364 primo

354 1371 456 1417 post
488 1361 690 1403 Kaesonis
713 1363 912 1404 exsilium
936 1362 1005 1402 lex
1028 1371 1178 1418 coepta
1199 1362 1297 1405 ferri
1321 1374 1398 1415 est,
1422 1365 1616 1406 instructi
1640 1365 1801 1420 parati-

356 1433 456 1474 que,
486 1433 582 1460 cum
615 1419 782 1474 ingenti
809 1419 1029 1461 clientium
1060 1420 1270 1471 exercitu,
1298 1422 1359 1463 sic
1381 1422 1590 1473 tribunos,
1615 1422 1688 1463 ubi
1714 1422 1802 1479 pri-

355 1491 475 1517 mum
519 1476 824 1518 submoventes
868 1477 1089 1533 praebuere
1128 1492 1334 1530 caussam,
1373 1479 1510 1522 adorti
1555 1488 1668 1530 sunt,
1703 1482 1734 1508 ⁶⁷
1754 1488 1802 1520 ut

357 1547 483 1574 nemo
517 1547 625 1573 unus
650 1533 748 1575 inde
778 1534 1044 1589 praecipuum
1076 1534 1311 1589 quidquam
1343 1535 1492 1592 gloriae
1525 1536 1701 1577 domum
1734 1538 1800 1577 in-

356 1591 542 1631 vidiaeve
577 1589 727 1642 ferret3
765 1591 881 1632 mille
917 1605 992 1647 pro
1026 1605 1112 1632 uno
1150 1591 1357 1634 Kaesones
1387 1593 1620 1644 exstitisse,
1656 1592 1802 1649 plebes

357 1657 617 1702 quereretur.
689 1647 848 1689 Mediis
889 1648 1056 1698 diebus,
1093 1649 1250 1702 quibus
1294 1651 1454 1691 tribuni
1493 1651 1546 1692 de
1584 1651 1679 1706 lege
1715 1665 1799 1692 non

358 1713 550 1760 agerent,
570 1704 676 1745 nihil
697 1705 858 1746 eisdem
881 1704 960 1746 illis
981 1704 1190 1761 placidius
1212 1715 1287 1747 aut
1309 1708 1494 1762 quietius
1513 1717 1617 1748 erat.
1651 1707 1802 1763 benig-

358 1775 411 1801 ne
441 1760 639 1811 salutare,
662 1762 836 1817 adloqui
861 1762 996 1818 plebis
1026 1762 1236 1814 homines,
1258 1763 1433 1805 domum
1467 1765 1661 1815 invitare,
1680 1765 1711 1788 ⁶⁸
1727 1765 1802 1805 ad-

360 1832 453 1861 esse
484 1818 525 1859 in
552 1818 662 1870 foro,
686 1819 879 1861 tribunos
911 1820 1026 1875 ipsos
1048 1830 1191 1861 cetera
1220 1822 1309 1877 pati
1340 1822 1431 1863 sine
1460 1821 1804 1878 interpellatione

136 574 226 602 Kaeso
239 574 273 602 in

135 617 278 647 exsilium

134 661 213 690 abit.

142 1732 300 1762 sodalium

142 1777 284 1805 Kzesnnis

141 1826 204 1847 tem
211 1824 318 1856 perata

143 1864 288 1892 comitate

142 1905 270 1936 fei-ocia.
879 1921 891 1934 ²
914 1918 947 1946 in
962 1917 1050 1946 devio
1065 1918 1162 1947 Gron.
1179 1918 1271 1948 Crev.

403 1994 443 2023 60
474 1992 583 2024 Unum
601 1994 729 2034 rudem]
766 1994 998 2025 Deci-everunt
1020 2001 1060 2025 ut

359 2037 499 2074 quilibet
523 2047 578 2066 vas
606 2038 785 2076 sponderet
808 2047 842 2068 se
866 2039 931 2068 tria
954 2038 1061 2068 millia

358 2080 434 2108 aeris
459 2081 546 2121 (quae
563 2083 770 2111 aestimamus
795 2082 914 2112 marcis
929 2084 1059 2121 argenti

360 2129 506 2160 quatuor
515 2133 590 2153 curn
606 2125 712 2154 unciis
725 2130 870 2164 quatuor
881 2131 915 2156 et
926 2135 1062 2156 semun-

361 2166 425 2204 cia)
447 2167 568 2206 populo
585 2167 754 2206 daturum,
768 2169 795 2199 si
809 2169 902 2200 Caeso
915 2169 955 2200 ad
972 2170 1060 2200 diem

362 2210 490 2240 dictam
506 2220 572 2241 non
588 2211 730 2242 adesset.

406 2254 444 2284 61
488 2253 546 2284 Tot
582 2254 730 2296 vadibus]
769 2255 836 2286 Tot
871 2265 1062 2296 sponsores,

363 2307 485 2337 nempe
517 2297 647 2336 decem,
677 2299 789 2339 exegit
818 2305 993 2331 accusator
1023 2301 1064 2331 ab

365 2349 432 2370 reo.

409 2385 450 2414 δ”-2
485 2383 590 2415 Vades
613 2384 769 2424 publicos]
807 2384 914 2416 vades
946 2387 1002 2426 qui
1031 2387 1064 2417 in

365 2428 537 2466 publicum
561 2428 802 2467 obligarentur,
818 2430 1065 2471 pecuniamque

366 2470 489 2510 populo
514 2472 763 2511 promitterent,
786 2473 847 2503 nisi
871 2483 946 2504 reus
970 2473 1066 2504 siste-

367 2519 470 2544 retur.

411 2558 481 2586 63*
495 2557 605 2588 Solum
627 2557 772 2598 vertisse]
803 2558 916 2589 Solum
942 2564 1068 2591 vertere

368 2600 577 2638 dicebantur,
595 2602 651 2641 qui
668 2602 779 2633 locum
798 2612 836 2633 ac
853 2602 966 2634 sedem
991 2613 1065 2634 mu-

367 2643 496 2673 tabant.

411 2688 453 2717 64
477 2687 508 2717 A
524 2692 621 2727 patre
637 2687 767 2727 exacta]
798 2689 924 2720 Exacta
940 2699 959 2720 a
974 2689 1067 2720 vadi-

369 2730 428 2760 bu<
446 2736 514 2760 cst:
541 2740 559 2760 a
575 2736 668 2770 patre
685 2732 764 2762 data
779 2733 928 2764 vadibus.

412 2775 453 2803 (1¹5
491 2773 606 2814 Dea-io]
647 2774 786 2805 Variant
825 2777 857 2806 in
889 2777 950 2807 hac
987 2786 1066 2807 voce

368 2817 484 2855 scripti
511 2823 545 2846 et
568 2817 658 2847 editi.
703 2819 857 2858 Sigonius
881 2819 974 2850 dedit
995 2821 1064 2857 vici,

369 2859 516 2891 Andreas
529 2863 644 2900 agello.
670 2861 707 2892 ld
723 2862 810 2900 quod
827 2862 926 2894 habes
940 2864 974 2893 in
988 2873 1066 2894 con-

1103 2000 1214 2033 textu,
1227 1993 1406 2025 Rhenanus
1419 1998 1453 2024 et
1465 1993 1648 2023 Gronovius
1659 1992 1804 2032 amplexi

1104 2044 1197 2073 sunt.
1230 2048 1333 2077 quum
1372 2038 1560 2067 invenirent
1596 2038 1630 2067 in
1670 2037 1803 2077 scriptis

1105 2083 1189 2112 dci-o.
1222 2081 1317 2112 Unus
1334 2091 1351 2110 e
1367 2082 1488 2111 nostris
1506 2090 1571 2110 non
1588 2079 1705 2120 procul
1719 2081 1803 2119 abit,

1107 2126 1145 2157 de
1162 2127 1236 2156 ullo.

1148 2167 1217 2199 66*
1225 2168 1324 2209 Quod
1345 2167 1389 2198 ad
1409 2168 1544 2198 seniores
1559 2167 1708 2198 Patriam
1725 2177 1805 2208 per·
1821 2167 1825 2170 ’

1106 2214 1237 2249 tinent,
1269 2211 1442 2252 cessissent]
1486 2212 1636 2242 Seniores
1668 2212 1804 2250 quidem

1107 2257 1242 2287 Patrum
1261 2256 1459 2294 abjecissent
1473 2265 1566 2295 spem
1587 2260 1623 2285 et
1647 2261 1805 2285 conatum

1109 2299 1395 2335 administrandae,
1412 2309 1451 2328 ex
1468 2299 1641 2329 voluntate
1662 2304 1697 2328 et
1714 2297 1806 2328 utili-

1109 2349 1180 2374 tate
1209 2352 1270 2373 sua
1303 2348 1337 2373 et
1363 2342 1486 2377 ordinis
1514 2343 1578 2380 sui,
1602 2340 1805 2381 reipubliva’,

1109 2388 1246 2426 ejusque
1283 2387 1522 2426 possessionem
1558 2385 1701 2416 tribunis
1731 2384 1806 2415 reli-

1110 2432 1273 2469 quissent.

1153 2475 1191 2507 67
1203 2476 1222 2492 ¹*
1237 2474 1281 2505 Ut
1296 2483 1387 2504 nemo
1403 2472 1501 2513 unns]
1527 2472 1588 2508 Ut,
1604 2471 1738 2502 nemine
1755 2471 1805 2502 ita

1109 2518 1200 2548 inter
1225 2522 1352 2548 ceteros
1378 2517 1542 2554 insignem
1565 2525 1599 2544 se
1623 2515 1806 2555 praebente,

1111 2566 1150 2591 ut
1178 2571 1294 2592 eorum
1320 2560 1384 2591 dux
1413 2559 1513 2589 videri
1543 2564 1665 2598 posset,
1689 2567 1806 2588 omncs

1111 2604 1248 2635 domurn
1280 2603 1442 2634 referrent
1471 2612 1597 2642 parem,
1627 2607 1662 2632 et
1693 2601 1806 2641 gloriae

1111 2648 1199 2688 apud
1214 2657 1303 2685 suos,
1319 2651 1354 2677 et
1369 2645 1456 2686 apud
1474 2645 1603 2686 plebem
1624 2645 1755 2676 invidiae
1772 2650 1808 2676 et

1111 2691 1176 2722 odii
1197 2691 1344 2722 modum.

1154 2736 1194 2766 (³8
1218 2734 1346 2774 Adesse]
1374 2733 1416 2763 lis
1434 2732 1664 2771 litigantib1133
1692 2739 1808 2763 causas

1110 2787 1223 2808 eorum
1252 2779 1432 2817 suscipere,
1459 2780 1518 2806 aut
1548 2780 1637 2806 certe
1664 2777 1810 2806 auctori·

1109 2825 1177 2850 tate
1200 2827 1235 2851 et
1257 2821 1377 2860 gratia,
1393 2824 1551 2859 tunquam
1576 2819 1807 2859 advocati,ju-

1109 2874 1195 2894 vare.
