1969 3239
565 153 630 191 LI
645 155 690 191 Β,
719 153 764 190 V.
798 152 828 190 C
841 153 877 189 A
889 151 932 189 P.
959 149 1103 188 XLVI.
1475 147 1553 190 337

117 250 242 293 canii.-
306 252 354 293 Si
374 251 483 295 vobis
503 253 546 294 in
567 254 700 295 animo
730 260 786 294 est
805 251 911 293 tueri
929 251 1074 292 moenz‘a
1095 256 1244 300 vestra,
1265 263 1333 289 nec
1357 249 1451 303 pati
1471 247 1550 290 ltaec
1563 250 1605 281 U·
1624 249 1662 280 C.
1675 249 1752 305 36}-

118 309 253 350 οηίηἰα
276 307 587 365 (ιίιῖίἰαι)ι]ι“ε)·ἰ,
600 311 739 366 prima
759 309 904 365 vigilia
926 308 1056 364 capite
1077 321 1190 348 arma
1198 305 1434 361 frequentes
1449 323 1461 346 .-
1492 321 1550 347 me
1563 296 1602 324 A.
1621 293 1656 323 C·
1675 296 1747 326 3⁸¹·

123 365 339 422 sequimini
361 368 417 408 ad
435 366 587 420 casdem,
610 382 686 408 uon
707 367 764 407 ad
779 381 972 421 pugnam.
1003 365 1082 405 nisi
1103 360 1281 404 vinctos*
1300 377 1449 413 somno,
1468 362 1550 404 vel-

122 430 169 462 ut
183 421 190 442 ³
204 424 386 477 pecudes,
405 424 663 465 trucidandos
693 422 912 473 tradidero,
934 437 1012 463 uon
1043 435 1175 462 recuso
1207 419 1384 461 eumdem
1405 418 1551 460 Ardeae

123 494 259 521 rerum
280 496 458 521 mearum
480 481 642 530 avitum,
663 494 778 534 quem
802 478 941 520 Romae
961 478 1101 519 habui.

178 535 322 578 XLV.
355 537 506 592 quuis
547 537 787 590 iniquisque
828 550 1072 591 persuasum
1105 543 1209 585 erat,
1239 542 1405 574 tantum
1440 531 1552 573 bello

123 591 261 634 virum
286 594 495 634 neminem
520 608 695 647 usquam
719 609 768 634 ea
799 603 1051 648 tempestate
1072 606 1175 632 esse.
1236 590 1458 632 Concione
1489 589 1553 629 di-

124 649 266 700 missa,
288 653 466 706 corpora
493 660 656 699 curant,
680 651 847 699 intenti,
870 664 997 708 quam
1033 663 1131 689 mox
1166 649 1335 704 signum
1367 646 1552 687 daretur.

121 720 208 758 quo
228 707 342 760 dato,
366 707 513 762 primae
535 706 702 747 silentio
728 707 864 747 noctis
881 708 894 728 ⁸
931 706 983 746 ad
1006 715 1146 761 portas
1181 704 1364 746 Camillo
1395 713 1552 758 praesto

124 762 255 803 fuere.
317 761 501 817 Egressi,
526 763 636 804 haud
671 764 819 819 procul
855 764 972 813 urbe,
995 761 1125 803 sicut¹
1156 761 1412 818 praedictum
1448 769 1553 810 erat,

122 829 262 859 castra
296 819 532 870 Gallorum,
556 821 696 860 intuta
727 820 1006 875 neglectaque
1027 821 1080 860 ab
1116 819 1231 860 omni
1271 826 1391 873 parte
1425 816 1551 866 nacti,
1565 826 1647 857 Galli
1661 825 1701 855 ab

121 874 306 916 clamore
328 876 547 917 invadunt.
583 876 805 931 Nusquam
831 877 1048 933 proelium,
1069 876 1268 917 omnibus
1289 874 1393 915 locis
1414 873 1552 915 caedes
1565 869 1752 920 Arneatibus

121 940 212 973 est:
243 932 356 973 nuda
377 948 556 988 corpora
592 943 644 973 et.
664 934 802 974 soluta
839 948 989 974 somno
1027 932 1307 974 trucidantur.
1338 923 1645 972 extremoscae³¹·

126 997 267 1029 tamen
290 1004 422 1045 pavor
443 1006 492 1031 cu
503 991 655 1031 bilibus
678 992 763 1031 suis
785 991 965 1040 excitos,
987 1005 1083 1045 quae
1106 1000 1179 1030 aut
1202 988 1313 1030 unde
1335 988 1398 1028 vis
1429 996 1554 1037 esset,

122 1043 310 1100 ignaros,
332 1047 374 1087 in
398 1046 560 1102 fugam,
583 1058 624 1087 et
645 1048 849 1102 quosdam
876 1048 915 1087 in
940 1047 1104 1087 hostem
1136 1046 1274 1102 ipsum
1307 1044 1556 1100 inprovidos

124 1102 235 1142 tulit.
269 1117 424 1158 magna
447 1118 540 1160 pars
565 1105 604 1144 in
634 1119 781 1160 agrum
814 1103 1032 1144 Antiatem
1064 1102 1206 1153 delati,
1230 1102 1471 1143 incursione
1502 1101 1556 1141 ab

125 1159 352 1215 oppidanis
394 1161 436 1201 in
477 1160 641 1215 palatos
677 1162 805 1210 facta,
846 1160 1250 1201 circumveniuntur.
1312 1158 1470 1199 Similis
1513 1158 1557 1197 in

125 1230 230 1271 agro
250 1215 420 1257 Veienti
453 1215 690 1258 Tuscorum
719 1217 832 1258 facta
867 1222 1027 1273 strages
1062 1228 1149 1259 est:
1195 1216 1265 1272 qui
1304 1216 1434 1266 urbis,
1464 1214 1740 1269 jamTuscorum

124 1281 260 1327 prope
277 1274 744 1329 quadringentesimum
764 1289 921 1315 annum
942 1275 1107 1322 vicinae,
1125 1275 1339 1329 obpressae
1361 1272 1415 1313 ab
1435 1271 1558 1312 hoste
1570 1276 1687 1321 strages
1703 1272 1735 1319 {¹¹

126 1329 381 1370 invisitato¹¹¹
422 1331 712 1387 inauditoque,
749 1332 854 1372 adeo
893 1331 999 1371 nihil
1035 1331 1240 1371 1niseriti·¹
1279 1339 1391 1379 sunt,
1431 1337 1479 1370 ut
1515 1329 1556 1368 in
1570 1316 1771 1388 ssffrfflffien‘

126 1395 277 1441 agrum
302 1386 545 1428 Romanum
567 1403 617 1429 eo
639 1399 830 1444 tempore
851 1388 1113 1429 incursiones
1136 1387 1338 1436 facerent,
1362 1383 1560 1441 plenique
1599 1380 1607 1388 ’

127 1442 284 1497 praedae
322 1441 451 1484 Veios
485 1445 630 1495 etiam,
654 1445 984 1500 praesidiumque
1018 1455 1061 1484 et
1090 1458 1206 1499 spem
1242 1443 1433 1491 ultimam
1470 1441 1559 1482 Ro-

128 1499 243 1538 mani
279 1502 490 1551 nominis‚·
514 1502 554 1542 in
593 1503 734 1543 animo
769 1501 994 1542 habuerint
1029 1501 1292 1556 obpugnare.
1353 1498 1561 1539 Viderant

127 1570 201 1595 eos
224 1555 378 1597 milites
414 1557 615 1610 Romani,
637 1568 840 1614 vagantes
865 1573 935 1614 per
957 1573 1081 1614 agros
1102 1567 1146 1598 et
1179 1564 1463 1612 congregatos
1486 1569 1561 1611 ag-

127 1612 258 1662 mine,
293 1614 480 1668 praeslam
517 1630 604 1671 pra:
641 1630 684 1656 se
716 1626 905 1671 agentes,
927 1624 969 1655 et
1006 1626 1144 1655 castra
1180 1615 1410 1654 cernebant
1446 1611 1562 1653 haud

129 1669 278 1724 procul
299 1670 411 1711 Veiis
436 1673 587 1727 posita.
612 1672 709 1713 inde
730 1672 915 1727 primum
937 1672 1152 1712 miseratio
1173 1671 1252 1721 sui,
1275 1669 1427 1711 deinde
1449 1672 1481 1697 ⁶⁹
1497 1669 1560 1709 in-

130 1725 332 1780 dignitas,
351 1729 479 1782 at'que
495 1743 548 1768 ex
562 1743 611 1769 ea
635 1730 694 1770 ira
707 1730 871 1770 animos
885 1729 1013 1784 cepit,
1028 1726 1260 1769 Etruscisne
1273 1727 1411 1780 etiagn,
1425 1740 1449 1766 α
1467 1725 1560 1781 qui·

130 1781 200 1822 b'u's
221 1782 367 1823 bellum
391 1783 601 1827 Gallicum
622 1785 665 1826 in
685 1800 723 1826 se
743 1786 987 1836 avertissent,
1005 1784 1178 1825 ludibrio
1195 1798 1272 1825 esse
1288 1782 1419 1824 clades
1436 1780 1561 1839 suas?

129 1838 216 1879 Vix
251 1842 536 1895 temperavere
565 1843 856 1897 animiS,'quiu
879 1843 1097 1896 extemplo
1128 1842 1319 1896 inpetum
1342 1839 1558 1881 facerent:

126 1901 161 1924 ⁷⁰
175 1898 492 1953 compressique
507 1914 531 1940 a
546 1899 738 1940 Caedicio
753 1900 1017 1948 centurione,
1031 1913 1157 1953 quem
1171 1898 1342 1938 sibimet
1356 1896 1435 1952 ipsi
1452 1897 1561 1952 prae-

130 1950 334 2004 fecerant,
357 1959 442 1995 rem
466 1956 508 1996 in
528 1968 697 1997 noctem
721 1957 972 1997 sustinuere.
993 1955 1177 1995 Tantum
1199 1969 1272 2009 par
1290 1953 1472 1994 Camillo
1489 1952 1562 1992 de-

133 2008 216 2049 fuit
238 2020 401 2061 auctor,
422 2023 562 2053 cetera
583 2014 730 2054 eodem
754 2014 902 2054 ordine
931 2012 1167 2067 eodemque
1191 2011 1375 2052 fortunae
1405 2019 1561 2050 eventu

132 2075 266 2120 gesta.
296 2068 399 2122 quin
422 2069 565 2120 etiam,
586 2070 766 2110 ducibus
787 2070 985 2124 captivis,
1003 2070 1074 2123 qui
1109 2069 1217 2109 caedi
1240 2076 1461 2108 nocturnae
1493 2080 1563 2105 su-

133 2122 391 2176 perfuerant,
413 2125 463 2166 ad
486 2125 610 2167 aliam
637 2141 820 2176 pianum
841 2126 1077 2168 Tuscorum
1104 2125 1156 2166 ad
1177 2124 1339 2165 Salinas
1363 2122 1561 2178 profecti,

131 2189 258 2219 nocte
278 2179 515 2235 insequenti
536 2197 589 2224 ex
613 2184 829 2239 inproviso
851 2183 1056 2238 majorem
1086 2182 1247 2223 caedem
1279 2179 1462 2231 edidere,
1484 2179 1563 2220 du-

131 2235 318 2290 plicique
337 2237 517 2279 victoria
536 2252 711 2280 ovantes
731 2240 860 2281 Veios
881 2241 1071 2280 redeunt.

189 2292 358 2334 XLVI.
410 2293 564 2337 Romae
615 2297 782 2338 interim
834 2297 1082 2353 plerumque
1121 2295 1288 2336 obsidio
1330 2293 1470 2348 segnis
1519 2300 1561 2332 et

134 2350 346 2404 utrimque
375 2350 588 2403 silentium
627 2367 732 2404 esse,
763 2354 812 2394 ad
846 2355 887 2394 id
924 2364 1060 2394 tantun
1123 2352 1297 2392 intentis
1329 2349 1478 2399 Gallis,
1509 2362 1563 2389 ne

132 2406 226 2460 quis
248 2406 436 2447 hostium
459 2409 636 2449 evadere
668 2410 777 2450 inter
798 2411 999 2451 stationes
1035 2368 1197 2464 pgsset:
1229 2422 1360 2463 quum
1391 2416 1587 2460 repente·

128 2462 300 2515 juvenis
325 2463 546 2505 Romanus
569 2465 848 2506 admiratione
870 2468 911 2507 in
936 2481 978 2506 se
1000 2468 1113 2507 cives
1134 2466 1362 2519 hostesque
1386 2476 1563 2504 conver-

135 2518 200 2560 tit.
258 2519 524 2562 Sacrificium
547 2531 636 2562 erat
657 2531 811 2563 statum
835 2524 876 2564 in
901 2523 1113 2566 Quirinali
1135 2522 1242 2563 colle
1264 2521 1380 2576 genti
1405 2519 1562 2560 Fabiae.

175 2613 192 2635 ¹¹
213 2617 308 2646 victos
318 2618 417 2648 (ἐι-οη.
432 2619 522 2648 (trev.
753 2619 760 2639 ἰ
782 2618 877 2649 veluti
892 2620 976 2649 Eaed.
1194 2617 1210 2637 k
1232 2619 1330 2647 noctis
1345 2617 1466 2646 silentio
1481 2614 1564 2644 Eaed.

136 2658 145 2680 ¹
163 2659 257 2706 sicani
270 2660 352 2691 Eaed.
525 2666 549 2680 ¹¹¹
572 2662 719 2692 inusitato
735 2662 818 2692 Eaed.
989 2668 1005 2682 ¹¹
1028 2663 1144 2691 miserti
1160 2662 1242 2691 Eaed.

178 2742 454 2784 69*Indig⁷1itas]
502 2747 703 2785 Indignatio.
752 2746 830 2778 vid.
872 2752 940 2785 tur,
958 2748 1044 2786 quod
1060 2748 1127 2778 duo
1143 2758 1160 2776 e
1176 2748 1296 2777 uostris
1313 2746 1455 2775 habent:
1478 2745 1564 2775 Com-

135 2792 205 2816 Ἠοῖ·
221 2791 272 2820 99-
289 2788 331 2818 ad
345 2789 370 2818 Ι·
389 2792 440 2820 40-
867 2793 969 2830 pressi
984 2801 1005 2821 a
1028 2791 1070 2831 Q.
1098 2792 1238 2821 Ckedicio.
1285 2791 1320 2820 C<
1334 2796 1381 2819 rte
1406 2787 1567 2828 particula

136 2871 143 2879 .
179 2824 221 2863 76
249 2830 480 2873 Compressique
494 2843 514 2862 α
532 2832 675 2871 Cediein]
704 2833 824 2864 Parum
869 2845 928 2874 que
946 2845 1010 2864 non
1027 2834 1106 2864 satis
1126 2835 1200 2864 hui«.-
1219 2834 1289 2864 loco
1307 2832 1472 2863 convenit.

135 2879 292 2903 interest:
316 2875 373 2904 sed
396 2880 509 2905 tamen
534 2876 721 2915 elegantius
737 2876 824 2907 vide-

192 2926 299 2957 VOL.
321 2930 353 2958 1.
975 2933 997 2961 Z
