1925 3239
513 115 634 156 LIB.
650 114 732 156 .1X.
769 115 897 157 CAP.
925 115 1119 155 XXXIX.
1466 122 1535 156 541

106 229 182 273 per
204 215 375 259 Marsos
405 232 455 259 ac
479 215 671 260 'Sabinos
703 218 892 274 petituri,
914 218 947 259 si
981 217 1175 259 Marcius
1206 218 1437 260 dimicandi
1471 234 1546 274 po·
1559 232 1600 262 U.
1618 232 1654 262 C.
1671 233 1742 263 444,

106 284 305 315 testatem
346 289 432 316 non
474 274 620 316 faciat.
681 275 850 322 Obvius
893 276 943 315 iis
983 275 1134 316 consul
1165 276 1262 316 fuit.
1294 277 1544 318 dimicatum
1560 277 1745 308 A·C·30÷¹·

108 330 265 386 proelio
289 332 503 386 utrimque
526 332 678 382 atroci,
701 342 829 387 atque
859 332 1024 373 incerto
1056 343 1210 373 eventu
1243 343 1322 372 est.
1343 344 1386 373 et
1416 348 1547 388 quum

107 402 266 443 anceps
289 389 429 430 caedes
450 388 618 453 fuisset,
639 389 827 429 adversae
852 399 992 429 tamen
1017 389 1075 429 rei
1109 389 1222 429 fama
1253 390 1294 429 in
1329 389 1549 430 Romanos

114 446 254 496 vertit,
287 446 345 486 ob
374 446 553 486 amissos
583 446 790 500 quosdam
827 447 1033 500 equestris
1065 446 1241 495 ordinis,
1275 448 1550 501 tribunosque

111 501 314 553 militum,
344 511 473 556 atque
503 517 635 542 unum
678 502 882 558 legatum,
914 513 957 542 et
985 507 1030 557 (c
1038 503 1119 543 uod
1165 503 1332 557 insigne
1363 505 1550 543 maxime

111 556 214 608 fuit)
236 558 455 600 consulis'
447 560 579 615 ipsius
606 558 771 600 vulnus.
832 559 904 600 Ob
927 559 1020 600 haec
1043 560 1169 600 etiam
1202 568 1328 600 aucta
1350 559 1462 600 fama
1484 565 1550 612 (ut

112 614 270 665 solet)
262 630 412 671 lngens
437 627 571 656 terror
597 614 745 656 Patres
776 616 948 666 invasit,
969 616 1310 671 dictatoremque
1340 616 1424 657 dici
1460 617 1548 671 pla-

110 672 265 714 cebat:
310 687 402 723 nec,
433 673 535 727 quin
580 671 740 713 Culsor
773 672 968 727 Papirius
1000 673 1225 723 diceretur,
1258 673 1298 713 in
1338 688 1424 727 quo
1457 684 1547 714 tum

114 743 282 769 summa
310 730 370 770 rei
406 729 570 770 bellicae
602 731 858 793 ponebatur,
889 730 1064 770 dubium
1098 731 1298 785 cuiquam
1329 740 1443 770 erat·
1477 731 1548 771 sed

111 799 192 827 nec
222 785 267 827 in
299 786 521 827 Samnium
553 786 760 828 nuncium
792 786 984 842 perferri,
1015 787 1215 827 omnibus
1247 786 1427 837 infestis,
1455 797 1548 828 tuto

110 856 263 898 posse3
291 857 372 884 nec
395 843 538 883 vivere
561 842 776 884 Marcium
799 843 1014 884 consulem
1040 843 1139 884 satis
1165 843 1369 885 fidebant.
1429 843 1550 885 Alter

113 899 264 940 consul
285 903 313 924 ⁵¹
332 899 488 941 Fabius
511 899 691 940 infestus
713 900 913 956 privatim
938 900 1111 954 Papirio
1134 909 1248 942 erat:
1281 915 1377 956 quae
1404 914 1458 941 ne
1488 900 1552 942 ira

112 956 305 997 obstaret
326 957 440 997 bono
462 956 652 1011 publico,
673 956 838 1012 legatos
859 971 913 997 ex
935 957 1223 998 consularium
1245 971 1423 998 numero
1452 958 1550 998 mit-

114 1012 265 1053 tendos
286 1013 339 1054 ad
361 1027 459 1054 eum
490 1023 660 1054 senatus
691 1015 882 1056 censuit:
914 1014 986 1069 qui
1019 1029 1095 1055 sua
1124 1029 1295 1069 quoque
1326 1028 1439 1064 eum,
1465 1028 1551 1055 non

111 1066 287 1124 publica
308 1070 460 1119 solum,
481 1071 738 1111 auctoritate
758 1080 994 1122 mov·‚e1ent
1018 1080 1064 1111 ut
1087 1071 1336 1111 memoriam
1359 1046 1518 1111 siniult·
1518 1086 1551 1110 ι-

113 1126 221 1167 tium
244 1128 394 1182 patriae
420 1127 664 1168 remitteret.
727 1127 914 1168 Profecti
948 1127 1078 1183 legati
1113 1128 1165 1169 ad
1203 1128 1384 1168 Fabium
1418 1142 1550 1182 quum

116 1183 533 1226 senatusconsultum
585 1183 872 1234 tradidissent,
923 1185 1264 1248 atljecissentque
1312 1185 1550 1225 orationem

113 1241 441 1282 convenientem
474 1241 702 1291 mandatis,
725 1241 889 1292 consul,
921 1242 1146 1282 demissis
1139 1256 1178 1281 in
1215 1251 1370 1282 terram
1401 1241 1551 1292 oculis,

116 1297 272 1338 tacitus
293 1298 349 1339 ab
370 1298 555 1348 incertis,
576 1297 780 1353 quidnam
809 1306 979 1339 acturus
1011 1300 1160 1349 esset⁰‚
1178 1297 1330 1354 legatis
1363 1299 1551 1339 recessit.

114 1364 244 1395 nocte
265 1354 420 1396 deinde
441 1358 473 1380 ⁵⁹
488 1355 656 1396 silentio
679 1359 745 1408 (ut
765 1369 854 1395 mos
876 1356 959 1405 est)
984 1355 1032 1397 L.
1058 1330 1275 1409 Papirium
1297 1355 1518 1396 dictatore·
1511 1370 1549 1395 n
1563 1362 1678 1392 Fabius
1694 1364 1749 1392 Pa-

114 1409 250 1454 dixit.
286 1412 356 1454 cui
378 1426 511 1467 quum
532 1413 590 1453 ob
613 1412 803 1452 animum
839 1412 1011 1467 egregie
1035 1412 1193 1452 xictum
1228 1412 1358 1468 legati
1393 1407 1752 1467 gratiaswrffl'ssdffi·

114 1477 304 1523 agerent,
325 1469 591 1510 obstinatum
614 1468 828 1509 silentium
855 1469 1059 1519 obtinuit,
1078 1483 1128 1510 ac
1150 1469 1239 1509 sine
1275 1483 1477 1532 responso
1500 1484 1549 1510 ac
1561 1455 1694 1523 ἓξὲξῖεω

110 1525 329 1567 mentione
361 1525 464 1566 facti
497 1526 561 1566 sui
593 1525 774 1590 legatos·
791 1525 968 1577 dimisit,
996 1535 1043 1566 ut
1074 1526 1549 1581 adpaleret‚1n51gnem

111 1581 303 1623 dolorem
343 1582 507 1638 ingenti
550 1582 778 1646 comprimi
820 1583 978 1623 animo.
1039 1582 1236 1638 Papirius
1280 1583 1331 1624 C.
1364 1582 1547 1624 Junium

118 1637 364 1680 Bubulcum
368 1641 635 1704 ’magistrum
657 1640 848 1694 equitum
873 1640 1012 1680 dixit.
1045 1650 1172 1694 atque
1194 1654 1247 1689 ei,
1271 1642 1298 1663 55
1317 1639 1452 1695 legem
1477 1654 1553 1680 cu-

115 1694 267 1736 riatam
291 1695 376 1736 de
366 1696 546 1760 imperio
568 1696 738 1750 ferenti
760 1697 879 1736 triste
901 1710 1024 1737 omen
1058 1699 1088 1720 ⁵4
1101 1697 1214 1737 diem
1242 1673 1414 1747 diffidit,
1437 1697 1553 1751 quod

116 1751 277 1794 Faucia
309 1753 426 1794 curia
455 1753 534 1794 fuit
574 1753 896 1807 ⁵⁵p11nc1p1um,
927 1753 1091 1794 duabus
1132 1753 1311 1808 insignis
1343 1753 1552 1803 cladibus,

114 1818 255 1864 captae
273 1810 405 1861 urbis,
420 1820 463 1851 et
486 1809 695 1851 Caudinae
719 1825 864 1865 paels.
855 1827 864 1834 ·
885 1810 1044 1865 ⁵⁶quod
1071 1819 1250 1864 utroque
1272 1825 1385 1850 anno
1404 1824 1439 1849 e
1430 1810 1550 1850 idem

115 1867 260 1906 curia·¹
282 1866 419 1907 fuerat
444 1866 720 1922 principium.
779 1866 931 1907 Macer
955 1866 1144 1907 Licinius
1169 1866 1292 1906 tertia
1312 1869 1438 1908 etiam
1463 1866 1549 1906 cla-

116 1922 184 1973 de,
206 1938 303 1978 quae
325 1923 378 1964 ad
401 1923 645 1965 Cremeram
667 1932 844 1979 accepta
864 1934 942 1974 est,
962 1930 991 1953 ⁵7
1007 1923 1337 1965 abominandam
1361 1937 1454 1971 eam
1477 1938 1552 1964 cu-

120 1979 227 2020 riam
250 1979 370 2021 facit.

173 2035 421 2078 XXXIX.
441 2036 641 2079 Dictator
663 2047 834 2093 postero
856 2037 940 2088 die,
964 2035 1165 2091 auspiciis
1188 2034 1393 2091 repetitis,
1411 2045 1553 2090 pertu-

319 2155 333 2170 ‘
354 2154 428 2179 esset
443 2154 571 2179 acturus
583 2150 681 2179 Gron.
701 2150 791 2178 Crev.

127 2240 129 2243 ’
160 2233 195 2262 51
224 2230 346 2261 Fabius
367 2229 504 2270 infestus
522 2233 684 2274 privatim
709 2230 815 2269 Papi-

114 2274 163 2304 rio
185 2275 271 2314 erat]
304 2274 435 2313 Nempe
463 2273 518 2303 hic
552 2274 667 2304 Fabius
697 2284 788 2304 cons·
791 2273 814 2303 11

115 2321 168 2348 est
197 2317 255 2347 ille
284 2318 354 2357 ipse
375 2326 475 2356 quem
500 2318 698 2356 magistrum
722 2318 814 2355 equi-

118 2366 194 2390 tum
218 2361 370 2400 Papirius
393 2360 537 2390 dictator
553 2360 671 2391 ultimo
687 2359 813 2400 suppli-

114 2403 167 2433 cio
197 2405 328 2434 afficere
356 2402 521 2441 voluerat,
553 2410 593 2433 ut
629 2404 701 2434 fuse
739 2413 814 2432 nar-

115 2447 200 2478 ravit
227 2446 341 2478 Livius
368 2446 392 2477 1.
415 2445 506 2478 Vlll.
530 2456 632 2487 supra
653 2456 682 2477 c.
706 2449 758 2477 30.
781 2450 815 2476 et

116 2499 185 2528 seq.

142 2535 184 2564 52
202 2532 349 2573 Silentia]
363 2531 436 2563 Vid.
449 2536 518 2562 not.
535 2535 589 2562 44.
605 2531 646 2562 ad
658 2531 749 2562 vm.
760 2534 812 2562 ⁶23.

150 2579 191 2607 53
219 2577 339 2615 Legem
361 2577 527 2606 curiatam
549 2576 588 2606 de
609 2577 742 2614 imperio
751 2575 809 2614 se-

115 2619 216 2659 renti]
235 2619 369 2650 Ferenti
385 2619 424 2650 de
441 2619 570 2649 solenni
587 2628 677 2648 more
701 2618 809 2657 legem

118 2663 161 2692 ad
197 2662 358 2702 populum
389 2662 545 2693 curiatim
576 2669 810 2697 convocatum,

119 2714 185 2744 qua
212 2706 275 2736 sibi
296 2706 432 2736 daretur
454 2705 630 2745 imperium
655 2704 810 2734 militare.

118 2747 371 2786 Magistratibus
402 2749 493 2779 enim
530 2757 601 2778 rem
634 2747 812 2778 militarem

118 2792 286 2830 attingere
303 2801 370 2821 non
393 2792 527 2828 licebat,
543 2792 735 2831 priusquam
760 2801 814 2820 co-

120 2834 222 2866 mitiis
239 2835 372 2866 curiatis
388 2835 565 2875 imperium
585 2834 728 2865 militare
757 2845 811 2874 po-

962 2146 977 2167 ‘¹
999 2147 1133 2189 ejusdcm
1149 2149 1243 2177 eurise
1258 2148 1341 2177 Eaed.

857 2228 955 2269 pultis
971 2229 1050 2268 ipsis
1074 2228 1282 2258 mandasset.>
1319 2229 1408 2258 Hinc
1432 2228 1452 2258 1.
1468 2229 1506 2259 V.
1525 2240 1551 2259 ο.

858 2275 909 2303 5⁶2.
928 2273 1064 2302 comitia
1078 2272 1206 2301 curiata
1226 2272 1386 2302 dicuntur
1400 2283 1467 2302 rem
1495 2274 1554 2302 nii-

857 2315 987 2345 litarem
1005 2315 1187 2344 continere.
1554 2322 1558 2326 ·

900 2362 939 2389 54
964 2358 1060 2389 Diem
1078 2357 1212 2398 dg'ffi'dit]
1234 2358 1313 2387 Rem
1332 2358 1364 2386 in
1383 2365 1550 2397 posterum

857 2402 945 2432 diem
962 2402 1094 2440 rejicere
1112 2403 1230 2439 coegit.

902 2449 940 2475 55
967 2445 1190 2483 Principiam]
1211 2444 1415 2482 Principium
1432 2450 1482 2473 est
1499 2443 1552 2473 hic

857 2488 945 2518 idem
984 2489 1069 2526 quod
1102 2490 1334 2527 proerogue'ivcr.
1381 2487 1553 2525 centuria,

858 2533 962 2569 curia,
993 2532 1096 2561 tribus
1130 2532 1331 2569 principium
1369 2530 1552 2567 dicebatur,

855 2584 927 2612 qua>
975 2576 1080 2613 prima
1125 2574 1303 2612 rogabatur
1346 2574 1552 2614 suffragium.

855 2617 927 2647 vid.
945 2618 1046 2646 Gron.
1061 2618 1082 2647 l.
1102 2617 1156 2647 lv.
1171 2617 1308 2656 Observ3
1326 2627 1353 2646 c.
1376 2620 1400 2646 1.

898 2663 938 2690 56
963 2662 1058 2701 [guod
1086 2665 1219 2699 utroque
1242 2660 1339 2699 anno]
1367 2660 1551 2689 Gronovius

855 2703 932 2732 ibid.
951 2703 1121 2741 legijubct
1136 2716 1141 2732 ς
1167 2713 1226 2741 qem
1244 2709 1376 2742 utroque
1398 2713 1483 2733 anno
1499 2713 1551 2732 εα-

857 2747 927 2777 dem
945 2746 1163 2786 ‹ww-infirmat
1176 2749 1387 2785 strzthpe’unz.

902 2794 938 2823 57
956 2796 970 2812 Ἃ
987 2790 1257 2829 Abominandum]
1299 2789 1390 2820 Male
1425 2790 1555 2819 omina-

860 2840 940 2863 tani.
