1914 3239
656 156 1033 196 I'RAEFATIO.
1162 154 1166 157 ’
1560 160 1584 192 5

128 260 341 316 exemplis
380 261 514 303 ditior
554 260 659 302 fuit:
695 262 724 283 ¹⁶²
739 274 818 301 nec
852 260 894 300 in
922 273 1050 315 quam
1079 257 1329 300 civitateme
1352 265 1442 298 tam
1470 272 1576 300 serae

127 317 306 357 avaritia
345 316 601 372 luxuriaque
623 316 979 372 inmigraverint:
1015 329 1093 356 nec
1124 315 1199 356 ubi
1229 322 1374 355 tantus
1404 328 1455 354 ac
1487 324 1577 356 tam

125 373 200 413 diu
240 374 485 429 paupertati
517 388 567 414 ac
606 373 883 428 parsimonia:
920 372 1060 413 honos
1096 370 1242 412 fuerit.
1268 370 1392 420 adeO,
1412 380 1577 425 quanto

125 443 267 470 rerum
290 431 448 480 minus,
465 438 587 470 tanto
608 429 748 470 minus
771 428 1024 485 cupiditatis
1042 436 1148 469 erat.
1194 429 1221 451 ¹³
1238 427 1392 482 Nuper
1409 426 1577 468 divitiae

125 486 367 536 avaritiam,
389 494 433 526 et
461 486 737 527 abundantes*
761 486 1005 540 voluptates
1035 484 1295 525 desiderium
1319 497 1395 538 per
1423 481 1577 526 luxum

125 551 255 596 atque
277 541 500 584 libidinem
527 541 733 598 pereundi
759 542 1051 598 perdendique
1073 540 1220 581 omnia
1239 540 1459 581 invexere.
1490 539 1575 594 Sed

124 598 324 652 querelae,
356 612 409 638 ne
441 607 533 640 tum
564 599 738 652 quidem
778 608 915 654 gratae
948 598 1122 647 futurae,
1153 611 1285 651 quum
1319 595 1501 636 forsitan
1533 606 1577 637 et

124 654 375 695 necessariae
395 663 537 705 erunt,
550 656 605 695 ab
629 654 756 694 initio
772 664 889 695 certe
909 663 1042 695 tantae
1066 652 1310 694 ordiendae‘¹
1333 652 1390 692 rei
1415 651 1575 694 absint.

125 711 238 752 Cum
270 711 395 752 bonis
439 714 468 734 ¹⁴
484 712 629 766 potius
663 711 882 752 ominibus
921 712 1120 765 votisque
1160 725 1209 750 ac
1252 709 1575 764 precationibus

128 766 321 808 Deorum
346 766 639 822 Deammque,
663 768 714 817 si,
737 777 785 808 ut
808 768 964 822 poetis,
987 767 1114 808 nobis
1135 779 1309 820 quoque
1333 780 1424 805 mos
1447 776 1574 816 esset,

123 822 328 864 libentius
359 823 663 879 inciperemuS,
688 832 735 864 ut
759 824 911 865 ”orsis
934 824 1043 865 tanti
1067 823 1209 878 operis
1232 836 1454 863 successus
1477 836 1576 878 pro-

125 893 272 934 speros
295 881 461 921 darent.

390 974 403 988 Ε
424 970 579 998 civitatem
595 967 654 999 del.
670 967 772 999 Gron.

169 1045 205 1073 1⁶:
231 1043 302 1073 N'ec
327 1044 360 1073 in
384 1053 484 1084 quam
513 1042 692 1081 civitatem]
736 1042 824 1073 Ulti-

123 1094 212 1115 mam
245 1096 372 1123 vocem,
404 1097 504 1125 quam
537 1087 693 1125 ignorant
726 1086 824 1125 vulgo

121 1129 216 1166 editi,
232 1129 304 1159 dac.
322 1129 508 1159 Gronovius
525 1137 655 1159 exstare
679 1130 824 1159 affirmat

120 1171 155 1201 in
182 1173 418 1211 antiquissima
439 1174 590 1202 omnium
608 1173 756 1202 editione
781 1173 821 1202 ab

119 1215 254 1245 Andrea
281 1215 455 1253 adornata,
471 1221 506 1245 et
533 1216 566 1245 in
593 1215 716 1246 Aldina
743 1216 822 1245 anni

126 1260 219 1289 1518.
244 1259 278 1288 in
303 1259 436 1298 seriptis
464 1268 540 1288 vero
566 1265 709 1298 septem.
755 1258 824 1288 Nos

121 1310 194 1331 eam
213 1301 328 1331 itidem
348 1302 382 1331 in
405 1302 561 1331 omnibus
587 1302 710 1331 nostris
734 1302 826 1331 inve-

121 1345 243 1374 nimus.
288 1344 377 1374 Huic
397 1345 490 1374 MSS.
508 1345 661 1374 codicum
687 1354 828 1374 consen-

119 1388 172 1417 sui
200 1397 388 1427 repugnare
410 1388 459 1417 sas
476 1397 543 1417 non
568 1397 638 1416 esse
656 1387 824 1417 duximus.

121 1429 272 1461 offendit
302 1431 460 1468 editores,
486 1440 561 1469 quae
588 1431 658 1459 visa
682 1437 733 1460 est
756 1440 825 1461 uon

121 1475 308 1504 necessaria
336 1484 410 1503 vox.
456 1473 521 1503 Sed
543 1472 707 1511 ejusmodi
725 1475 826 1503 itera-

121 1517 299 1555 tiones‚vel
316 1516 462 1547 nominis
481 1516 630 1555 ejusdem
651 1521 725 1556 post
741 1517 825 1546 rela-

120 1560 242 1596 tivum,
261 1559 311 1589 vel
341 1559 547 1589 diversorum
572 1559 722 1597 ejusdem
750 1569 826 1590 sen—

123 1612 178 1632 sus
196 1604 386 1639 nominum,
404 1603 614 1632 creberriniae
631 1607 712 1632 suut
735 1602 823 1642 apud

121 1645 260 1676 Latinos
278 1646 469 1686 scriptores.

167 1692 204 1719 13
231 1689 368 1728 quperJ
397 1688 534 1719 Divitiae
548 1690 698 1719 invexere
713 1691 826 1719 avari-

120 1732 216 1770 tiam,
233 1732 254 1762 i.
271 1742 300 1763 c.
324 1733 416 1762 sitim
433 1732 628 1763 divitiarum
643 1743 654 1772 3
679 1737 710 1763 et
724 1733 827 1764 abun·

902 967 915 988 d
940 968 1099 998 ordiundae
1113 968 1210 997 Gron.
1227 968 1317 997 Crev.

869 1044 983 1074 dantes
1005 1045 1188 1083 voluptates
1205 1043 1402 1074 desiderium
1426 1043 1574 1082 ipsarum

870 1087 1097 1126 voluptatum,
1114 1087 1194 1117 dum
1220 1083 1303 1116 luxu
1331 1085 1458 1116 solutos
1487 1087 1574 1115 cives

869 1129 970 1159 libido
987 1130 1139 1168 quaedam
1168 1129 1329 1170 pereundi
1347 1129 1575 1168 perdendique

867 1174 982 1202 omnia
1022 1174 1139 1211 agitat.
1194 1172 1259 1202 Alii
1291 1172 1425 1202 malunt
1458 1173 1575 1202 deside-

868 1217 956 1245 rium
968 1216 1130 1255 pereundi
1148 1216 1369 1255 perdendique
1383 1217 1492 1246 omnia
1513 1225 1577 1254 per

870 1260 989 1289 luxum
1005 1263 1104 1298 alque
1118 1260 1299 1289 libidinem.

919 1305 956 1333 14
979 1302 1098 1332 Potius
1111 1324 1118 1331 .
1139 1325 1144 1331 .
1165 1299 1352 1339 ,libentius]
1380 1301 1576 1332 Sufficiebat

871 1346 1032 1376 libentius.
1077 1344 1174 1374 *Sed
1198 1345 1363 1381 ejusmodi
1389 1344 1577 1384 pleonasmi

870 1398 938 1419 non
954 1389 1110 1418 inusitati
1129 1385 1212 1417 sunt
1228 1387 1316 1427 apud
1333 1389 1478 1427 optimos
1495 1388 1576 1418 scri·

868 1438 994 1471 ptoreS,
1012 1432 1068 1470 qui
1085 1431 1321 1471 perspicuitati
1339 1431 1486 1461 maxime
1508 1441 1577 1461 ser-

868 1476 976 1505 viunt.

919 1522 954 1549 15
984 1517 1074 1547 Orsis
1089 1518 1176 1547 tanti
1199 1516 1318 1557 operis]
1342 1516 1454 1546 Tanto
1479 1517 1577 1546 insti-

868 1565 945 1591 tuto
977 1562 1080 1600 operi.
1137 1560 1222 1590 Orsa
1259 1561 1362 1599 operis
1397 1561 1572 1598 inceptum

869 1613 964 1644 opus.
987 1604 1041 1633 Sic
1054 1603 1182 1633 Statius
1196 1603 1251 1633 lv.
1266 1602 1353 1642 Sylv.
1370 1602 1451 1636 7.ad
1465 1603 1572 1633 Maxi—

870 1657 964 1677 mum
987 1646 1150 1677 Junium:
1192 1645 1274 1676 Orsa
1299 1645 1442 1676 Sallusti
1457 1647 1571 1685 brevis,

869 1700 930 1731 pro
946 1700 1043 1731 opere
1061 1691 1132 1730 ipso
1149 1689 1310 1720 Sallustii.
1456 1689 1460 1699 ’

805 2912 880 2948 138
