1925 3239
126 217 168 247 U.
186 215 223 244 C.
240 217 314 245 401.

127 260 167 289 A.
185 258 222 288 C.
238 260 315 288 351.

338 109 416 143 420
872 100 1233 139 T1T1L1V11

344 219 457 246 main
476 211 611 252 erant,
632 198 778 242 mitior
801 201 897 242 fuit.
933 201 1072 241 medio
1097 201 1139 240 in
1162 199 1254 240 foro
1276 213 1424 239 omnes
1447 198 1578 254 virgis
1599 199 1698 240 caesi
1731 214 1780 239 ac

345 261 482 301 securi
524 259 725 313 percussi.
758 257 797 297 id
836 271 912 310 pro
949 257 1163 296 inuiolatis
1197 257 1239 296 in
1276 255 1370 296 foro
1407 254 1781 309 Tarquiniensium

130 330 245 359 Foedus
261 337 331 358 cum
350 316 554 357 Romanis
579 328 719 368 poenae
745 313 939 352 hostibus
963 313 1188 352 redditum.
1251 311 1335 350 Res
1361 310 1471 350 bello
1502 312 1610 350 bene
1631 320 1779 365 gestae,

131 371 333 402 Samnitibus.

142 845 184 876 U.
203 845 241 875 C.
258 846 332 875 402.

141 890 180 918 A.
198 888 235 917 C.
255 890 328 917 350.

143 932 178 960 C.
195 930 333 967 Sulpicio

141 973 196 1002 lv.
214 973 259 1001 M.
274 972 335 1000 Va-

141 1015 218 1043 lerio
232 1015 273 1044 11.

143 1059 229 1086 (foss.

347 382 394 412 ut
416 373 627 412 Samnites
650 383 820 422 quoquc
842 367 1075 406 amicitiam
1102 377 1307 421 peterent,
1325 365 1574 406 effecerunt.
1609 366 1779 420 Legatis

347 441 493 468 eorum
516 426 695 466 comiter
717 428 769 463 ab
793 434 940 462 senatu
967 436 1241 476 responsum:
1274 422 1437 462 foedere
1471 422 1511 460 in
1535 422 1780 460 societatem

347 483 530 537 accepti.
592 480 690 519 Non
714 479 859 518 eadem
884 478 1014 525 domi,
1037 493 1133 531 quae
1159 478 1336 527 militiae,
1362 477 1534 516 fortuna
1559 486 1651 516 erat
1674 476 1784 530 plebi

349 539 577 580 Romanae.
600 550 695 575 nam
720 535 814 581 etsi,
840 533 1026 573 unciario
1051 534 1218 573 foeuore
1235 533 1363 582 facto,
1383 533 1520 572 levata
1539 546 1664 572 usura
1685 541 1789 581 erat,

350 604 462 635 sorte
494 594 587 646 ipsa
622 591 910 630 obruebantur
934 589 1096 642 inopes,
1121 593 1150 614 ¹2
1167 603 1410 642 nexumque
1434 589 1614 628 inibant.
1636 602 1686 627 eo
1710 601 1786 628 nec

351 648 554 705 patricios
577 647 704 686 ambo
727 644 936 693 consules,
960 658 1095 697 neque
1117 645 1389 685 comitiorum
1422 658 1583 693 curam,
1607 645 1634 665 ¹³
1651 643 1790 697 publi-

352 718 457 746 cave
479 702 619 743 studia
641 715 728 754 prae
767 700 941 754 privatis
966 700 1254 739 incommodis
1271 699 1390 754 plebs
1412 699 1461 739 ad
1496 699 1683 738 animum
1716 700 1789 739 ad·

354 759 568 800 mittebat.
628 756 887 796 Consulatus
911 764 1084 808 uterque
1107 755 1219 808 apud
1240 756 1443 808 patricios
1468 763 1622 794 manet.
1675 754 1789 794 Con-

356 815 464 856 sules
506 813 636 854 creati
677 811 728 852 C.
769 811 983 865 Sulpicius
1027 809 1198 850 Peticus
1239 819 1451 864 quartum,
1493 811 1558 850 M.
1598 809 1789 850 Valerius

359 869 581 912 Publicola
603 868 772 908 iterum.
818 866 869 907 In
893 866 1049 906 bellum
1075 865 1302 906 Etruscum
1328 867 1534 906 intentam
1556 866 1817 915 civitatem,¹

357 928 457 982 quia
481 925 683 966 Caeritem
707 922 913 977 populum
949 922 1240 961 misericordia
1272 922 1660 977 consanguinitatis
1691 921 1794 961 Tar-

357 982 653 1038 quiniensibus
675 979 923 1032 adjunctum
948 977 1062 1018 fama
1082 977 1261 1027 ferebat,
1280 977 1409 1032 legati
1432 978 1571 1018 Latini
1606 977 1658 1018 ad
1692 977 1794 1017 Vol-

358 1053 451 1079 scos
473 1044 736 1083 convertere,
759 1034 1025 1083 nunciantes,
1061 1035 1296 1073 exercitum
1332 1034 1624 1088 couscriptum
1659 1047 1795 1073 arma—

359 1102 536 1148 tumque
561 1091 651 1145 jam
685 1091 771 1130 suis
803 1090 960 1130 finibus
991 1088 1223 1130 inminere:
1257 1088 1378 1129 inde'
1402 1089 1729 1144 populabundos
1752 1090 1793 1128 in

358 1163 509 1204 agrum
549 1148 792 1187 Romanum
833 1156 1031 1185 venturos
1061 1159 1164 1185 esse.
1227 1144 1408 1185 Censuit
1444 1145 1577 1200 igitur
1611 1155 1794 1194 senatus,

359 1214 553 1246 neutram
588 1201 895 1256 neglegendam
932 1215 1016 1241 rem
1052 1214 1175 1264 855εὲ
1220 1211 1400 1254 utroque
1432 1201 1622 1256 legiones
1654 1201 1797 1250 scribi,

360 1260 639 1312 consulesque
661 1257 799 1297 sortiri
826 1257 1065 1311 provincias
1081 1257 1226 1311 jussit.
1285 1255 1514 1296 Inclinavit
1533 1257 1686 1297 deinde
1705 1271 1798 1311 pars

361 1316 500 1370 major
520 1328 634 1365 curae
657 1314 698 1353 in
726 1312 949 1353 Etruscum
982 1312 1168 1362 bellum&
1200 1322 1425 1366 postquam
1456 1312 1587 1352 literis
1620 1311 1798 1367 Sulpicii

363 1371 564 1420 consulis,
582 1370 651 1410 cui
674 1368 893 1422 Tarquinii
918 1368 1138 1423 provincia
1158 1377 1369 1418 evenerat,
1388 1369 1611 1423 cognitum
1634 1377 1712 1418 est,
1729 1369 1801 1409 de-

364 1428 617 1484 populatum
641 1439 788 1480 agrurn
814 1425 926 1464 circa
951 1424 1167 1464 Romanas
1191 1423 1357 1473 salinas,
1378 1424 1620 1478 praedaeque
1639 1434 1802 1479 partein

364 1486 406 1525 in
433 1483 640 1524 Caeritum
663 1482 768 1521 fines
802 1490 1009 1529 avectam,
1032 1490 1074 1520 et
1104 1479 1216 1520 haud
1249 1479 1378 1519 dubie
1404 1480 1676 1534 juventutem
1709 1481 1800 1535 ejus

365 1539 511 1595 populi
536 1539 645 1577 inter
669 1536 926 1591 praedatores
948 1535 1092 1575 fuisse.
1154 1535 1304 1589 Itaque
1333 1535 1542 1576 Valerium
1569 1536 1802 1586 consulem,

368 1595 534 1635 Volscis
554 1593 819 1646 obpositum,
840 1601 1062 1645 castraque
1080 1591 1129 1631 ad
1166 1591 1290 1630 finem
1322 1590 1609 1632 Tusculanum
1641 1591 1801 1633 haben-

154 1665 346 1695 '1231an11us
369 1660 470 1701 tem,
495 1658 736 1689 revocatum
773 1647 870 1687 inde
893 1657 1062 1687 senatus
1096 1647 1348 1687 dictatorem
1382 1647 1521 1687 (licere
1548 1648 1692 1701 jussit.
1751 1647 1802 1688 T.

156 1708 297 1736 dictator.

370 1706 583 1747 Manlium
610 1704 657 1744 L.
681 1703 815 1742 filium
834 1703 959 1743 dixit.
1006 1702 1062 1752 Is,
1084 1716 1214 1756 quum
1238 1702 1318 1742 sibi
1343 1703 1592 1757 magistrum
1612 1704 1803 1758 equitum

369 1763 422 1803 A.
447 1759 693 1803 Cornelium
729 1758 909 1799 Cossum
943 1758 1135 1808 dixisset,
1157 1758 1369 1797 consulari
1403 1759 1594 1798 exercitu
1628 1769 1806 1800 conten·

371 1829 452 1868 tus,
471 1832 524 1858 ex
547 1815 800 1856 auctoritate
826 1814 998 1854 Patruin
1019 1829 1068 1854 ac
1088 1814 1233 1868 populi
1251 1814 1374 1868 jussu
1396 1815 1628 1855 Caeritibus
1651 1815 1806 1856 bellum

374 1874 545 1914 indixit.

431 1929 545 1970 XX.
576 1927 686 1968 Tum
710 1927 891 1982 primum
918 1925 1113 1972 Caerites,
1137 1934 1352 1979 tamquam
1378 1926 1419 1964 in
1452 1926 1589 1966 verbis
1619 1926 1807 1966 hostium

375 1986 438 2026 vis
462 1984 598 2038 major
620 1983 670 2023 ad
697 1982 849 2022 bellum
876 1981 1219 2036 significandum,
1244 1995 1369 2034 quam
1396 1982 1435 2020 in
1459 1983 1544 2021 suis
1576 1982 1715 2032 factis,
1737 1982 1809 2037 qui

376 2055 449 2096 per
483 2040 802 2096 populationem
839 2038 1053 2077 Romanos
1088 2038 1369 2085 lacessierunt,
1403 2048 1527 2085 esset,
1561 2052 1681 2077 verus
1715 2038 1811 2078 belli

377 2107 511 2136 terror
542 2095 719 2136 invasit:
753 2105 809 2144 et,
841 2108 965 2146 quam
1001 2108 1083 2132 non
1117 2107 1281 2132 suarum
1318 2093 1468 2132 virium
1501 2108 1550 2133 ea
1590 2094 1814 2134 dimicatio

378 2162 502 2201 esset,
532 2151 779 2191 cernebant.
842 2149 1175 2202 Poeniiebatque
1209 2148 1508 2202 populationis,
1546 2159 1588 2189 et
1628 2149 1810 2203 Tarqui-

378 2209 545 2248 nienses
575 2206 907 2249 exsecrabantur
937 2205 1189 2244 defectionis
1221 2213 1427 2244 auctores.
1461 2219 1537 2244 nec
1579 2218 1710 2255 arma,
1741 2215 1810 2246 aut

380 2264 537 2304 bellum
560 2264 782 2316 quisquam
807 2261 1025 2314 adparare,
1047 2260 1116 2299 sed
1141 2274 1217 2314 pro
1241 2274 1282 2299 se
1305 2262 1484 2313 quisque
1507 2260 1669 2315 legatos
1699 2261 1813 2301 mitti

165 2320 558 2374 t'aer'itesbel-jubebat
579 2318 630 2358 ad
655 2317 877 2372 petendam
897 2316 1046 2355 erroris
1071 2316 1250 2355 venium.
1307 2316 1451 2369 Legati
1473 2326 1664 2356 senatum
1682 2330 1812 2370 quum

167 2370 230 2397 lum
246 2369 352 2406 depre—

168 2415 288 2442 cantur.

380 2376 579 2423 adissent,
611 2373 665 2413 ab
697 2381 844 2412 senatu
879 2371 1021 2425 rejecti
1056 2371 1106 2410 ad
1143 2372 1362 2425 populum,
1382 2364 1510 2412 ‘Deos
1543 2382 1814 2427 rogaverunt,

380 2444 560 2484 quorum
594 2442 710 2468 sacra
747 2427 855 2466 bello
890 2427 1056 2466 Gallico
1093 2438 1269 2480 accepta
1303 2429 1381 2466 rite
1421 2437 1728 2481 procurassent,
1769 2439 1811 2468 ut

386 2487 602 2525 Romanos
644 2484 842 2523 florentes
864 2496 914 2522 ea
936 2483 996 2522 sui
1023 2483 1311 2522 misericordia
1342 2493 1527 2536 caperet,
1548 2497 1645 2536 quae
1677 2497 1720 2523 se
1752 2498 1814 2524 re-

386 2544 460 2581 bus
483 2539 661 2580 adfectis
683 2539 895 2593 quondam
922 2538 1065 2592 populi
1093 2538 1274 2577 [tomani
1299 2539 1503 2593 cepisse13
1535 2539 1812 2593 conversique

912 2653 925 2672 ,v
954 2647 1060 2675 deinde
1079 2649 1176 2676 (fison.
1192 2649 1282 2676 Cret.

431 2734 465 2762 1-2
483 2733 677 2770 Nea-umque
693 2731 832 2770 inibant]
851 2729 925 2760 Vitl.
945 2736 1014 2760 not.
1030 2731 1080 2764 99.
1143 2773 1147 2776 .
1174 2730 1237 2776 Ιόζ
1251 2729 1386 2759 Publica
1404 2751 1430 2758 ..
1443 2732 1565 2772 studia]
1606 2733 1722 2763 Studia
1752 2732 1818 2762 sac-

384 2775 424 2805 ‹id
441 2776 483 2805 ll.
502 2776 552 2806 ⁴23.
568 2783 678 2812 supra.
1125 2775 1253 2802 tionum
1272 2773 1305 2802 iu
1323 2772 1501 2813 republica.
