1925 3239
526 64 530 66 ’
587 74 705 114 Llss.
733 74 783 113 Χ.
820 76 948 114 CAP.
977 76 1082 115 ΧΠ.
1483 84 1555 123 571

125 175 174 216 P.
200 173 359 216 Decius
380 175 529 217 consul
553 175 602 216 iis
625 176 674 216 ad
709 175 1006 218 Maleventum
1041 187 1180 218 castra
1211 178 1454 233 objecisset,
1475 193 1553 220 ex—
1572 183 1755 235 [19455-

122 242 278 272 tractos
301 233 453 273 deinde
475 233 525 273 ad
548 242 762 273 certamen
788 234 977 273 fudisset.
1038 233 1104 274 Ibi
1128 249 1297 290 quoque
1323 235 1412 290 plus
1435 236 1551 292 fugae
1565 226 1662 300 ἒῖἦὶ
1677 227 1768 298 {⁷933-

123 288 218 339 fuit,
240 303 366 343 qnam
390 290 534 330 caedis.
558 289 642 329 duo
666 290 797 329 millia
818 289 1056 343 Apulorum
1080 305 1215 332 caesa:
1248 302 1473 347 spretoque
1501 307 1550 333 eo
1564 279 1704 342 cigcoesi.

122 346 259 395 hoste,
291 345 442 387 Decius
465 347 506 386 in
531 346 964 401 Samninm‘legiones
986 347 1126 387 duxit.
1189 347 1253 388 Ibi
1286 349 1368 388 duo
1401 364 1552 390 consu-

123 402 231 442 lares
253 405 483 453 exercitus,
506 403 681 442 diversis
706 404 846 457 vagati
871 403 1078 457 partibus,
1101 406 1246 444 omnia
1267 406 1405 460 spatio
1428 407 1552 460 quin-

120 473 203 513 que
226 461 430 500 mensium
454 469 712 500 evastarunt.
773 460 1070 514 Quadraginta
1092 472 1135 500 et
1164 462 1352 516 quinque
1384 462 1476 503 loca
1508 463 1552 504 in

122 516 297 556 Samnio
320 515 450 564 fuere,
475 516 514 556 in
537 517 692 570 quibus
718 515 841 556 Decii
865 529 1001 556 castra
1025 516 1219 558 fuerunt:
1251 519 1421 559 alterius
1446 533 1550 560 con-

122 572 222 612 sulis
245 587 319 612 sex
341 583 383 613 et
406 574 641 627 octoginta.
658 587 734 613 nec
758 572 854 613 valli
879 584 1044 614 tantum
1070 589 1118 615 ac
1142 574 1348 615 fossarum
1372 576 1554 630 vestigia

122 628 283 679 relicta,
304 630 376 670 sed
400 630 532 669 multo
555 629 634 668 illis
660 630 891 683 insigniora
916 642 1191 671 monumenta
1213 633 1422 672 vastitatis
1441 633 1555 672 circa

123 686 432 741 regionumque
454 685 822 740 depopulatarum.
883 686 1040 727 Fabius
1069 689 1198 728 etiam
1230 689 1375 728 urbem
1411 688 1553 729 Cime-

123 752 231 782 tram
264 754 394 798 cepit.
426 743 484 783 ibi
518 753 645 797 capta
677 753 933 783 armatorum
970 744 1055 784 duo
1079 744 1208 784 millia
1230 745 1552 801 quadringenti:

121 800 222 839 caesi
245 797 376 840 ferme
400 810 638 854 pugnantes
660 801 709 840 ad
734 800 1069 855 quadringentos
1093 801 1284 856 triginta.
1340 801 1460 851 Inde,
1481 817 1555 843 co-

122 857 341 897 mitiorum
381 870 530 896 caussa
574 855 755 897 Romam
801 857 1031 911 profectus,
1065 858 1293 898 maturavit
1334 873 1425 899 eam
1467 873 1551 899 rem

122 926 260 967 agere.
283 927 414 968 quum
437 916 470 938 ⁶2
483 912 621 967 primo
646 924 808 953 vocatae
833 914 888 959 Q.
914 913 1094 954 Fabium
1118 916 1332 956 consulem
1363 916 1552 956 dicerent
1567 922 1606 954 Q.
1622 922 1735 952 Fabius

122 983 270 1009 omnes
310 968 528 1019 centuriae,
559 969 642 1025 Ap.
676 969 879 1011 Claudius
920 970 1152 1011 consularis
1193 972 1458 1022 candidatus,
1489 966 1756 1038 vir⁶⁰¹¹5¹²¹²t²tutu

121 1040 219 1066 acer
240 1036 279 1066 et
303 1027 570 1076 ambitiosus,
592 1040 678 1066 non
702 1027 763 1067 sui
789 1027 925 1082 magis
957 1027 1130 1068 lionoris
1164 1043 1324 1077 caussa,
1348 1042 1475 1083 quam
1508 1018 1696 1070 utreeusa.

124 1083 292 1137 patricii
327 1094 622 1138 recuperarent
655 1084 739 1123 duo
773 1083 1012 1124 consularia
1042 1084 1150 1135 loca,
1175 1099 1305 1139 quum
1340 1086 1439 1136 suis,
1463 1095 1554 1126 tum

123 1139 255 1179 totius
278 1140 513 1180 nobilitatis
537 1140 711 1190 viribus,
735 1141 944 1190 incubuit,
961 1151 1006 1180 ut
1029 1155 1071 1181 se
1092 1156 1188 1181 cum
1215 1143 1270 1188 Q.
1295 1142 1429 1182 Fabio
1451 1157 1555 1183 con-

124 1197 259 1236 sulem
284 1196 489 1237 dicerent.
542 1196 699 1237 Fabius
724 1198 873 1252 primo,
897 1198 947 1237 de
969 1212 1012 1237 se
1033 1198 1179 1238 eadem
1200 1198 1301 1249 fere,
1323 1214 1418 1253 quae
1444 1201 1556 1254 prio-

122 1266 168 1292 re
188 1267 316 1303 anno,
337 1254 533 1303 dicendo,
558 1255 755 1294 abnuere.
787 1254 1062 1294 circumstare
1091 1255 1232 1296 sellam
1266 1257 1403 1296 omnis
1434 1256 1555 1296 nobi-

125 1308 248 1360 litas3
290 1325 424 1360 orare,
458 1320 505 1350 ut
534 1324 587 1350 ex
621 1324 750 1350 coeno
790 1310 958 1364 plebeio
988 1312 1255 1352 consulatum
1298 1312 1555 1363 extraheret,

123 1366 479 1421 majestatemque
502 1367 725 1422 pristinam
752 1377 839 1407 tum
879 1367 1044 1418 honori,
1068 1377 1157 1408 tum
1192 1369 1380 1424 patriciis
1416 1370 1555 1424 genti-

125 1424 204 1463 bus
235 1424 442 1464 redderet.
503 1424 677 1473 Fabius,
699 1423 868 1464 silentio
892 1424 1021 1472 facto,
1045 1425 1184 1465 media
1205 1427 1395 1466 oratione
1417 1426 1556 1466 studia

123 1479 348 1520 hominum
370 1478 775 1535 sedavit.factz‹rum
808 1481 912 1521 enim
933 1479 1127 1537 sensitisse
1161 1482 1285 1532 dixit,
1309 1489 1353 1522 ut
1385 1482 1557 1523 duorum

117 1537 389 1591 patriciorum
412 1538 572 1578 nomina
596 1536 800 1591 reciperet,
819 1537 855 1577 si
875 1537 1018 1587 alium,
1040 1552 1160 1593 quam
1189 1553 1242 1589 se,
1263 1538 1458 1580 consulem
1472 1539 1555 1593 fie-

124 1594 162 1634 ri
191 1593 368 1635 videret.-
399 1608 502 1634 mwc
536 1608 574 1634 se
605 1594 667 1633 sui
701 1594 894 1634 rationem
925 1595 1108 1645 comitiis,
1129 1610 1252 1649 quum
1285 1602 1425 1636 contra
1456 1595 1557 1651 leges

109 1648 307 1705 futurum
326 1651 394 1699 sit,
410 1651 579 1704 pessimo
600 1650 773 1705 exemplo
795 1665 871 1690 non
893 1650 1146 1692 habituram.
1208 1652 1275 1692 Ita
1307 1652 1354 1693 L.
1378 1652 1554 1694 Volum·
1566 1666 1606 1697 U.
1623 1666 1660 1697 C.
1677 1667 1750 1697 453,

125 1707 218 1747 nius
249 1708 301 1748 de
333 1707 453 1762 plebe
491 1721 589 1748 cum
622 1707 706 1762 Ap.
739 1706 920 1747 Claudio
951 1709 1098 1749 consul
1132 1718 1195 1749 est
1230 1709 1382 1758 factm,
1415 1709 1552 1764 priore
1566 1710 1602 1739 A.
1628 1711 1751 1759 0996,-

124 1763 225 1805 item
249 1763 472 1804 consulatu
496 1765 605 1804 inter
627 1778 669 1803 se
692 1765 941 1818 comparati.
995 1764 1209 1806 Nobilitas
1232 1766 1449 1820 objectare
1472 1766 1550 1806 Fa·
1561 1754 1767 1834 fl⁸ngum⁰¹⁰

124 1821 212 1870 bio,
237 1820 395 1876 fugisse
416 1835 511 1860 eum
534 1821 618 1876 Ap.
642 1820 865 1867 Claudium
901 1820 1124 1876 collegam,
1147 1823 1386 1878 eloquentia
1417 1823 1552 1864 civili·
1566 1817 1695 1868 claudio
1710 1840 1750 1869 11.

126 1878 289 1932 busque
310 1879 472 1918 artibus
496 1877 606 1918 haud
629 1877 758 1917 dubie
783 1887 1069 1933 praestantem.
1566 1883 1651 1913 Coss.

185 1933 314 1974 XVI.
347 1934 544 1975 Coniitiis
567 1933 784 1988 perfectis,
809 1946 966 1975 veteres
989 1934 1182 1975 consules
1198 1934 1306 1988 jussi
1334 1934 1488 1975 bellum
1511 1935 1555 1977 in

127 1991 305 2031 Samnio
338 2005 499 2046 gerere,
523 2000 750 2046 prorogato
775 1992 814 2031 in
852 2006 924 2031 sex
960 2005 1121 2032 menses
1151 1992 1345 2046 imperio.
1405 1990 1556 2046 Itaque

125 2048 362 2102 insequenti
386 2062 555 2102 quoque
576 2062 702 2099 apno,
722 2047 768 2087 L.
792 2047 1037 2098 Volumnio,
1060 2048 1143 2103 Ap.
1168 2047 1349 2089 Claudio
1372 2049 1555 2089 consuli-

130 2105 223 2155 bus,
258 2104 307 2145 P.
344 2103 517 2153 Decius,
550 2104 621 2158 qui
656 2103 803 2143 consul
841 2105 881 2144 in
917 2105 1091 2145 Samnio
1125 2104 1294 2145 relictus
1334 2121 1359 2145 a
1389 2105 1555 2160 collega

126 2160 279 2210 fuerat,
302 2160 528 2215 proconsul
563 2160 674 2201 idem
709 2160 902 2216 populari
939 2177 1021 2202 non
1059 2162 1223 2202 destitit
1255 2175 1395 2216 agros,
1417 2161 1554 2203 donec

128 2218 386 2258 Samnitium
419 2217 672 2267 exercitum,
695 2232 902 2272 nusquam
935 2233 979 2259 se
1012 2218 1164 2273 proelio
1197 2219 1552 2266 committentem,

129 2284 342 2329 postremo
363 2273 529 2328 expulit
550 2273 718 2313 finibus.
743 2273 953 2314 Etruriam
976 2275 1083 2330 pulsi
1107 2275 1343 2330 petierunt:
1367 2285 1423 2324 et,
1438 2275 1550 2330 quod
1564 2283 1714 2313 Samnites

128 2331 415 2385 legationibus
438 2330 723 2384 nequidquam
744 2345 857 2385 saepe
878 2340 1158 2381 tentaverant,
1183 2332 1221 2372 id
1254 2346 1296 2372 se
1328 2341 1447 2372 tanto
1477 2347 1551 2389 ag<
1565 2328 1730 2398 ξῦῑςῑῐῖῠῑ·

129 2389 245 2427 mine
266 2398 537 2437 armatorum,
559 2387 706 2427 mixtis
729 2398 885 2428 terrore
908 2389 1120 2443 precibus,
1142 2399 1308 2428 acturos
1338 2388 1552 2429 efficacius
1564 2379 1722 2446 Εῗῗίξζὲ,

131 2444 227 2494 rati,
250 2443 569 2499 postulaverunt
590 2444 828 2498 principum
854 2443 1033 2486 ‚Etruriae
1055 2446 1300 2486 concilium.
1360 2445 1460 2488 Quo
1482 2461 1551 2486 co·
1567 2462 1687 2498 petunt.

130 2510 243 2551 acto,
267 2514 340 2556 per
361 2510 465 2554 quot
489 2514 621 2540 annos
643 2514 720 2555 pro
741 2500 934 2542 libertate
965 2502 1170 2542 dimicent
1200 2516 1297 2542 cum
1330 2499 1553 2554 Romanis,

172 2614 214 2644 62
239 2613 354 2645 Primo
376 2619 492 2644 vocatoe
511 2635 516 2643 .
534 2635 540 2643 .
560 2637 567 2643 .
583 2623 688 2644 omnes
709 2618 819 2644 centu-
865 2620 903 2644 nt
929 2620 1065 2654 apparet
1089 2617 1176 2645 exe.
1194 2617 1246 2646 92.
1278 2617 1376 2653 infra,
1398 2618 1556 2657 suffragia

131 2657 202 2696 νέω]
226 2657 349 2691 Omnes
361 2666 408 2687 eae
425 2659 598 2693 centuriae,
615 2667 687 2695 quae
705 2658 751 2697 pri
759 2667 819 2687 niae
865 2658 1007 2694 inibant,
1019 2659 1309 2700 distinguebantur
1323 2670 1342 2690 a
1356 2661 1485 2698 ceteris,
1498 2672 1555 2701 ap·-

133 2699 166 2729 in
183 2699 266 2729 ovile
282 2701 483 2731 vocabantur
505 2700 545 2730 ad
561 2700 733 2730 ferendum
757 2700 825 2730 suf·
868 2701 1141 2740 pellabantur-qne
1154 2704 1260 2740 primo
1274 2707 1400 2734 vocatoe.
1430 2705 1555 2735 Omnes

131 2742 289 2781 fragium.
324 2743 490 2774 Nimirum
508 2753 555 2772 eae
572 2743 731 2773 centuriae
750 2753 824 2782 qnae
868 2744 921 2773 liic
945 2744 1016 2774 libri
1044 2745 1189 2774 mendosi
1216 2751 1308 2783 sunt,
1333 2747 1556 2785 exhibentque

131 2785 334 2828 primulum),
347 2794 421 2827 post
434 2787 683 2827 praerogatiram
695 2793 823 2825 tamen,
863 2790 970 2828 primo
987 2792 1143 2818 vocatum.
1189 2788 1340 2820 Correxit
1356 2791 1519 2829 Sigonius.
