1925 3239
578 124 696 163 LIB.
722 124 774 162 X.
811 124 940 162 CAP.
967 123 1157 162 XXVIII.
1486 127 1561 162 585

133 238 221 272 tam
245 229 460 271 instruxit.
483 228 668 270 secunda
687 238 730 269 et
751 238 900 284 quarta
920 242 1017 269 cum
1053 227 1100 268 L.
1123 225 1355 267 Volumnio
1385 239 1564 280 procon-
1579 238 1620 269 U.
1637 236 1673 267 C.
1690 239 1766 271 457.

135 287 224 328 sule
262 287 304 327 in
345 286 522 327 Samnio
565 286 770 341 gerebant
811 285 983 325 bellum.
1044 284 1188 324 Primo
1220 297 1429 324 concursu
1458 283 1564 323 adeo
1578 282 1616 313 A.
1635 281 1671 312 C·
1687 283 1763 316 295.

135 343 270 399 aequis
293 343 450 384 viribus
473 352 591 398 gesta
614 356 677 382 res
699 343 777 391 est,
799 352 859 391 ut,
880 342 913 381 si
936 340 1172 381 adfuissent
1198 338 1362 380 Etrusci
1388 349 1430 380 et
1461 339 1567 380 Um-

138 402 217 451 bri,
239 401 374 441 autin
406 400 511 447 acie,
534 410 605 439 aut
640 399 681 439 in
716 399 876 448 castris,
899 411 1171 453 quocumque
1204 410 1248 436 se
1280 396 1567 447 inclinassent,

139 457 389 512 accipienda
409 455 547 496 clades
569 455 711 496 fuerit.
1022 470 1026 473 “

198 511 430 554 XXVIII.
463 510 679 561 Ceterum,
712 525 967 566 quamquam
1002 509 1241 551 communis
1274 508 1413 550 adhuc
1450 508 1570 550 Mars

139 570 237 611 belli
257 580 361 620 erat,
384 569 563 610 necdum
587 568 815 609 discrimen
838 567 1007 608 fortuna
1030 568 1201 614 fecerat,
1224 580 1309 621 qua
1339 565 1488 606 datura
1510 566 1573 606 vi·

141 641 205 667 res
237 637 360 676 esset,
392 626 718 680 haudquaquam
753 624 901 665 similis
937 639 1080 680 pugna
1114 626 1154 664 in
1190 623 1344 664 dextro
1378 622 1574 677 laevoque

140 698 273 724 cornu
307 693 410 723 erat.
471 682 655 722 Romani
689 682 801 735 apud
837 681 1015 722 Fabium
1047 682 1249 721 arcebant
1273 680 1423 734 magis,
1445 693 1574 734 quam

139 740 393 789 inferebant,
417 753 628 793 pugnam3
659 738 1047 792 extrahebaturque
1070 740 1110 777 in
1134 751 1260 792 quam
1293 737 1479 777 maxime
1510 750 1573 775 se-

142 811 234 837 rum
257 797 338 837 diei
362 806 599 836 certamen:
628 796 726 849 quia
748 796 808 835 ita
830 809 1075 850 persuasum
1097 805 1186 834 erat
1208 794 1320 842 duci,
1341 804 1384 833 et
1406 792 1575 833 Samni-

143 864 204 894 tes
225 865 269 894 et
291 853 437 894 Gallos
461 854 597 908 primo
620 852 765 907 inpetu
786 851 948 892 feroces
979 865 1082 899 esse,
1106 865 1211 905 quos
1245 850 1440 890 sustineri
1474 849 1574 889 satis

141 911 222 961 sit3
254 910 447 965 longiore
468 909 699 949 certamine
723 909 876 949 sensim
899 908 1078 949 residere
1101 907 1358 948 Samnitium
1383 907 1572 947 animos:

146 967 367 1008 Gallorum
391 966 562 1020 quidem
585 966 713 1005 etiam
736 979 915 1020 corpora
937 964 1312 1005 intolerantissima
1332 963 1488 1003 laboris
1512 971 1575 1002 at-

141 1039 227 1078 que
248 1034 376 1064 aestus
395 1025 410 1046 ³
427 1023 580 1072 flnere3
613 1022 831 1077 primaque
853 1036 998 1062 eorum
1021 1021 1174 1075 proelia
1196 1020 1288 1076 plus
1313 1034 1438 1074 quam
1465 1020 1576 1059 viro-

143 1095 252 1130 rum,
276 1091 490 1135 postrema
511 1080 649 1120 minus
671 1093 796 1133 quam
822 1078 1076 1119 feminarum
1098 1092 1200 1118 esse.
1262 1076 1312 1117 In
1334 1077 1376 1117 id
1410 1087 1576 1130 tempus

145 1137 290 1191 igitur,
304 1151 388 1191 quo
414 1136 523 1177 vinci
547 1135 708 1175 solebat
731 1136 880 1186 hostis,
901 1150 1029 1190 quain
1052 1134 1345 1190 integerrimas
1366 1133 1475 1174 vires
1498 1132 1577 1173 mi·

142 1193 205 1234 liti
250 1194 456 1233 servabat.
518 1192 715 1233 Ferocior
753 1192 910 1233 Decius
951 1202 994 1232 et
1024 1200 1150 1232 aetate
1181 1202 1222 1231 et
1253 1191 1400 1246 vigore
1431 1189 1577 1239 animi,

144 1262 536 1305 quantumcumque
556 1249 709 1289 virium
733 1249 898 1298 habuit,
920 1249 1150 1289 certamine
1173 1248 1311 1303 primo
1333 1246 1497 1287 effudit.
1520 1254 1576 1296 et,

143 1309 247 1362 quia
277 1307 430 1347 lentior
453 1306 673 1347 videbatur
706 1306 912 1362 pedestris
946 1319 1104 1360 pugna,
1126 1305 1361 1359 equitatum
1394 1305 1434 1343 in
1467 1316 1578 1357 pug-

145 1378 245 1405 nam
267 1363 482 1405 concitat:
506 1373 548 1403 et
570 1362 930 1417 ipse,fortissimae
947 1362 1155 1416 juvenum
1181 1371 1331 1402 turmae
1355 1359 1576 1409 inmixtus,

144 1434 242 1462 orat
263 1419 731 1476 proceresjuventutis‚
754 1420 794 1460 in
819 1419 983 1460 hostem
1009 1428 1053 1459 ut
1085 1432 1226 1459 secum
1259 1418 1449 1473 inpetum
1472 1415 1575 1456 faci-

146 1488 246 1519 ant:
278 1476 488 1532 duplicem
516 1475 679 1516 illorum
704 1475 883 1532 gloriam
906 1475 1010 1525 fore,
1036 1475 1067 1514 si
1091 1476 1145 1516 ab
1167 1474 1276 1515 laevo
1297 1488 1427 1515 cornu
1451 1482 1493 1513 et
1523 1473 1577 1513 ab

146 1535 291 1589 equite
314 1535 490 1574 victoria
512 1533 704 1588 incipiat.
766 1533 839 1573 Bis
861 1542 1050 1573 avertere
1081 1531 1294 1573 Gallicum
1325 1530 1577 1585 equitatum.

150 1592 302 1632 iterum
322 1591 490 1645 longius
513 1599 698 1639 evectOS‚
720 1599 761 1630 et
776 1589 869 1644 jam
894 1589 1003 1629 inter
1025 1589 1164 1629 media
1184 1588 1375 1642 equitnm
1407 1586 1586 1641 agmina-

150 1647 351 1703 proelium
375 1647 549 1697 cientes,
571 1660 728 1688 novum
753 1660 909 1701 pugnae
942 1647 1176 1686 conterruit
1207 1658 1364 1700 genus:
1396 1643 1578 1683 ⁴*essedis

150 1705 366 1760 carrisque
388 1714 627 1759 superstans
649 1714 833 1743 armatus
855 1702 988 1743 hostis
1012 1702 1174 1758 ingenti
1202 1702 1341 1741 sonitu
1374 1713 1578 1754 equorum

150 1773 424 1815 rotarumque
454 1760 641 1809 advenit,
672 1769 715 1800 et
734 1758 937 1800 -insolitos
979 1760 1071 1814 ejus
1114 1757 1317 1798 tumultus
1361 1756 1580 1797 Romano-

151 1828 246 1859 rum
277 1817 509 1857 conterruit
538 1830 684 1871 equos.
743 1815 812 1856 Ita
835 1816 1038 1856 victorem
1069 1815 1305 1869 equitatum
1330 1813 1442 1854 velut
1472 1812 1579 1868 lym·

152 1874 347 1930 phaticus
371 1887 501 1929 pavor
522 1873 723 1928 dissipat:
755 1873 904 1913 sternit
924 1873 1020 1913 inde
1043 1882 1210 1912 ruentes
1230 1885 1361 1925 equos
1385 1870 1581 1924 virosque

151 1931 378 1987 inprovida
399 1930 515 1985 fuga,
574 1928 763 1970 Turbata
786 1930 886 1970 hinc
907 1929 1035 1969 etiam
1059 1928 1181 1983 signa
1201 1927 1441 1982 legionum:
1475 1927 1580 1967 mul-

152 1988 270 2043 tique
293 1988 437 2042 inpetu
460 2001 663 2041 equorum
686 2001 736 2026 ac
758 1986 1048 2026 vehiculorum
1082 1995 1298 2040 raptorum
1325 1997 1406 2038 ,per
1428 1997 1581 2038 agmen

152 2045 300 2085 obtriti
332 2044 625 2098 antesignani:
648 2052 692 2082 et
722 2042 925 2092 insecuta,
945 2041 1069 2082 simul
1101 2041 1267 2081 territos
1298 2040 1439 2080 hostes
1465 2040 1582 2089 vidit,

153 2101 321 2142 Gallica
342 2101 453 2141 acies
475 2099 634 2139 nullum
654 2099 837 2154 spatium
860 2098 1092 2154 respirandi
1114 2097 1430 2152 recipiendique
1447 2110 1490 2136 se
1511 2097 1583 2136 de·

153 2158 232 2199 dit.
293 2156 527 2198 Vociferari
550 2155 724 2206 Decius,
747 2153 1075 2212 Quofugerentil
1104 2167 1273 2209 quamve
1294 2152 1457 2208 inflcga
1477 2167 1582 2207 spem

153 2214 343 2255 haberent
357 2212 379 2253 {l
400 2213 602 2254 obsistere
622 2213 886 2261 cedentibus,
908 2227 957 2253 ac
980 2224 1176 2251 revocare
1197 2210 1327 2250 fusos.
1349 2210 1515 2260 deinde,
1535 2219 1583 2250 ut

154 2271 271 2316 nulla
291 2272 331 2312 vi
355 2270 568 2325 perculsos
590 2270 796 2310 sustinere
819 2278 998 2324 poterat,
1023 2279 1184 2322 patrem
1217 2267 1266 2306 P.
1291 2266 1473 2307 Decium
1504 2281 1580 2307 no-

155 2328 272 2368 mine
293 2325 566 2381 compellanS,
591 2323 704 2368 Quid
726 2325 835 2365 ultra
856 2338 1003 2374 moror,
1025 2326 1094 2378 inq
1104 2321 1584 2379 uit,familiai-esaum?
1597 2345 1710 2373 Decius
1725 2353 1757 2374 ὃ,

155 2384 297 2425 datum
316 2384 387 2424 hoc
404 2389 539 2423 nostro
557 2382 695 2437 generi
715 2388 784 2433 est,
806 2385 818 2405 ⁵
834 2388 875 2422 ut
896 2381 1049 2422 luendis
1074 2380 1266 2435 periculis
1287 2379 1464 2434 publicis
1491 2379 1584 2433 pia·
1599 2389 1738 2418 devovet.

203 2529 249 2561 3*
262 2527 390 2566 Ham]
410 2527 505 2565 Labi,
520 2527 614 2563 solvi,
627 2536 667 2556 ex
690 2526 850 2562 ‹lefatiga-
893 2525 934 2555 ad
957 2534 1104 2565 pugnam
1129 2534 1221 2562 usus,
1238 2528 1275 2553 ut
1299 2533 1338 2552 ex
1361 2522 1422 2552 hoe
1445 2522 1515 2552 loco
1531 2532 1587 2562 pa·

159 2575 250 2604 tione
267 2572 417 2601 deficere.
462 2571 569 2610 Supra
583 2570 658 2599 vll.
675 2572 726 2600 33.
743 2570 849 2610 etflu-
891 2574 952 2598 tet.

158 2620 210 2656 este
218 2615 292 2657 jam
311 2615 496 2646 lassitudine
510 2615 603 2649 vires,
617 2614 781 2642 sentirent.
936 2615 953 2642 5
964 2612 981 2629 ᾗ
996 2611 1040 2641 Ue
1055 2609 1178 2641 luendis
1194 2610 1349 2648 periculis
1367 2609 1500 2647 publicis
1518 2609 1591 2647 pia-

201 2663 220 2690 ⁴
245 2659 374 2689 Esserlis
395 2656 571 2696 carrisque]
597 2656 756 2686 Essedam
778 2659 850 2685 erat
892 2656 967 2685 cula
989 2653 1101 2692 simus]
1129 2654 1173 2683 Ut
1197 2654 1301 2690 simus
1327 2653 1419 2690 quasi
1439 2651 1590 2690 quaedain

113 2709 121 2712 ·
162 2702 302 2732 vehiculi
320 2701 369 2731 vel
385 2710 498 2731 currus
516 2697 632 2738 geum,
648 2709 666 2728 e
683 2709 746 2737 quo
770 2708 853 2738 pug-
897 2698 1051 2734 victimae,
1069 2697 1240 2726 destinatae
1258 2695 1298 2724 ad
1307 2695 1470 2725 ‘luendam
1489 2694 1587 2724 deum

163 2755 239 2775 nare
257 2744 403 2774 solebant
419 2751 544 2773 veteres
559 2742 644 2771 Galli
666 2747 700 2771 et
723 2740 853 2771 Britan·
896 2741 992 2777 iram,
1009 2746 1040 2769 et
1058 2740 1098 2769 ad
1114 2738 1309 2778 excipienda
1331 2738 1493 2777 capitibus
1517 2746 1592 2766 nos-

160 2789 206 2818 ni.
258 2787 367 2818 Carris
396 2786 636 2826 impedimenta
659 2784 852 2824 plerumque
897 2784 956 2813 tris
980 2783 1125 2822 pericula
1147 2792 1220 2822 quae
1244 2780 1434 2822 reipublicae
1464 2782 1591 2820 impen-

157 2831 379 2866 vehebautur:
397 2838 586 2870 quanquam
602 2834 635 2859 et
651 2837 766 2858 eorum
783 2833 854 2858 erat
898 2827 986 2857 dent.
