1991 3250
691 87 900 128 L1B.11.
940 87 1071 126 CAP.
1094 87 1149 127 11.
1585 91 1637 130 85

206 186 388 239 oblitum,
413 194 620 244 tamquam
646 187 787 239 aliem,
820 186 936 243 regni
970 186 1193 242 Superbum
1228 185 1496 243 Tarquinium
1525 188 1685 230 veluto.
1699 196 1734 226 c.
1749 197 1821 227 045

205 244 473 286 lzaereditalem
489 246 622 302 gentis
637 244 776 286 scelere
796 259 842 285 ac.
860 245 903 286 vi
932 245 1125 299 repetisse.

204 316 271 342 nes
305 280 555 343 Collatinum
585 301 794 357 imperium
829 315 916 342 esse.
978 300 1146 342 Nescire
1180 300 1422 356 Tarquinios
1452 302 1633 367 prizatos

203 358 351 400 vivere.
371 375 449 400 non
463 359 623 414 placere
644 373 796 399 nomen.
812 357 1077 413 periculosum
1095 358 1276 399 libertati
1295 371 1383 398 esse.
1435 358 1523 399 Hic
1548 360 1632 414 pri-

204 429 276 456 mo
309 417 464 457 sensim
498 416 756 457 tentantium
785 416 951 455 animos
987 429 1126 456 sermo
1157 429 1232 470 per
1253 423 1385 455 totam
1410 415 1631 458 civitatem

203 482 269 513 est
290 473 428 523 datus,
451 472 781 527 sollicitamque
782 472 1025 527 suspicione
1045 472 1210 527 plebem
1235 471 1394 512 Brutus
1412 472 1463 513 ad
1486 473 1632 514 conci-

205 544 331 571 onem
355 540 495 571 vocat.
556 529 623 570 Ibi
646 529 837 570 omniun]
866 530 1047 584 primum
1067 528 1371 583 jusjtnandum
1401 529 1544 584 populi
1569 544 1632 570 re-

205 587 325 628 citat.
388 586 596 628 Neminem
617 600 784 642 regnare
807 600 1007 641 passuros,
1028 601 1097 626 nec
1127 600 1202 626 esse
1227 584 1382 636 Romae,
1403 586 1507 626 unde
1520 588 1632 641 peti-

205 643 337 684 culum
359 623 682 700 libertati-soret.
736 642 793 683 Id
810 657 962 683 summa
983 657 1054 698 ope
1072 642 1262 683 tuendum
1283 656 1383 684 esse:
1414 658 1539 698 neque
1568 644 1632 684 ul-

204 700 285 740 lam
305 714 399 750 76777,
422 715 508 755 quae
528 715 572 742 eo
586 700 803 756 pertineat,
825 700 1159 742 contemnendam.
1223 699 1406 740 Invitum
1438 715 1475 741 se
1503 700 1633 742 dicere

204 757 372 798 hominis
392 772 553 799 caussa:
587 772 656 799 nec
676 756 1032 813 dictemcmfuisse,
1054 757 1096 797 ni
1116 757 1267 798 caritas
1294 755 1521 811 reipublice
1540 758 1630 799 vin-

204 820 319 855 ceret.
392 813 489 855 Non
517 814 672 855 credere
699 814 893 870 populum
926 813 1174 864 Romanum,
1207 813 1376 854 solidam
1406 813 1632 856 libertatem

203 878 476 926 recuperatam
507 886 596 913 esse.
629 876 657 896 ¹⁴
673 870 850 928 Regium
877 885 1015 935 genus,
1040 870 1194 927 regium
1225 885 1380 922 nomen,
1396 886 1475 912 7ιο7ι
1504 871 1632 913 solum

202 928 438 980 mcivitate,
458 927 527 969 sed
546 929 667 970 etiam
696 906 760 969 ine>
774 928 939 984 impet-zo
972 942 1061 968 esse.
1121 927 1179 968 Id
1208 927 1385 982 οῌίιΗειε,
1406 927 1452 968 -id
1480 928 1634 971 obstare

202 983 398 1026 libertati.
451 986 577 1026 Hunc
594 993 652 1036 tu,
673 985 828 1040 inquit,
846 992 916 1025 tua
934 985 1153 1049 voluntate,
1177 983 1231 1025 L.
1248 983 1286 1025 Γ
1283 999 1462 1039 alquznz,
1478 1000 1633 1027 remote

202 1049 363 1083 metum.
422 1041 911 1098 Meminimus,fatemur,
932 1041 1080 1097 ejecisti
1100 1056 1223 1097 reges.
1283 1041 1459 1082 Absolve
1489 1042 1632 1097 bemfi-

202 1098 309 1140 cium
330 1106 456 1140 tuum.
504 1099 640 1156 Azfier
660 1100 750 1140 hinc
770 1114 922 1155 reozum
939 1113 1092 1140 nomen.
1116 1098 1198 1140 Res
1214 1105 1303 1139 tuas
1317 1098 1394 1139 tibi
1411 1113 1489 1140 non
1505 1099 1632 1141 solum

202 1155 368 1198 reddent
387 1157 449 1198 ciz
454 1171 491 1197 es
511 1157 587 1206 tui,
609 1163 769 1198 auctore
789 1171 873 1204 me,
903 1158 983 1206 sed,
1006 1156 1039 1196 si
1059 1156 1159 1211 quid
1174 1155 1290 1205 deest,
1311 1155 1494 1210 munifice
1514 1161 1631 1199 1³au-

198 1212 363 1269 gebunt.
425 1213 594 1255 Amicus
624 1214 908 1256 abi.erone1a
943 1213 1144 1254 cizitatem
1171 1227 1276 1254 vano
1293 1212 1481 1269 fotsz'tan
1513 1221 1632 1256 metu.

204 1269 276 1311 Ita
293 1285 526 1325 persuasum
554 1277 610 1312 esc
638 1271 798 1320 animis,
821 1285 909 1311 cum
938 1277 1054 1325 gente
1086 1270 1312 1334 Tarquinia
1346 1284 1511 1326 reonum
1539 1270 1632 1312 ltine

200 1326 419 1369 abitio-,um
471 1327 646 1369 Consuli
669 1328 808 1382 primo
831 1338 914 1368 tam
935 1342 1059 1368 novae
1081 1328 1138 1368 rei
1164 1342 1212 1368 ac
1234 1306 1633 1369 s11bitae⁰admi1ntio

202 1383 429 1426 incluserat
452 1399 617 1426 vocem.
681 1385 836 1425 Dicere
858 1384 1011 1425 deinde
1042 1384 1318 1439 incipientem
1347 1384 1552 1439 primores
1573 1385 1636 1426 ci-

206 1441 349 1482 vitatis
371 1442 870 1491 ci1cumsistunt‚eaden1
897 1441 1037 1481 multis
1061 1441 1255 1496 precibus
1290 1451 1426 1482 oiant.
1488 1441 1544 1483 Et
1565 1456 1635 1483 ce-

208 1499 285 1540 teri
333 1498 503 1554 quidem
555 1500 784 1540 movebant
827 1498 981 1539 minus.
1026 1508 1248 1553 postquam
1286 1498 1361 1553 Sp.
1398 1498 1634 1563 Lucretius,

207 1558 236 1581 ¹⁶
251 1555 524 1610 majoraetate
541 1571 589 1597 ac
607 1556 832 1612 dignitate,
849 1569 968 1596 socer
989 1565 1193 1619 piaeterea
1210 1569 1420 1611 1p81us,0a
1397 1569 1495 1596 cr·e1e
1508 1557 1635 1607 varie,

205 1613 396 1667 rogando
427 1613 596 1653 alternis
628 1613 939 1667 suadendoque,
962 1613 1114 1667 coepit,
1136 1621 1183 1652 ut
1214 1613 1328 1652 vinei
1361 1589 1420 1652 seo
1426 1627 1636 1653 consensu

204 1669 390 1710 civitatis
424 1678 661 1724 pateietur3
694 1671 848 1710 timens
881 1669 1044 1719 consul,
1075 1683 1128 1710 ne
1162 1669 1433 1725 postmodum
1468 1671 1634 1725 privato

203 1726 286 1767 sibi
308 1726 453 1767 eadem
477 1726 545 1767 illa
567 1742 661 1768 cum
686 1728 895 1768 bonorum
917 1726 1159 1777 amissione,
1177 1726 1402 1781 additaque
1420 1726 1529 1767 alia
1521 1742 1635 1768 insu-

1186 243 1316 285 Pulso
1350 244 1545 300 δαρειόο,
1561 261 1632 300 pe
1643 240 1683 271 A.
1697 240 1731 271 C·
1747 243 1820 272 ⁵⁰⁷·

202 1797 278 1838 per
299 1783 550 1839 ignominia,
571 1784 826 1834 acciderent,
849 1784 1064 1825 abdicavit
1086 1798 1130 1824 se
1151 1783 1395 1824 consulzzttu
1428 1785 1635 1841 rebusque
1647 1802 1781 1832 Abdicat
1795 1812 1829 1833 se

203 1840 287 1881 suis
321 1842 520 1882 omnibus
556 1841 780 1882 Lavinium
816 1841 1039 1891 translatis,
1069 1841 1243 1881 civitate
1274 1841 1417 1881 cessit.

202 1910 257 1938 ex
296 1898 660 1939 senatusconsulto
689 1899 765 1940 ad
773 1898 972 1954 populum
1013 1897 1124 1949 tulit,
1145 1906 1192 1937 ut
1222 1912 1368 1938 omnes
1391 1897 1634 1953 Tarquiniae

204 1955 346 2010 gentis
382 1955 548 1996 exsules
586 1966 750 1998 essent:
794 1956 999 2010 collegam
1040 1930 1124 1995 sibi
1160 1955 1349 1995 comitiis
1387 1956 1634 1998 centuriatis

204 2013 366 2053 creavit
388 2012 438 2055 P.
463 2013 692 2065 Valerium,
712 2028 796 2068 quo
820 2012 1017 2067 adjutore
1039 2025 1160 2067 reges
1182 2012 1381 2067 ejecerat.

203 2134 242 2160 ut
270 2129 501 2160 haereditatem
533 2135 721 2171 paternam,
752 2141 894 2170 regnum

204 2175 363 2213 repetisse
379 2174 480 2203 etiam
499 2184 558 2214 per
573 2175 639 2206 vim
658 2180 691 2205 et
707 2175 826 2205 scelus.

942 2132 1003 2171 ipsi
1029 2131 1067 2161 de
1084 2131 1217 2172 publico
1241 2132 1334 2162 data:
1364 2132 1510 2171 quinque
1537 2133 1638 2171 (mar-

941 2186 995 2205 cas
1010 2176 1084 2206 468.
1102 2186 1178 2205 cum
1195 2186 1251 2205 sex
1268 2176 1390 2215 unciis)
1415 2177 1454 2205 de
1479 2186 1538 2206 suo
1555 2176 1638 2207 Bru-

253 2220 289 2247 14
314 2216 454 2255 Regium
469 2218 587 2258 genus]
613 2218 718 2248 Bruto
742 2219 804 2258 ipsi
828 2228 897 2249 ma-

202 2266 338 2291 ternum
356 2270 460 2300 genus
476 2266 548 2290 erat
571 2272 611 2291 ex
634 2262 775 2301 regibus.
820 2262 896 2292 Jam

200 2315 276 2334 vero
295 2305 414 2334 mirum
433 2303 593 2344 profecto,
609 2303 818 2335 liberatorem
844 2316 899 2336 ur-

203 2349 251 2378 bis
278 2347 482 2378 Collatinum
506 2347 546 2376 ob
572 2348 669 2377 unius
688 2349 831 2379 nominis
848 2350 898 2379 in·

203 2391 324 2421 vidiam
343 2392 477 2421 civitate
495 2391 580 2428 ejici.
610 2392 726 2430 Itaque
743 2393 804 2421 etsi
820 2402 896 2422 cum

203 2435 297 2465 Livio
321 2435 446 2465 sentire
472 2435 603 2464 videtur
630 2434 746 2464 Cicero
771 2435 828 2465 111.
857 2436 896 2465 de

201 2478 266 2509 Off.
283 2487 314 2507 n.
331 2481 383 2508 40.
398 2479 508 2508 verius
530 2482 645 2508 tamen
668 2478 898 2509 existimamus

203 2521 291 2560 quod
302 2522 404 2552 Dion.
422 2521 443 2552 l.
457 2522 496 2552 V.
515 2529 548 2551 et
566 2521 652 2551 Plut.
669 2521 702 2550 in
718 2520 807 2561 Popl.
824 2532 899 2552 nar-

203 2571 298 2595 rant:
324 2565 526 2595 Collatinum
551 2575 617 2594 non
642 2565 775 2604 pulsum
804 2566 897 2602 urbe,

205 2609 269 2638 nisi
291 2615 468 2648 postquam
492 2608 653 2647 Aquillios
677 2609 796 2638 sororis
813 2608 898 2638 filios

203 2653 324 2682 merito
346 2653 510 2692 supplicio
533 2653 660 2691 eripere
685 2658 837 2688 conatus,
863 2653 897 2681 in

203 2696 426 2735 suspicionem
445 2695 570 2725 civibus
591 2696 658 2725 suis
683 2696 810 2724 venerit
825 2705 900 2735 pro-

203 2739 363 2779 pensioris
379 2739 414 2769 in
431 2744 589 2778 tyrannos
607 2739 724 2768 animi.

249 2784 286 2813 15
310 2782 498 2823 Augehum]
515 2782 558 2812 Et
570 2791 645 2812 vero
659 2781 774 2820 viginti
792 2780 900 2811 talen-

202 2827 239 2855 ta
264 2826 397 2867 (marcae
415 2826 546 2865 argenti
570 2825 769 2856 Parisienses
789 2823 895 2863 1875.)

940 2223 994 2248 tus
1011 2218 1149 2257 largitus
1165 2225 1226 2249 est.
1250 2220 1386 2259 Dionys.
1403 2219 1424 2249 l.
1438 2220 1477 2249 V

989 2263 1027 2292 16
1050 2244 1454 2309 llajov...tlig71it(tte]
1483 2263 1638 2302 Quonam

943 2306 1040 2335 modo
1063 2316 1168 2347 maja]
1192 2307 1248 2345 dig
1229 2308 1354 2336 onitate
1376 2305 1550 2336 Lucretius
1572 2307 1638 2346 pri-

941 2359 960 2377 ι
965 2355 1052 2386 atus,
1107 2359 1206 2388 quam
1261 2349 1446 2380 Collatinus
1499 2350 1636 2380 consul!

942 2392 1072 2432 Nempe
1086 2393 1230 2431 dignitas
1247 2392 1356 2423 differt
1368 2393 1408 2422 ab
1424 2393 1562 2429 honore,
1579 2403 1638 2424 seu

942 2437 1155 2475 magistratu,
1187 2446 1248 2466 nec
1285 2446 1433 2476 unquam
1471 2446 1510 2466 eo
1538 2446 1639 2467 sensu

943 2479 1030 2519 apud
1054 2480 1172 2519 probos
1198 2478 1390 2510 Latinitatis
1415 2485 1567 2510 auctores
1583 2482 1640 2510 s‘u·

944 2524 1058 2552 mitur.
1086 2522 1245 2562 Dignitas
1272 2523 1358 2553 idem
1386 2522 1455 2552 fere
1478 2527 1529 2553 est
1551 2523 1640 2562 quod

943 2565 1144 2605 amplitudo,
1169 2570 1203 2595 et
1228 2566 1384 2596 coalescit
1411 2577 1451 2596 ex
1477 2567 1515 2597 iis
1543 2567 1639 2597 rebus

943 2609 1097 2638 omnibus
1121 2619 1194 2647 quae
1219 2609 1316 2639 alicui
1341 2609 1565 2648 splendorem,
1583 2621 1641 2640 ex—

943 2652 1195 2689 istimationem,
1225 2654 1470 2683 venerationem
1504 2653 1640 2684 concili-

944 2700 1024 2732 ant3
1043 2704 1177 2735 genere,
1195 2696 1292 2726 rebus
1307 2697 1421 2736 gestis,
1441 2697 1523 2726 actis
1538 2697 1640 2726 hono-

944 2738 1046 2775 ribus,
1063 2742 1177 2776 aetate,
1194 2740 1328 2776 virtute,
1345 2744 1409 2769 etc.
1448 2740 1564 2778 Itaque
1581 2739 1641 2769 ho-

944 2790 1022 2811 nore
1040 2781 1234 2812 Lucretium
1248 2783 1447 2814 ,Collatinus
1465 2783 1613 2813 anteibat
1628 2794 1639 2821 5

943 2825 1105 2863 dignitate
1122 2825 1326 2857 Collatinum
1343 2826 1532 2856 Lucretius.

998 2873 1074 2909 63

1478 1841 1537 1882 Bi
1542 1853 1635 1883 utus
1647 1847 1821 1877 consulatu.

1648 2033 1812 2065 sufficitur
1832 2048 1835 2049 ν

1649 2079 1685 2109 Ρ.
1695 2076 1847 2107 Valerius.
