1969 3239
551 189 553 192 Α
605 133 818 173 LIB.1V.
858 135 991 174 CAP.
1024 134 1190 172 xxxv.
1227 109 1231 112 ⁴
1545 139 1621 174 265

176 233 291 289 equi,
313 231 558 274 Veientium
588 233 778 274 maxima
811 247 907 288 pars
940 231 1131 273 Tiberim
1163 231 1286 274 effusi
1326 241 1491 288 petunt.
1552 234 1677 276 Fi-U.
1694 240 1732 271 C.
1749 242 1824 273 399.

177 292 393 332 denatium
420 291 492 344 qui
518 301 759 346 supersunt,
782 290 834 330 ad
855 291 1003 330 urbem
1030 289 1211 330 Fidenas
1235 290 1430 331 tendunt.
1483 290 1621 333 Infert
1636 285 1673 316 A.
1692 285 1819 316 04²³·

179 347 355 403 pavidos
389 348 491 403 fuga
522 348 562 387 iu
598 346 781 387 mediam
816 347 1004 388 caedem:
1052 347 1369 388 obtruncantur
1404 347 1445 386 in
1488 348 1621 402 ripis:

178 404 298 448 alios,
327 405 370 444 in
396 418 547 458 aquarn
583 402 840 457 compulsos,
869 403 1062 459 gurgites
1097 402 1268 445 fei-unu
1312 405 1441 445 etiam
1465 406 1623 460 peritos

181 462 309 501 naudi
341 461 543 501 lassitudo
577 470 619 499 et
655 459 827 500 vulnera
855 471 898 500 et
935 474 1072 516 pavor
1101 460 1364 515 degravant3
1416 462 1538 516 pauci
1570 476 1623 502 ex

186 518 329 558 inultis
353 528 537 558 tranant.
567 516 745 556 alterum
777 531 931 572 agmen
963 517 1097 557 fertur
1129 531 1200 572 per
1236 528 1377 558 castra
1396 517 1437 557 iu
1458 518 1625 559 urbem.

185 576 366 615 eudemy
396 584 439 613 et
475 573 692 613 Romanos
729 586 952 628 sequentes
987 575 1156 630 inpetus
1192 575 1324 629 rapit3
1370 574 1625 620 Quinctium

190 632 394 679 maxime,
417 640 458 670 et
486 644 582 670 cum
606 644 656 670 eo
677 630 899 686 degressos
923 631 1051 671 modo
1082 631 1134 671 de
1166 632 1402 681 montibus,
1426 632 1627 673 recentis-

185 689 338 728 simum
360 687 409 727 ad
435 687 620 727 laborem
640 687 834 738 militem,
857 688 958 742 quia
980 687 1130 728 ultimo
1154 688 1309 743 proelio
1332 688 1579 729 advenerat.

243 743 475 784 XXXIV.
498 743 576 793 Hi,
592 754 818 799 postquam
835 745 960 785 mixti
985 745 1184 785 hostibus
1209 755 1378 800 portam
1402 746 1626 796 intravere,
1642 757 1747 794 Captae
1762 753 1822 784 Εἰ»,

184 802 229 841 in
259 814 398 841 muros
422 802 635 851 evadunt3
680 802 851 855 suisque
881 802 997 856 capti
1031 802 1179 857 oppidi
1216 803 1387 857 signum
1419 816 1472 842 ex
1506 817 1627 844 muro
1641 800 1737 828 ‘¹⁶¹¹ae-

186 858 356 898 tollunt.
417 857 546 903 Quod
572 858 644 898 ubi
667 858 853 898 dictator
876 860 1120 914 conspexit,
1139 858 1247 912 (jam
1273 860 1383 899 enim
1408 871 1450 899 et
1473 860 1564 915 ipse
1585 860 1628 900 in

181 915 348 955 deserta
370 913 560 954 hostium
581 924 720 955 castra
743 917 1058 970 penetraverat)
1075 916 1317 970 cupientem
1344 916 1522 957 militem
1545 917 1630 958 dis-

185 985 353 1012 currere
376 971 426 1011 ad
453 972 657 1026 praedam,
683 986 757 1026 spe
781 972 938 1027 injecta
960 973 1135 1028 majoris
1170 973 1212 1013 in
1244 974 1348 1014 urbe
1383 974 1557 1028 praedae,
1577 974 1631 1014 ad

187 1038 356 1083 portam
393 1028 540 1078 ducit;
584 1039 865 1084 receptusque
905 1029 1019 1070 intra
1060 1044 1217 1079 murm,
1259 1030 1302 1070 in
1347 1044 1503 1081 arcem,
1544 1046 1632 1086 quo

187 1099 308 1125 ruere
343 1084 603 1140 fugientium
640 1086 810 1126 turbam
841 1086 1032 1137 videbat,
1054 1088 1210 1142 pergit.
1273 1087 1365 1127 Nec
1389 1087 1527 1128 minor
1548 1102 1634 1129 cae-

185 1142 260 1182 des
287 1142 327 1182 iu
362 1143 482 1191 urbe,
505 1156 633 1196 quam
669 1143 712 1182 in
744 1143 914 1198 proelio,
944 1143 1050 1195 fuit3
1093 1144 1246 1193 donec,
1279 1144 1460 1198 abjectis
1488 1146 1632 1196 armis,

187 1199 295 1239 nihil
325 1209 480 1253 praeter
510 1200 640 1239 vitam
674 1209 881 1254 petentes,
906 1200 1107 1241 dictatori
1139 1201 1365 1241 deduntur.
1432 1202 1540 1243 Urbs
1563 1216 1634 1242 ca-

184 1266 355 1310 straque
376 1256 646 1311 diripiuntur.
687 1256 866 1297 Postero
888 1257 956 1297 die
978 1259 1009 1280 ⁶⁵
1025 1258 1203 1312 singulis
1223 1258 1405 1313 captivis
1423 1260 1475 1298 ab
1490 1260 1634 1313 equite

185 1313 237 1352 ad
263 1314 562 1353 centurionem
588 1323 701 1353 sorte
723 1313 877 1363 ductis,
902 1324 958 1364 et,
981 1329 1160 1368 quorum
1184 1315 1344 1354 eximia
1378 1316 1510 1356 virtus
1542 1316 1633 1356 fue-

189 1379 270 1418 rat,
292 1370 417 1419 binis,
438 1369 529 1410 aliis
555 1370 634 1410 sub
657 1384 816 1410 corona
847 1372 1130 1421 venumdatis,
1155 1372 1392 1412 exereitum
1428 1374 1635 1413 victorem

187 1426 530 1480 opulentumque
556 1427 703 1481 praeda
726 1427 992 1482 triumphans
1017 1429 1203 1468 dictator
1227 1428 1410 1468 Romam
1436 1430 1632 1471 reduxit:

185 1482 394 1537 jussoque
429 1484 635 1538 magistro
676 1484 868 1537 equitum
907 1485 1106 1525 abdicare
1147 1500 1190 1525 se
1233 1486 1501 1540 magistratu,
1543 1487 1634 1540 ipse

189 1540 345 1580 deiude
380 1539 549 1580 abdicat
584 1540 652 1580 die
686 1542 994 1591 sextodecimo,
1019 1542 1183 1583 reddito
1222 1543 1262 1582 in
1301 1557 1402 1596 pace
1437 1544 1633 1598 imperio,

189 1596 303 1650 quod
328 1596 370 1636 in
397 1596 504 1637 bello
530 1597 790 1651 trepidisque
809 1599 933 1638 rebus
956 1609 1194 1654 acceperat.
1231 1603 1263 1625 ⁶⁶
1281 1598 1441 1640 Classiz
1461 1615 1632 1655 quoque
1646 1604 1804 1644 elassibus

195 1653 248 1693 ad
273 1652 456 1693 Fidenas
480 1663 717 1708 pugnatum
749 1669 844 1694 cum
879 1655 1147 1705 Veientibus,
1170 1656 1344 1710 quidam
1375 1657 1546 1697 annales
1569 1672 1632 1697 re·
1647 1662 1820 1710 pugnatum

191 1709 351 1751 tulere:
387 1724 473 1750 rem
508 1725 630 1764 aeque
660 1710 879 1752 difficilem
903 1722 1030 1766 atque
1054 1713 1376 1765 incredibilem3
1405 1728 1485 1754 nec
1519 1701 1839 1755 nuncadhuenas.

191 1766 278 1806 lato
313 1767 412 1807 satis
444 1766 494 1807 ad
533 1766 616 1808 hoc
651 1782 800 1817 amne3
845 1778 888 1809 et
921 1778 1011 1809 tum
1044 1769 1278 1824 aliquante,
1303 1781 1347 1810 ut
1372 1786 1396 1811 a
1421 1772 1632 1811 veteribus

191 1823 451 1878 accepimus,
475 1824 654 1865 artiore:
687 1824 767 1865 nisi
793 1826 833 1865 in
860 1826 1039 1880 trajectu
1064 1827 1174 1867 forte
1199 1828 1387 1867 fluminis
1404 1828 1635 1883 prohiben-

190 1880 263 1930 do,
302 1880 536 1935 aliquarum
576 1881 763 1921 navium
784 1897 1039 1922 concursum
1076 1883 1118 1923 in
1156 1883 1293 1938 majus
1327 1889 1393 1936 (ut
1427 1886 1494 1935 fit)
1525 1885 1633 1926 cele-

192 1937 380 1987 brantes,
399 1937 558 1978 navalis
584 1938 774 1979 victoriae
795 1954 949 1980 vanum
976 1939 1148 1981 titulum
1173 1942 1432 1996 adpetivere,

250 1993 457 2045 XXXV.
500 1993 734 2049 Insequens
778 2010 913 2036 annus
949 1996 1145 2037 tribunos
1178 1997 1382 2038 militares
1420 1997 1630 2040 consulari
1646 2006 1686 2036 U.
1704 2007 1740 2038 C.
1758 2010 1832 2038 330.

197 2060 412 2104 potestate
441 2050 592 2091 babuit
611 2051 665 2091 A.
690 2052 990 2108 Sempronium
1013 2053 1277 2104 Atratinum,
1304 2055 1351 2095 L.
1375 2051 1682 2123 Quinctium}
1702 2052 1738 2081 (3
1755 2053 1830 2082 ⁴9²·

196 2105 518 2157 Cincinnatum,
542 2108 591 2151 L.
615 2108 789 2149 Furium
816 2109 1120 2161 Medullinum,
1145 2111 1192 2151 L.
1218 2111 1448 2153 Horatium
1472 2112 1633 2154 Barba·
1677 2096 1836 2132 'bempm'

199 2173 304 2212 tum.
365 2164 618 2214 Veientibus
638 2179 850 2222 {umorum
878 2167 1032 2223 viginti
1056 2168 1239 2210 induciae
1262 2168 1391 2221 datae,
1412 2169 1632 2226 et>AEquis
1645 2140 1776 2212 gfff-ac.
1790 2139 1846 2169 Tr.

502 2261 517 2288 ,y
538 2255 639 2297 eodem
654 2258 749 2286 Gron.
766 2259 856 2288 Crev.
1030 2263 1043 2277 2
1067 2261 1222 2290 elassibus
1237 2262 1321 2292 Eaed.

194 2331 314 2370 passim
345 2341 501 2371 eampum
534 2331 756 2371 diffudissent,
782 2335 829 2364 ita
851 2339 891 2365 ut
929 2338 1099 2376 procincta
1124 2336 1249 2368 dieitur
1275 2338 1363 2378 apud
1390 2339 1525 2370 Festum
1551 2339 1633 2371 ibid.

193 2374 340 2414 undique
363 2375 563 2415 objiceretur
585 2376 791 2414 fugientibus
816 2379 892 2409 hos·
935 2387 970 2410 et
993 2380 1080 2420 apud
1097 2380 1243 2411 Gellium
1262 2381 1283 2412 l.
1302 2383 1328 2412 1.
1346 2393 1373 2412 e.
1406 2386 1453 2413 it.
1481 2393 1540 2423 pro
1564 2385 1633 2414 acie

192 2418 294 2447 tibus.
410 2443 414 2446 ,
541 2431 546 2435 ·
931 2425 1092 2454 instructa
1107 2437 1116 2453 :
1143 2429 1177 2454 et
1199 2427 1312 2455 classes
1337 2436 1467 2465 quoque
1491 2436 1631 2467 usurpa-

235 2462 276 2492 65
302 2459 462 2500 Singulis]
494 2461 607 2501 Quum
636 2462 792 2502 Romani,
821 2475 888 2496 non
907 2470 909 2474 ⁴
932 2467 980 2496 vit
995 2466 1152 2506 Virgilius
1169 2468 1189 2498 l.
1207 2468 1281 2498 VH.
1300 2479 1326 2497 v.
1344 2466 1417 2503 716.
1433 2479 1493 2509 pro
1515 2479 1633 2509 eques-

193 2505 327 2543 quidem
343 2514 472 2541 omneS,
488 2505 544 2535 scd
563 2509 694 2535 tantum
720 2507 759 2536 ab
776 2510 888 2546 equite
933 2510 1039 2540 tribus
1063 2511 1176 2550 copiis.
1221 2512 1333 2551 Quum
1362 2513 1464 2552 igitur
1489 2513 1631 2544 incredi-

196 2548 236 2577 ad
253 2549 498 2584 centurionem,
515 2556 603 2578 sorte
628 2548 800 2581 duxissent
822 2553 890 2581 sin·
934 2553 999 2583 bile
1016 2554 1077 2593 ipsi
1096 2553 1189 2583 Livio
1213 2555 1363 2585 videatur
1386 2557 1492 2586 navali
1517 2566 1631 2597 pugna

195 2590 290 2629 gulos
313 2592 458 2631 captivos
482 2592 542 2621 sibi
566 2592 787 2630 addicendos3
813 2605 894 2633 quo·
937 2596 1133 2626 dimicatum
1151 2607 1220 2627 esse
1238 2598 1325 2637 apud
1349 2599 1500 2638 Fidenas,
1517 2601 1632 2630 verisi-

196 2644 270 2663 rum
294 2641 407 2664 autem
430 2635 553 2665 eximia
575 2636 678 2665 virtus
700 2636 822 2674 fuerat,
847 2638 894 2668 bi-
939 2640 1016 2669 mile
1032 2646 1083 2670 est
1097 2647 1222 2670 veteres
1237 2643 1427 2681 scriptores,
1444 2639 1506 2682 qui*
1522 2644 1630 2674 classi·

197 2687 266 2706 uos.
937 2684 994 2711 bus
1011 2688 1198 2722 pugwalmn
1225 2685 1424 2723 retulerunt,
1442 2687 1524 2717 nihil
1541 2687 1630 2716 aliud

200 2743 206 2746 .
240 2721 282 2750 (56
309 2720 479 2760 Classihus]
529 2721 692 2752 Vetuslius
715 2722 805 2762 jun,
843 2724 892 2752 in-
937 2726 1091 2763 voluisse,
1108 2737 1206 2765 quani
1225 2729 1425 2760 exercitibus
1442 2731 1630 2767 instructiS,

196 2763 270 2800 quit
285 2764 320 2793 in
345 2774 422 2794 voce
439 2764 616 2795 Procincla
640 2766 765 2802 Festus,
783 2768 892 2796 multi·
936 2769 999 2805 vel,
1018 2770 1043 2798 si
1068 2771 1140 2807 quis
1158 2771 1326 2809 maluerit,
1339 2774 1550 2812 ⁶equestribus
1575 2783 1629 2803 co·

198 2806 346 2836 tudinem
391 2809 569 2845 hominum,
607 2819 707 2848 qnam
746 2811 891 2845 navium,
937 2812 998 2852 piis
1013 2809 1238 2843 ‹liini‹.‘a.tuiu.⁴
1382 2816 1384 2820 ’
1534 2826 1537 2827 ’

196 2850 329 2880 classem
360 2853 531 2891 appellari.
575 2853 692 2891 Itaque
722 2856 756 2882 et
785 2855 894 2884 classis
