1925 3239
541 133 544 138 -
584 105 705 146 LIB
733 102 986 144 V11.CAP
1014 106 1143 142 XVII.

131 198 316 245 Tullium
339 204 608 260 antesignani
638 219 801 255 omnes,
823 204 1048 259 primoque
1080 204 1226 265 inpetu
1258 213 1445 245 avertere
1475 205 1629 282 hos-X.
1644 208 1683 282 g·
1698 212 1774 282 {g}-

1499 113 1575 152 417

135 268 248 301 tem.
281 259 421 301 fusum
454 261 552 301 inde
582 260 634 301 ad
664 261 871 323 oppidum
905 261 1131 314 persecuti,
1163 273 1294 312 quum
1318 259 1411 314 jam
1443 262 1574 302 scalas

129 316 351 356 moenibus
392 317 684 366 admoverent,
707 331 767 356 ιιι
809 316 1070 356 deditionem
1116 317 1263 354 urbem
1305 329 1575 370 accepeiunt.

132 370 376 426 triumphus
399 373 452 413 de
477 372 794 417 Priveinatibus
815 382 950 412 actus

649 428 727 467 nisi
751 427 866 480 quod
879 427 1036 490 legem,
1061 441 1172 466 novo
1197 427 1396 481 exemplo
1419 429 1468 467 ad
1494 430 1571 468 Su·
1587 441 1649 470 Lex
1666 442 1702 470 de
1718 443 1763 470 vi-

132 482 260 522 trium
285 484 326 523 in
351 484 498 524 castris
521 484 712 523 tributim
737 484 768 508 ⁹⁶
783 483 835 522 de
850 483 1051 523 vicesima
1072 497 1215 522 cotum
1223 482 1319 536 ‚qui
1343 484 1572 523 manumit-
1586 493 1698 512 “snm
1714 494 1778 513 ¹¹¹2·

527 538 691 589 Patres,
714 540 815 593 quia
836 554 886 579 ea
915 538 1009 592 lege
1041 538 1152 578 haud
1187 552 1364 592 parvum
1391 541 1495 578 vecti

126 428 404 468 memorabile
423 438 616 490 gestum:

128 545 331 588 te1··‚entui
356 539 465 579 tulit.

125 592 245 648 inopi
291 594 442 635 aerario
485 595 676 635 additum
716 604 840 645 esset,

1008 370 1079 410 Ab
1102 370 1234 410 altero
1259 371 1433 411 consule
1466 372 1573 412 nihil

882 604 1076 634 auctores
1118 594 1305 634 fuerunt.

123 649 286 690 tribuni
312 650 460 705 plebis,
484 665 568 690 non
601 659 687 690 tam
720 650 827 705 lege,
849 664 976 704 quarn
1009 649 1226 703 exemplo,
1250 649 1370 700 moti,
1394 664 1446 690 ne
1477 651 1570 705 quis

122 716 272 758 postea
301 713 332 735 ⁹⁷
349 705 551 760 populum
586 720 727 747 sevoc
718 715 820 756 net
851 707 993 760 capite
1023 716 1273 745 sanxerunt.
1306 705 1413 746 nihil
1455 707 1571 747 enim

1505 541 1570 579 o‚al
1586 527 1738 555 numiSSO-

1503 573 1528 594 Ο
1585 577 1665 603 rum
1677 570 1707 597 in
1723 578 1788 598 cas-

1368 593 1495 635 Csstffl'
1501 610 1570 636 um
1584 611 1640 639 tris
1656 592 1731 641 iata.

122 773 209 800 non
233 775 306 815 per
330 762 483 801 milites
489 762 681 816 ,juratos
705 764 747 802 in
770 762 956 802 consulis
978 762 1120 808 verba,
1141 761 1334 815 quamvis
1359 763 1571 817 pernicio-

123 829 215 856 sum
242 817 415 872 populo,
439 818 470 857 si
497 819 535 857 id
561 817 722 869 liceret,
744 824 775 847 ⁹³
793 818 889 858 feni
915 831 1051 872 posse.
1098 816 1258 857 Eodem
1282 832 1394 858 anno
1419 817 1472 858 C.
1497 818 1772 859 Li-C-L1c1mus

122 871 261 912 cinius
283 872 404 913 Stolo
427 888 452 913 a
475 873 541 914 M.
566 851 753 928 Popillio
779 874 954 914 Laenate
985 888 1060 913 sua
1090 873 1185 927 Jege
1215 881 1247 902 ⁹9
1263 873 1410 914 decem
1444 874 1569 914 milli·
1583 864 1746 934 dgzlffffis

123 927 204 967 bus
246 928 340 968 aeris
380 937 444 969 est
485 930 724 981 damnatus,
766 930 880 984 quod
924 929 1038 970 mille
1083 943 1290 991 Jugeium
1336 930 1427 984 agri
1471 945 1571 971 cum
1752 927 1759 935 '

120 982 210 1023 filio
232 984 482 1039 possideret
507 987 930 1043 ‘emancipandoque
954 985 1089 1026 filium
1112 984 1305 1025 fiaudem
1326 985 1412 1040 legi
1444 985 1569 1026 fecis-

121 1047 200 1079 set.

178 1093 334 1137 XVII.
367 1095 482 1137 Novi
507 1095 701 1137 consules
725 1095 838 1146 inde,
859 1096 956 1137 2M.
979 1096 1135 1137 Fabius
1158 1095 1397 1136 Ambustus
1421 1111 1569 1138 secun-
1584 1108 1624 1137 U.
1643 1107 1770 1142 0399

116 1150 218 1191 dum
243 1159 286 1191 et
310 1150 376 1191 M.
403 1152 609 1207 Popillius
646 1152 795 1192 Laenas
827 1153 1086 1193 secundum
1088 1184 1100 1202 ‚
1123 1153 1208 1192 duo
1237 1152 1346 1192 bella
1366 1152 1567 1194 habueie.
1584 1151 1619 1179 Χ·
1640 1150 1676 1179 (
1696 1154 1772 1181 ³53·

120 1205 263 1247 Facile
303 1207 483 1248 alteium
523 1223 620 1249 cum
652 1207 921 1259 Tibuitibus,
953 1209 1067 1263 quod
1102 1208 1252 1248 Laenas
1285 1209 1440 1262 gessit:
1479 1186 1787 1265 qunaemgffgu·

120 1261 276 1303 hoste
267 1277 308 1302 in
335 1265 479 1304 urbem
503 1265 741 1319 compulso,
765 1278 890 1343 agios
913 1264 1113 1304 xastavit.
1165 1264 1318 1304 Falisci
1341 1263 1566 1318 Taiquini-
1580 1279 1625 1307 M
1644 1278 1774 1315 Popillio

119 1331 324 1373 ensesque
343 1319 521 1360 alterum
542 1320 948 1374 consulem³p11ma
969 1334 1113 1375 pugna
1133 1319 1230 1360 fudc
1218 1329 1347 1360 21·.unt
1370 1321 1468 1360 inde
1487 1329 1566 1360 ter-
1581 1320 1726 1350 ¹1·('0⁵⁵·

116 1387 184 1413 101·
205 1375 419 1416 maximus
442 1375 536 1426 suit,
553 1378 667 1430 quod
685 1378 924 1418 sacerdotes
947 1390 1109 1426 eorum,
1133 1376 1298 1416 facibus
1321 1376 1566 1417 ardentibus
1582 1386 1727 1416 Fabiusa

118 1431 447 1492 *anguibusque
491 1407 694 1486 piaelatis,
726 1433 891 1477 incessu
935 1432 1074 1472 furiali
1107 1431 1286 1472 militem
1321 1432 1564 1472 Romanum
1580 1429 1708 1460 Fa¹¹³⁰¹⁵

116 1484 282 1526 insueta
302 1488 579 1528 tur-bavemnt
611 1488 775 1551 specie:
807 1499 848 1530 et
879 1497 981 1529 tunc
1013 1487 1184 1550 quidem
1210 1488 1324 1528 velut
1354 1473 1719 1543 lymphatilfoessssunt

117 1548 162 1580 et
183 1542 366 1583 adtoniti
392 1544 668 1584 munimentis
692 1544 778 1584 suis
801 1545 968 1600 tiepido
993 1544 1165 1598 agmine
1195 1544 1463 1595 incideiunt3
1493 1545 1564 1584 de·
1577 1558 1685 1587 aciem.

114 1595 232 1649 inde,
255 1599 364 1639 ubi-'³
380 1600 558 1640 consulu
581 1599 796 1655 legatique
823 1615 872 1641 ac
903 1600 1064 1641 tribuni
1096 1614 1320 1654 pueioium
1353 1598 1436 1640 iitu
1459 1615 1570 1641 vana

425 1685 435 1703 ²
466 1689 579 1718 iterum
595 1689 693 1719 Gron.
708 1690 798 1718 Crev.

154 1763 197 1796 96
234 1761 288 1793 De
316 1763 482 1802 vicesima]
517 1763 576 1801 Ut,
609 1773 712 1802 quum
745 1764 817 1802 quis

111 1813 244 1835 servum
262 1806 530 1841 manumitteret,
540 1807 728 1836 vicesimam
743 1816 818 1845 par-

75 1851 78 1855 '
109 1852 180 1876 tem
211 1848 306 1888 pretii
343 1848 414 1886 ejus
452 1848 567 1879 aerario
604 1849 818 1888 dependeret.

110 1888 184 1919 Hoc
194 1890 334 1929 vectigal
346 1890 389 1920 ad
401 1890 595 1921 inferiorum
606 1893 708 1921 etiam
725 1892 818 1921 Prin-

110 1932 224 1971 cipum
239 1937 374 1963 aetatem
390 1934 585 1973 permansit.

152 1979 192 2009 97
205 1974 402 2015 *Populum
425 1978 601 2014 serocaret]
625 1975 815 2006 Abductum

112 2017 153 2047 ab
169 2018 261 2054 urbe,
281 2027 300 2047 a
327 2018 575 2057 magistratibus
599 2029 636 2048 ac
660 2020 818 2056 tribunis,

113 2060 273 2099 populum
291 2061 324 2090 in
342 2061 521 2091 concilium
538 2065 679 2091 vocaret.

153 2105 195 2136 98
219 2103 314 2133 Ferri
330 2102 434 2143 posse]
453 2103 540 2134 Olim
553 2104 647 2143 fleri.
694 2104 817 2134 Emen-

110 2144 203 2175 davit
225 2145 379 2184 Sigonius
404 2147 588 2176 certissima
613 2147 817 2184 eonjectura,

111 2197 210 2225 quam
242 2188 378 2218 firmant
401 2188 537 2219 Hearnii
561 2189 656 2219 codd.
674 2195 709 2219 et
731 2199 818 2219 unus

109 2239 128 2258 e
150 2231 282 2260 nostris.
328 2230 380 2260 lta
403 2230 521 2261 habuit
551 2242 681 2271 quoque
705 2232 818 2262 'rhua-

110 2281 202 2303 naeus
219 2283 238 2302 a
253 2273 361 2312 prima
376 2282 489 2303 manu.

149 2319 191 2349 99
215 2314 336 2346 Decem
374 2316 515 2345 millibus
552 2316 638 2355 oerz's]
680 2316 716 2346 ld
748 2321 812 2355 est,

108 2358 227 2387 marcis
252 2358 380 2397 argenti
397 2358 643 2389 ,Parisiensibus
672 2362 719 2390 15.
736 2370 813 2390 cum

109 2400 216 2430 unciis
234 2404 265 2431 5.

156 2445 166 2472 Ι
187 2442 453 2483 Emancipando]
467 2443 494 2472 E
509 2453 611 2472 manu
629 2444 816 2474 emittendo

108 2495 169 2525 per
178 2485 409 2524 imaginariam
420 2486 644 2516 venditionem
659 2492 712 2516 ter
724 2497 818 2526 repe-

110 2528 218 2558 titam.
265 2528 354 2568 Lege
386 2529 477 2558 enim
507 2528 643 2558 Romuli
678 2535 815 2558 cautum

107 2575 193 2608 erat,
210 2581 248 2600 ac
264 2571 383 2601 deinde
399 2571 434 2600 in
450 2570 528 2600 XII.
543 2571 673 2600 tabulas
689 2572 729 2600 ab
748 2572 814 2600 De-

106 2613 260 2643 cemviris
284 2613 442 2650 relatum,
467 2618 517 2650 ut,
541 2614 567 2642 si
591 2618 684 2653 pater
707 2613 813 2643 filium

104 2659 171 2692 ter,
186 2655 292 2690 filiam
316 2662 350 2686 et
373 2661 500 2685 ceteros
524 2656 656 2693 liberos,
674 2657 693 2685 i.
712 2666 741 2684 e.
759 2665 816 2685 ne-

106 2703 202 2736 potes
227 2701 385 2738 neptesve
401 2709 418 2727 e
434 2698 514 2735 filio,
531 2698 634 2727 semel
651 2698 815 2728 vendidis-

105 2745 171 2776 set,
188 2741 384 2770 manumissi
399 2746 514 2780 postea
529 2741 569 2770 ab
584 2746 747 2780 emptore,
764 2742 816 2769 sui

102 2781 189 2819 juris
206 2783 339 2821 fierent,
356 2783 411 2814 ille
427 2784 517 2814 trina
542 2784 814 2820 manumissione,

166 2837 274 2864 v01..
309 2838 340 2865 1.

970 1694 987 1709 ¹¹
1012 1690 1149 1718 consules
1162 1690 1206 1718 Gr
1209 1699 1260 1718 on.

868 1762 903 1792 hi
934 1763 1045 1792 unica.
1090 1762 1140 1792 Ad
1171 1764 1265 1801 cujus
1295 1764 1571 1803 emancipationis

865 1806 1046 1844 imaginem
1072 1810 1183 1844 postea
1208 1807 1418 1843 institutum,
1443 1811 1494 1843 ut,
1519 1807 1570 1836 his

860 1848 1021 1878 simulato
1038 1854 1072 1878 et
1089 1849 1169 1878 dicis
1186 1859 1286 1879 causa
1299 1850 1440 1888 peractis
1458 1850 1570 1878 vendi-

860 1891 1008 1920 tionibus
1031 1896 1064 1920 et
1088 1892 1416 1928 manumissionibus,
1432 1891 1526 1921 liberi
1551 1902 1569 1921 e

863 1940 1029 1973 potestate
1046 1935 1148 1973 patris
1172 1935 1312 1964 exirent.
1357 1935 1429 1964 Hoc
1454 1940 1568 1964 autem

861 1976 1004 2006 Stolonis
1028 1980 1256 2006 commentum
1280 1986 1346 2006 non
1372 1977 1569 2006 abhorrebat

862 2028 880 2048 a
891 2019 1183 2058 jurisprudentum
1201 2019 1345 2058 placitis,
1361 2026 1399 2048 ut
1415 2020 1568 2049 observat

861 2061 1032 2099 Dujatius.
1070 2062 1134 2090 Sed
1150 2061 1223 2091 ideo
1239 2062 1332 2091 nulla
1348 2061 1436 2091 illius
1453 2071 1568 2090 eman-

861 2104 1036 2143 cipationis
1054 2103 1166 2133 habita
1182 2105 1264 2134 ratio
1283 2105 1431 2142 est‚quia
1444 2114 1517 2134 eam
1532 2105 1566 2134 in

861 2146 1011 2176 fraudem
1030 2146 1110 2183 legis
1128 2147 1251 2176 factam
1269 2147 1458 2186 apparebat.

906 2191 924 2218 ί.)
948 2189 997 2218 M.
1016 2189 1135 2219 Fabius
1151 2189 1326 2219 Ambustus
1340 2190 1567 2225 secmzdum‚et

863 2231 912 2261 M.
937 2231 1095 2270 Popillius
1119 2232 1237 2262 Loeuas
1264 2232 1399 2271 iterum]
1426 2232 1567 2270 Campa-

859 2283 921 2303 nus
936 2279 969 2303 et
985 2274 1131 2304 Andreas
1147 2278 1181 2303 et
1193 2275 1296 2304 nostri
1315 2274 1408 2303 codd.
1424 2274 1565 2303 habent:

859 2316 908 2346 M.
925 2316 1044 2346 Fabius
1059 2317 1235 2346 Ambustus
1260 2317 1306 2347 II.
1330 2322 1360 2346 ee
1382 2315 1430 2345 ΑΙ.
1456 2316 1568 2354 Popil-

859 2360 922 2388 lius
945 2359 1065 2388 Loenas
1093 2360 1137 2389 ll.
1185 2359 1227 2388 Et
1251 2360 1297 2388 sic
1320 2360 1487 2397 scripsisse
1512 2358 1567 2387 Li·-

860 2402 951 2431 vium
975 2402 1142 2440 probabile
1166 2408 1230 2438 est,
1248 2411 1308 2430 nec
1332 2402 1446 2439 inepta
1468 2401 1571 2435 affec-⁴

859 2445 987 2473 tatione
1018 2444 1095 2473 huic
1123 2444 1280 2482 adjecisse
1312 2453 1424 2473 vocem
1453 2452 1565 2473 secun-

860 2487 952 2523 dum,
971 2486 1018 2515 illi
1036 2488 1164 2516 itm-um.

903 2532 921 2558 3
948 2529 1069 2558 Prima
1081 2528 1212 2568 pugna]
1235 2529 1334 2558 [nitio
1352 2537 1486 2567 pugnae.

903 2574 922 2601 4
945 2571 1128 2609 Anguibus]
1159 2571 1192 2599 ld
1211 2574 1273 2607 est,
1298 2577 1336 2600 ut
1358 2571 1472 2600 scribit
1496 2569 1566 2598 Flo-

859 2623 914 2643 rus
932 2613 971 2642 de
997 2614 1209 2643 fidenatibus
1233 2623 1345 2651 agens,
1362 2612 1383 2641 l.
1408 2612 1434 2641 1.
1449 2622 1487 2650 ⁴c.
1518 2613 1565 2641 12.

858 2657 1059 2686 discoloribus
1076 2661 1261 2695 sementum
1286 2657 1320 2685 in
1346 2655 1478 2685 modum
1508 2656 1567 2684 cit-

859 2700 910 2728 tis.

903 2744 920 2770 5
950 2740 1078 2777 Gmsul]
1094 2739 1202 2777 Vulgo
1219 2741 1367 2770 consules.
1401 2738 1465 2768 Sed
1479 2746 1565 2767 unus

861 2785 996 2811 tantum
1014 2781 1133 2811 consul
1150 2782 1303 2812 adversus
1321 2783 1462 2812 Faliscos
1485 2781 1568 2810 Tar-

875 2835 956 2863 Ee
