1914 3239
575 125 699 167 ΜΒ.
728 126 759 164 1.
797 126 931 164 CAP.
962 126 1072 164 vm.
1163 152 1166 155 .
1520 132 1567 168 15

105 225 210 268 imia
239 234 368 283 capta
398 226 451 268 de
492 237 626 282 grege
656 237 825 267 sacrum
867 223 1065 274 Herculi,
1100 224 1308 266 adhibitis
1341 226 1394 268 ad
1429 227 1556 269 mini·

102 284 280 325 sterium
320 261 561 338 dapemqoue
571 259 776 323 ῧΡοῑίῐίἱε
808 296 859 322 ac
894 282 1096 331 Pin-uiis,
1120 296 1218 337 quae
1251 292 1342 322 tum
1377 282 1554 325 familiae

103 341 293 381 maxime
320 340 481 381 inclitae
503 354 554 380 ea
574 339 672 379 loca
691 338 957 388 incolebant,
978 338 1160 379 factum.
1222 338 1255 378 1
1258 348 1351 379 orte
1373 339 1434 379 ita
1456 354 1554 380 eve-

104 397 184 447 nit,
206 407 253 437 ut
278 397 430 437 Potitii
456 395 509 436 ad
538 404 708 451 tempus
731 404 892 450 praesto
924 403 1082 445 essent,
1112 395 1251 450 iisque
1287 403 1390 435 exta
1419 396 1553 451 adpo·
1568 410 1721 442 Potitiigt

101 464 338 505 nere·;ntui
383 451 563 515 Pinarii,
596 452 710 493 extis
742 451 896 500 adesis,
940 451 992 492 ad
1026 461 1212 491 ceteram
1247 453 1443 493 venirent
1480 453 1553 493 da·
1568 452 1694 483 Pinarii.

104 524 218 565 pem.
251 510 350 550 inde
382 509 629 549 institutum
656 508 829 558 mansit,
860 508 1000 548 donec
1031 507 1253 548 Pinarium
1287 522 1423 563 genus
1456 508 1555 560 fuit,

102 575 156 607 ‘ne
172 567 285 607 extis
300 564 572 606 sollemnium
592 573 879 606 vescerentur
915 564 1084 614 Potitii,
1098 565 1154 604 ·1b
1169 541 1372 604 Evandro
1394 565 1555 616 edocti,

103 623 318 663 antistites
349 621 568 680 sacriejus
603 635 680 676 per
719 620 876 661 multas
907 630 1057 661 aetates
1100 620 1300 662 f·:ue1unt
1342 621 1554 672 53d0nec,

102 679 262 720 tradito
304 684 334 705 ⁵⁴
350 678 481 718 servis
521 675 710 733 publicis
744 677 940 717 sollemni
976 677 1154 717 familiae
1186 677 1445 728 ministerio,
1480 693 1556 734 ge-

99 750 180 776 nus
210 749 338 776 mnne
372 734 637 775 Potitiorum
666 734 846 774 interiit.
908 733 1022 775 Haec
1057 744 1148 774 tum
1182 748 1303 774 sacra
1341 712 1554 776 Romulus

99 807 185 833 una
200 806 256 832 ex
278 791 480 832 omnibus
500 791 727 847 peregrina
749 790 965 854 suscepit3
991 791 1085 846 jam
1112 800 1203 831 tum
1230 791 1554 832 inmortalitatis

102 849 262 889 virtute
287 856 438 903 partae,
457 849 512 889 ad
534 862 663 902 quam
687 861 784 887 eum
806 861 882 888 sua
903 846 995 887 fata
1016 847 1249 897 ducebant,
1274 846 1432 888 fautor.

156 903 289 946 VIII.
322 903 472 944 Rebus
494 904 655 945 divinis
678 905 759 944 lite
781 913 1050 959 perpetratis,
1068 914 1310 967 vocataque
1327 904 1381 944 ad
1404 905 1552 946 conci·
1565 918 1751 956 Rempublt-

97 961 204 1002 iium
227 961 522 1011 multitudine,
553 975 652 1015 quae
685 960 925 1001 coalescere
960 960 1003 1000 in
1040 960 1190 1015 populi
1230 960 1354 1000 unius
1395 963 1771 1017 corpusff²¹¹¹⁰¹sd¹¹¹÷²¹t

98 1017 215 1058 nulla
250 1032 308 1069 re,
332 1027 546 1073 praeterqu
553 1032 621 1058 un
654 1017 840 1073 lectibuS‚
874 1025 1061 1072 poterat,
1088 1016 1229 1070 ⁵⁵jura
1263 1017 1408 1058 dedit:
1453 1005 1730 1072 quaeR⁰¹¹¹⁰¹⁰⁵

98 1074 160 1115 ita
177 1084 326 1115 sancta
345 1075 492 1130 generi
518 1074 743 1115 hominum
768 1074 927 1129 agresti
953 1073 1046 1114 fote
1082 1083 1215 1124 ratus,
1239 1073 1271 1113 si
1297 1087 1342 1113 se
1364 1074 1456 1130 ipse
1481 1089 1552 1116 ve-

98 1131 334 1172 neia’oilem
345 1107 613 1186 einsignibus
647 1131 817 1195 imperii
855 1129 1042 1181 fecisset,
1064 1144 1198 1184 quum
1222 1139 1366 1170 cetero
1398 1131 1552 1173 habitu

98 1202 143 1228 se
173 1188 485 1243 augustiolQem
519 1198 610 1228 tum
642 1188 832 1229 maxime
864 1188 894 1210 56
917 1162 1144 1229 hemi-ibus
1175 1186 1404 1228 duodecim
1437 1203 1553 1229 sum-

101 1244 171 1296 tis,
203 1244 322 1285 fecit.
382 1244 470 1284 Alii
504 1246 559 1285 ab
597 1259 776 1286 numero
813 1245 975 1295 avium,
1007 1258 1106 1299 quae
1147 1244 1331 1299 augurio
1367 1258 1551 1299 regnum

100 1301 424 1357 portenderant,
450 1315 548 1342 eum
583 1311 780 1342 secutum
812 1315 1041 1342 numerum
1078 1309 1246 1357 putant.
1281 1303 1311 1326 ⁵⁷
1333 1315 1402 1341 me
1415 1278 1550 1344 ehaud

98 1358 288 1413 poenitet
323 1372 471 1398 eorum
507 1358 734 1399 sententiae
762 1372 869 1409 esse,
902 1358 1060 1412 quibus
1093 1366 1138 1398 et
1164 1360 1195 1381 ⁵⁸
1209 1356 1475 1413 adparitmes
1507 1368 1551 1400 et

93 1415 182 1456 hoc
205 1429 339 1470 genus
373 1415 429 1455 ab
455 1414 648 1455 Etruscis
681 1415 894 1465 finitimis,
919 1415 1033 1455 unde
1056 1417 1086 1440 ⁵⁹
1107 1413 1209 1454 sella
1233 1414 1409 1465 curulis,
1434 1416 1547 1456 unde

91 1471 129 1494 ‘⁰
144 1480 248 1528 toga
271 1480 486 1528 praetexta
504 1481 648 1513 sumta
667 1481 748 1524 est,
767 1486 994 1513 numerum
1013 1485 1187 1526 quoque
1207 1471 1348 1527 ipsum
1368 1471 1549 1514 ductum

95 1632 186 1672 apud
208 1630 420 1663 Macrobium
443 1632 466 1662 l.
484 1631 546 1662 111.
565 1631 701 1662 Saturn.
719 1642 748 1662 c.
766 1634 797 1663 5.

94 1685 166 1715 qnoe
190 1676 237 1706 ad
258 1676 458 1716 sacrficium
484 1676 653 1706 destinata>
675 1677 798 1706 exime-

96 1720 219 1749 bantur
233 1729 250 1749 e
262 1729 377 1758 grege.

138 1765 178 1793 53
203 1762 317 1793 Donec
332 1760 468 1801 tradito]
498 1761 573 1792 Vid.
591 1760 679 1791 infra
694 1761 716 1791 l.
736 1762 797 1793 IX.

96 1814 123 1835 e.
140 1807 194 1839 29.

138 1847 334 1879 54²*Serm's
355 1846 506 1889 publicis]
539 1849 647 1879 Servis
671 1847 797 1887 Reipu-

93 1891 203 1929 blicae,
230 1892 287 1930 qui
319 1901 387 1922 non
414 1891 493 1921 huic
519 1891 608 1921 illive
636 1892 712 1930 civi,
739 1891 798 1921 sed

94 1935 266 1965 communi
283 1934 488 1974 Reipublicae
505 1935 678 1965 servirent.
699 1955 711 1962 s

136 1981 176 2008 55
200 1978 294 2008 Jara
321 1979 426 2017 dedit]
457 1978 595 2008 Romuli
625 1977 729 2017 leges,
761 1981 796 2007 et

91 2024 217 2058 totum,
235 2031 334 2060 quem
357 2021 414 2051 ille
438 2022 626 2061 descripsit,
643 2021 796 2051 ordinem

93 2064 251 2101 civitatis,
269 2064 341 2094 fuse
358 2065 495 2104 exponit
511 2064 612 2095 Dion.
630 2064 675 2094 Ι]-

136 2107 178 2138 56
204 2107 401 2146 Lictoribus]
423 2108 566 2138 Lictores
582 2108 794 2144 dicebantur,

90 2155 179 2180 teste
195 2150 305 2187 Festo,
323 2151 412 2190 quod
432 2151 538 2181 fasces
562 2152 732 2190 virgarum
757 2153 795 2180 li-

89 2198 183 2233 gator
204 2194 428 2233 praeferebant
449 2195 595 2233 regibus,
612 2204 650 2224 ac
674 2194 793 2224 deinde

92 2237 343 2276 magistratibus
361 2236 399 2266 iis
420 2238 476 2276 qui
494 2238 674 2277 imperitum
693 2237 793 2267 habe-

90 2280 184 2309 bant.
230 2279 325 2310 Intra
355 2281 463 2319 virgas
489 2280 563 2310 illas
590 2281 714 2310 securis
745 2281 794 2310 ita

88 2322 239 2362 obligata
265 2328 350 2359 erat,
376 2327 414 2353 ut
442 2323 568 2353 ferrum
595 2324 629 2353 in
660 2333 793 2353 summo

90 2366 178 2396 fasce
212 2371 353 2396 extaret.
393 2367 518 2396 Eorum
550 2376 674 2396 munus
706 2374 791 2403 erat,

91 2413 129 2439 ut
143 2409 306 2450 populum
323 2414 589 2446 summm-erent,
603 2414 715 2440 sontes
727 2411 793 2440 vir·

91 2453 140 2492 gis
157 2453 325 2483 caederent
341 2459 374 2482 et
391 2453 500 2487 securi
516 2452 666 2483 ferirent.

134 2499 173 2529 57
199 2496 256 2527 [He
278 2495 368 2526 haud
385 2497 518 2536 poenilee
539 2506 650 2525 eorum
667 2500 793 2526 senlen-

80 2540 142 2577 Vtiae
165 2540 246 2578 esse]
271 2540 343 2569 Hoc
371 2540 464 2569 nobis
487 2544 683 2578 suspectum
706 2544 794 2568 esset

88 2581 246 2621 loquendi
263 2592 382 2621 genus,
400 2583 462 2612 nisi
478 2583 594 2611 eodem
611 2591 724 2611 rursus
742 2583 792 2611 in-

86 2626 150 2662 fra,
182 2635 210 2656 c.
241 2628 294 2660 39.
327 2623 441 2656 Livius
473 2629 647 2655 ute··ctur:
680 2634 791 2655 eorum

87 2670 196 2708 ‘tnagis
212 2673 379 2699 sementia?
396 2679 492 2699 sum.
516 2668 587 2698 etl.
605 2667 746 2699 XXVII
763 2677 790 2698 c.

80 2712 141 2743 '25
164 2710 259 2753 eujus
271 2714 437 2742 sententia>
452 2716 482 2742 e!
499 2712 619 2742 Fabius
629 2711 720 2751 suit.

133 2757 173 2786 58
198 2755 248 2785 Et
262 2757 477 2795 apparitores,
495 2760 525 2784 et
539 2757 596 2786 Ιιοι·
608 2756 730 2794 genus]
746 2750 790 2784 Et

90 2798 308 2838 apparitores,
331 2803 367 2828 et
389 2797 452 2828 hoe
477 2799 708 2838 apparitorum
734 2807 791 2836 ge-

90 2850 166 2877 nus,
177 2850 297 2880 nempe
309 2841 452 2871 lictores.
475 2842 591 2880 Appar
595 2843 689 2871 itores
701 2850 791 2870 com-

90 2884 184 2914 muni
207 2884 365 2916 vocabulo
389 2884 603 2925 appellantur
618 2885 640 2915 ii
659 2893 790 2922 omneS,

843 1633 899 1672 qui
918 1635 1040 1672 praesto
1057 1636 1138 1663 sunt
1162 1632 1311 1673 imperiis
1334 1643 1393 1664 seu
1415 1644 1548 1674 regum,

842 1686 900 1706 seu
933 1676 1196 1715 magistratuum
1228 1677 1443 1715 exequendis.
1489 1680 1548 1709 Li·

841 1724 942 1749 cem-es
974 1729 1080 1749 unum
1115 1719 1282 1758 quoddam
1315 1722 1548 1760 apparitorum

842 1772 960 1801 genus.
1000 1762 1123 1792 Melius
1147 1768 1263 1792 tamen
1284 1763 1425 1794 fortasse
1442 1765 1548 1796 reciso

840 1805 947 1836 altero
971 1809 1001 1835 ec
1024 1805 1207 1845 legeretur,
1225 1806 1314 1845 quod
1335 1811 1451 1838 monet
1473 1808 1545 1839 Jac.

841 1848 1042 1886 Gronovius,
1059 1849 1109 1880 Ee
1125 1851 1328 1889 apparitores
1348 1852 1404 1881 hoe
1424 1861 1545 1890 gemes,

841 1892 875 1922 id
895 1896 959 1929 est,
976 1891 1040 1921 hoc
1064 1902 1170 1931 genus
1194 1894 1438 1932 apparitorum.
1477 1894 1546 1925 Ne·

842 1945 905 1974 que
919 1936 1008 1965 enim
1022 1935 1203 1966 verisimile
1216 1940 1267 1966 est
1279 1936 1388 1966 nullos
1406 1937 1544 1968 Albanis

841 1979 976 2017 regibus
999 1979 1178 2018 stipatores
1204 1983 1238 2009 et
1263 1981 1469 2019 apparitores
1492 1980 1545 2011 fu-

841 2021 918 2058 isse,
931 2021 1021 2051 unde
1032 2022 1225 2062 exemplum
1236 2031 1369 2052 sumere
1379 2023 1543 2055 Romulus

840 2066 1001 2104 potuerit.
1025 2064 1090 2095 Sed
1100 2065 1163 2095 hoc
1176 2074 1282 2104 genus
1296 2067 1543 2106 apparitorum,

840 2107 898 2137 illo
915 2108 1047 2144 habitu,
1065 2107 1130 2138 illis
1147 2109 1347 2147 insignibus,
1364 2110 1419 2148 qni
1437 2110 1544 2141 fasces

840 2156 875 2181 et
898 2161 1030 2181 secures
1053 2151 1265 2190 praeferrent,
1290 2152 1424 2182 lictores
1449 2153 1544 2183 deni·

840 2204 917 2233 que,
950 2195 990 2224 ab
1021 2194 1172 2225 Etruscis
1203 2194 1321 2225 ductos
1347 2205 1417 2226 esse
1444 2196 1543 2227 facile

840 2238 928 2267 credi
946 2242 1069 2276 potest.

883 2283 923 2314 59
950 2280 1039 2310 Selc'a
1055 2280 1194 2319 eurulis]
1221 2281 1270 2311 Ex
1286 2281 1397 2312 ebore.
1444 2282 1541 2313 Sellae

838 2323 965 2353 curulis
989 2323 1170 2364 appellatio
1193 2324 1373 2354 deducitur
1396 2325 1485 2365 apud
1501 2326 1541 2356 A.

839 2367 986 2397 Gellium
1010 2367 1032 2397 l.
1061 2367 1120 2397 ΙΙΙ.
1146 2378 1175 2397 c.
1202 2371 1252 2398 18.
1276 2377 1438 2398 acm-ru:
1463 2370 1543 2407 quia

837 2419 959 2450 nempe
984 2411 1005 2439 ii
1023 2411 1141 2448 quibus
1158 2410 1218 2440 illa.
1238 2410 1356 2441 utendi
1372 2412 1430 2448 jus
1455 2417 1540 2449 erat,

838 2463 910 2483 eam
929 2455 1042 2483 currui
1061 2464 1125 2492 quo
1142 2454 1373 2484 vehebantur·
1366 2464 1539 2494 imponere

837 2497 916 2527 sole.
910 2500 994 2526 ent.

881 2540 922 2570 60
948 2539 1037 2578 Toga
1066 2539 1244 2579 [melaria]
1284 2539 1375 2578 Toga
1400 2540 1541 2579 propria

838 2581 966 2613 Roman
957 2592 1065 2612 orum
1085 2583 1196 2620 vestis,
1213 2583 1288 2612 albo
1305 2582 1426 2612 colore.
1469 2583 1539 2613 Tn

837 2627 920 2655 nieae
955 2626 1282 2665 superinjiciebatur.
1328 2626 1423 2664 Toga
1456 2634 1540 2665 pra?-

837 2673 929 2698 texta
946 2678 1130 2708 purpuram
1147 2670 1180 2698 in
1199 2679 1258 2698 ora
1270 2668 1431 2699 habebat:
1450 2669 1539 2698 unde

836 2721 911 2741 eam
928 2712 1034 2741 Graeci
1053 2717 1175 2741 vocant
1191 2710 1402 2753 πεςιπὶρφυρσν.
1442 2711 1540 2742 Pro·-

836 2759 925 2784 ἕαται
943 2755 1117 2785 dicebatur
1133 2764 1153 2784 a
1163 2758 1382 2794 paelex-emto,
1395 2755 1473 2794 quia
1487 2756 1538 2784 ni—

835 2799 958 2827 mirum
976 2807 1126 2838 purpura
1142 2799 1172 2828 ei
1189 2802 1354 2837 praete‘xta
1367 2804 1451 2828 erat.
1489 2795 1538 2827 Ea

835 2842 1021 2872 utebantur
1050 2843 1281 2882 magistratus,
1310 2842 1409 2882 pueri
1444 2841 1537 2880 inge-

835 2885 907 2921 nui,
926 2884 985 2914 ἃς.
