1925 3239
328 131 405 167 552
855 129 994 168 Tl'rl
1031 126 1208 167 LIV11

122 238 162 267 ii.
181 236 218 267 c.
235 236 310 270 449.
335 240 454 267 suam
477 225 640 267 nobiles
660 226 870 268 certavit:
901 229 934 252 ⁹⁴
950 226 1178 284 civilejus,
1202 226 1433 284 repositum
1466 228 1508 270 in
1535 227 1760 284 penetrali-

125 282 161 311 A
179 280 217 310 C.
234 282 308 310 3⁰3·
338 284 415 324 bus
437 282 706 338 pontificum,
728 283 957 338 evulgavit,
978 290 1010 313 9⁵
1023 283 1241 340 fastosque
1271 285 1387 325 circa
1415 284 1553 326 forum
1587 286 1629 326 in
1662 286 1760 326 albo

336 340 575 395 proposuit,
610 348 659 380 ut
696 339 913 394 ⁹⁶quando
950 340 1042 395 lege
1075 356 1145 396 agi
1183 350 1341 399 posset,
1377 342 1577 383 sciretur:
1625 341 1760 383 aedem

339 396 627 437 Concordiae
619 411 660 437 in
683 411 780 436 area
798 372 1014 437 Vulcani⁰
997 412 1162 439 summa
1185 392 1345 438 invidia
1365 397 1570 438 nobilium
1593 398 1763 439 dedica-

340 453 427 504 vit3
457 463 715 508 coactusque
737 466 946 493 consensu
960 455 1114 517 populi
1139 454 1361 495 Cornelius
1393 454 1603 495 Barbatus
1624 449 1778 510 ponti-¹

340 509 412 551 fex
436 524 650 550 maX1muS
671 513 702 535 9⁷
720 510 847 550 verba
867 510 1032 564 punire,
1053 526 1184 566 quum
1208 525 1322 552 more
1345 510 1551 565 majorum
1577 519 1764 567 negaret,

340 567 422 607 nisi
456 566 669 608 consulem
704 575 778 606 aut
812 566 1125 621 imperatorem,
1155 582 1279 623 posse
1313 567 1516 621 templum
1555 568 1764 608 dedicare.

343 622 495 677 Itaque
513 637 566 662 ex
589 623 844 663 auctoritate
865 632 1033 664 senatus
1056 624 1184 665 latum
1207 625 1258 665 ad
1281 624 1485 680 populum
1507 632 1585 675 est,
1600 638 1651 664 ne
1671 624 1766 680 quis

344 679 546 743 templum
572 693 741 719 aramve
766 679 925 733 injussu
944 690 1113 721 senatus
1131 690 1204 721 aut
1225 682 1489 722 tribunorum
1513 680 1647 736 plebei
1673 695 1766 736 par-

347 736 398 776 tis
420 736 593 790 majoris
616 736 842 776 dedicaimet
905 735 1032 777 Haud
1058 738 1372 778 memonabilem
1395 752 1480 778 rem
1513 751 1585 792 per
1606 751 1665 787 se,
1687 737 1766 778 nisi

343 793 649 833 documentum
668 793 722 833 sit
739 792 938 833 adversus
957 794 1196 849 superbiam
1217 794 1419 834 nobilium
1445 794 1619 849 plebeiae
1640 793 1767 835 liber-

345 859 372 888 t·
365 850 460 900 itis,
482 848 675 889 referam
733 847 800 889 Ad
823 849 1030 905 collegam
1053 865 1215 907 aegrum
1239 851 1398 891 visendi
1427 864 1576 891 caussa
1597 850 1766 891 Flavius

344 921 473 961 quum
499 907 694 955 venisset,
712 920 1004 960 consensuque
1020 907 1226 947 nobilium
1249 907 1596 957 adolescentium,
1615 907 1686 961 qui
1707 907 1766 948 ibi

342 963 608 1011 adsidebant‚
625 963 911 1004 adsurrectum
936 964 972 1003 ei
997 979 1080 1004 uon
1104 973 1225 1011 esset,
1240 963 1427 1004 curulem
1450 963 1602 1004 adferri
1625 963 1768 1004 sellam

344 1035 395 1060 eo
412 1019 557 1074 jussit,
574 1022 605 1045 ⁹⁸
620 1034 669 1060 ac
689 1019 786 1059 sede
808 1019 980 1060 honoris
1002 1021 1064 1060 sui
1087 1021 1238 1061 anxios
1256 1020 1414 1060 invidia
1435 1019 1630 1061 inimicos
1649 1034 1770 1075 spec—

345 1078 467 1117 tavit.
528 1075 728 1117 Ceterum
768 1075 960 1117 Flavium
998 1077 1166 1118 dixerat
1202 1077 1367 1140 fedilem
1406 1075 1584 1117 forensis
1622 1075 1769 1127 factio,

344 1133 444 1188 Ap..
453 1132 619 1173 Claudii
643 1147 819 1173 censura
840 1133 948 1173 vires
981 1145 1120 1185 nacta,
1142 1133 1214 1188 qui
1238 1141 1270 1164 99
1284 1142 1473 1174 senatum
1509 1133 1666 1188 primus
1692 1138 1702 1158 ¹
1720 1133 1775 1173 li-

346 1190 610 1230 bertinorum
634 1189 732 1229 filiis
763 1189 881 1230 lectis
915 1190 1222 1254 inquinaveiat.
1253 1200 1296 1230 et
1325 1200 1547 1245 postquam
1569 1203 1662 1229 eam
1685 1189 1770 1230 lec-

349 1247 509 1287 tionem
531 1260 655 1286 nemo
675 1254 804 1287 ratam
829 1246 994 1297 habuit,
1015 1253 1122 1288 2nec
1143 1248 1186 1287 in
1208 1247 1324 1288 curia
1344 1246 1522 1302 adeptus
1543 1255 1646 1297 erat,
1666 1259 1772 1301 quas

348 1303 542 1359 petierat,
565 1317 667 1357 opes
688 1303 895 1354 urbanas3
925 1303 1157 1345 humilibus
1178 1318 1253 1358 per
1283 1317 1430 1345 omnes
1461 1303 1590 1343 tribus
1610 1302 1774 1352 divisis,

347 1367 362 1387 ³
379 1359 516 1400 forum
540 1368 582 1400 et
602 1374 798 1415 campum
823 1360 1037 1416 conrupit.
1072 1371 1324 1415 tantumque
1346 1359 1479 1401 Flavii
1511 1359 1687 1400 comitia
1707 1359 1774 1400 iu·
1878 1382 1902 1417 ᾗ(

349 1417 572 1473 dignitatis
594 1416 846 1467 habam-‚unt
867 1427 914 1457 ut
936 1418 1123 1473 plerique
1153 1418 1362 1458 nobilium
1396 1415 1600 1457 *annulos
1623 1429 1771 1456 aureos
1883 1414 1902 1472 f

350 1483 393 1515 et
423 1472 640 1530 phaleras
673 1474 947 1529 deponerent
1008 1474 1074 1516 Ex
1110 1488 1160 1516 eo
1194 1484 1384 1530 tempore
1418 1473 1462 1514 in
1490 1472 1594 1514 duas
1632 1481 1772 1529 partes
1882 1473 1897 1536 ζ

395 1634 437 1666 94
465 1628 643 1671 Civilejus]
666 1631 764 1671 Legis
779 1631 945 1662 actiones:
972 1631 992 1660 i.
1010 1641 1039 1662 e.

352 1675 503 1706 solennes
515 1675 673 1713 quasdam
683 1674 840 1704 formulas
853 1675 1042 1712 ajuriscon-

353 1718 449 1749 sultis
465 1718 675 1757 compositas,
692 1718 809 1757 quibus
832 1719 920 1748 inter
934 1727 968 1747 se
985 1717 1042 1747 ho-

354 1763 461 1795 mines
484 1762 518 1791 in
536 1762 612 1799 jure
629 1761 864 1801 disceptarent.
909 1760 973 1791 Hic
990 1771 1044 1791 ac-

354 1805 484 1835 tionum
520 1804 602 1834 liber
627 1814 647 1834 a
673 1804 782 1834 Flavio
812 1804 971 1844 prolatus,
985 1802 1045 1845 jus

354 1849 447 1879 civile
462 1848 657 1879 Flavianum
675 1847 913 1889 appellabatur.
950 1847 1045 1877 Pom-

355 1901 432 1932 pon.
448 1891 487 1921 de
505 1891 597 1930 Orig.
607 1891 704 1929 juris.

397 1938 440 1968 95
465 1934 585 1974 Fuscos]
622 1933 874 1971 Kalendarium,
891 1943 955 1973 quo
976 1936 1048 1964 tota

358 1979 487 2009 dierum
499 1977 659 2008 fastorum
677 1977 946 2016 nefastorumque
964 1978 1047 2007 ratio

358 2021 600 2052 continebatur.
638 2020 712 2050 vid.
734 2027 804 2051 not.
821 2024 872 2052 33.
893 2021 933 2050 ad
950 2021 976 2051 Ι.
996 2024 1044 2054 19.

359 2074 394 2095 et
407 2065 475 2095 Cic.
489 2074 546 2105 pro
558 2064 646 2095 Mur.
660 2073 692 2094 n.
705 2065 757 2094 25.
770 2069 802 2094 et
816 2063 857 2094 ad
866 2064 935 2094 Att
951 2063 974 2094 l.
989 2063 1046 2093 VI.

359 2118 377 2139 e
432 2111 458 2138 1.

380 2119 458 2186 Ρ96
456 2150 474 2169 *²
482 2150 623 2191 Ouando
638 2152 707 2193 lege
720 2151 777 2189 agi
787 2147 902 2190 posset]
920 2149 1047 2189 Quibus

360 2195 474 2226 diebus
491 2199 625 2233 possent
651 2194 808 2233 legitimae
832 2194 980 2223 actiones
1007 2192 1048 2222 ad

362 2238 647 2279 persequendum
635 2247 690 2275 Jus
707 2247 804 2267 suum
821 2237 953 2276 suscipi.

405 2281 584 2315 97*Verba
595 2280 728 2321 proeire]
763 2280 837 2311 Vid.
861 2283 928 2310 not.
953 2282 983 2310 Β.
1008 2278 1048 2308 ad

361 2324 418 2355 IV.
435 2327 487 2355 (Ἰ.

406 2371 446 2402 98
470 2367 517 2398 Ac
531 2367 615 2406 sede]
644 2366 687 2396 Et
703 2376 719 2395 e
736 2366 823 2396 sede.

407 2416 448 2445 99
481 2410 638 2440 Samium
669 2408 813 2451 primus]
861 2394 1049 2448 Campanus

363 2454 465 2485 edidit
477 2455 636 2493 primum.

414 2501 424 2528 ι
455 2495 709 2535 Libertinmum]
750 2496 889 2527 Constat
920 2494 1050 2524 Cicero-

366 2542 416 2571 nis
436 2541 638 2579 temporibus
662 2550 698 2569 ac
721 2539 874 2578 deinceps
891 2539 1051 2568 libertinos

366 2595 404 2613 ac
423 2584 546 2613 libertos
560 2592 620 2623 pro
634 2583 748 2612 iisdem
766 2586 916 2622 acceptos
929 2580 1027 2611 fuisse
1040 2592 1049 2617 ;

367 2628 415 2656 ita
436 2633 549 2656 tamen
573 2631 610 2655 ut
636 2627 765 2656 libertus
794 2626 835 2656 ad
861 2629 1051 2665 patronum,

367 2671 533 2701 libertinus
569 2670 610 2699 ad
646 2670 827 2708 ingenuum
863 2668 1051 2699 referretur.

368 2713 482 2752 ltaque
499 2713 670 2742 dicebatur
681 2715 767 2742 Immo
779 2713 963 2742 libertinus.-
986 2720 1050 2739 non

317 2761 319 2763 ’
367 2766 442 2786 vero
464 2756 629 2787 libertinus
651 2765 749 2791 mens,
766 2757 931 2786 libertinus
952 2753 1051 2784 Panea-

366 2801 424 2835 ris,
441 2799 498 2828 scd
513 2799 643 2828 libertus
654 2809 753 2835 meus,
764 2800 893 2829 libertus
909 2798 1050 2827 Gesnris.

369 2843 413 2874 At
442 2841 490 2873 his
520 2841 738 2882 temporibus,
760 2842 799 2872 de
821 2842 938 2881 quibus
962 2849 1051 2871 nunc

1085 1630 1154 1670 agit
1178 1630 1303 1668 Livius,
1326 1630 1498 1661 libertinos
1520 1634 1651 1660 vocatos
1673 1629 1776 1660 fuisse

1084 1675 1262 1704 Suetonius
1286 1674 1333 1704 ait
1353 1674 1386 1704 in
1412 1673 1563 1712 Claudio,
1587 1683 1616 1704 c.
1631 1675 1684 1704 24.
1711 1681 1776 1702 mm

1085 1719 1164 1757 ipsos
1189 1719 1243 1758 qui
1266 1718 1586 1753 manumitterentur,
1607 1716 1663 1747 sed
1685 1717 1776 1754 inge-

1085 1771 1174 1797 nuos,
1199 1761 1220 1790 i.
1235 1770 1264 1790 e.
1287 1770 1340 1790 eos
1364 1760 1420 1799 qui
1446 1760 1607 1790 Suetonii‘
1621 1769 1690 1790 aevo
1716 1767 1777 1798 pro

1087 1804 1239 1844 ingenuis
1263 1803 1480 1841 habebantur,
1496 1812 1536 1833 ex
1559 1804 1607 1833 his
1622 1811 1776 1842 prom-ea-

1088 1852 1142 1877 tos.
1173 1848 1260 1878 Sunt
1275 1852 1388 1878 tamen
1405 1856 1422 1876 e
1439 1846 1543 1876 doctis
1559 1845 1706 1884 quidam,
1718 1845 1776 1884 qni

1088 1890 1284 1920 Suetonium
1301 1890 1364 1920 hac
1387 1890 1420 1920 in
1447 1899 1481 1919 re
1504 1889 1621 1919 erroris
1638 1889 1778 1919 insimu-

1089 1933 1174 1971 lent,
1191 1933 1460 1972 contendantque
1483 1933 1667 1962 lz'berlz'num
1684 1941 1779 1962 eum-

1090 1976 1164 2007 dem
1180 1986 1309 2017 semper
1325 1976 1440 2014 fuisse,
1456 1977 1510 2015 qui
1528 1979 1562 2006 et
1576 1976 1707 2006 liberem
1722 1984 1779 2016 ap-

1090 2019 1286 2060 pellabatur.

1133 2066 1153 2093 2
1178 2063 1249 2094 Nec
1261 2064 1295 2093 in
1311 2063 1403 2093 curia
1419 2063 1552 2102 adeptus
1562 2066 1633 2092 erat
1646 2084 1655 2092 .
1665 2081 1674 2091 0
1688 2085 1696 2092 .
1709 2070 1779 2102 opes

1090 2106 1246 2147 urbanas]
1282 2107 1383 2137 Recte
1413 2105 1570 2136 admonet
1594 2105 1780 2135 Gronovius

1091 2150 1229 2180 otiosam
1248 2150 1300 2180 hic
1323 2159 1393 2180 esse
1415 2159 1528 2179 vocem
1553 2150 1708 2186 urbanas,
1724 2148 1779 2178 cui

1092 2197 1130 2223 ut
1144 2192 1233 2223 locus
1250 2200 1348 2229 esset,
1360 2196 1526 2232 oporteret
1542 2191 1663 2222 factam
1680 2192 1780 2222 fuisse

1092 2237 1294 2267 mentionem
1312 2235 1528 2275 quarumdam
1545 2234 1662 2266 diversi
1679 2243 1779 2274 gene·

1093 2280 1135 2309 ris
1150 2289 1265 2320 opum,
1278 2290 1308 2309 v.
1326 2289 1356 2318 g.
1367 2288 1468 2318 opum
1481 2277 1569 2318 apud
1584 2279 1778 2309 exercitum.

1093 2323 1190 2360 legit
1213 2323 1331 2361 igitur:
1371 2322 1442 2352 Nec
1462 2323 1498 2351 in
1523 2322 1617 2352 curia
1647 2322 1782 2361 adeptus

1091 2371 1176 2404 erae,
1191 2376 1270 2406 quas
1279 2367 1417 2407 petierat
1431 2375 1511 2406 opes,
1528 2365 1661 2395 urbanis
1676 2366 1782 2396 humi·

1093 2410 1174 2441 libus
1189 2432 1197 2440 .
1208 2431 1216 2439 .
1233 2432 1239 2439 .

1136 2456 1154 2484 3
1167 2452 1185 2470 ¹*
1199 2453 1316 2483 Forum
1329 2457 1359 2482 et
1369 2447 1535 2491 campum]
1562 2451 1708 2481 Comitia
1721 2449 1782 2480 tri·

1092 2497 1185 2534 buta,
1209 2505 1281 2535 quae
1305 2495 1338 2525 in
1360 2495 1444 2531 foro,
1459 2499 1492 2524 et
1515 2494 1650 2524 comitia
1665 2497 1782 2523 centu-

1093 2541 1188 2577 riata,
1205 2548 1278 2579 quae
1294 2539 1328 2569 in
1345 2547 1462 2578 campo
1477 2537 1598 2568 Martio
1615 2536 1780 2566 habeban-

1094 2587 1159 2613 tur.

1138 2629 1157 2657 4
1180 2626 1323 2656 Annulos
1337 2623 1465 2663 aureos]
1489 2622 1563 2653 vid.
1582 2625 1650 2652 not.
1666 2623 1720 2653 21.
1737 2620 1779 2651 ad

1096 2673 1171 2703 (37.
1190 2678 1299 2708 supra.

1131 2716 1148 2743 5
1169 2710 1341 2750 Phaleron]
1362 2709 1684 2746 Ornamentngenus‚
1695 2705 1782 2746 quod

1094 2755 1262 2796 proprium
1280 2754 1379 2784 fuisse
1390 2757 1463 2783 tum
1478 2752 1634 2790 Equitum
1650 2751 1779 2789 insigne

1094 2799 1261 2836 colligitur
1274 2807 1313 2827 ex
1335 2796 1453 2833 Plinio,
1469 2794 1490 2825 1.
1512 2794 1672 2825 xxxni.
1697 2803 1725 2824 c.
1755 2795 1781 2823 l.

1093 2832 1243 2873 Ann‘ulos
1259 2849 1374 2872 aureos
1390 2845 1472 2870 tuuc
1488 2847 1508 2869 a
1522 2838 1598 2869 solis
1620 2835 1779 2869 senatori-
