1914 3239
67 387 234 427 Interreg-

67 440 150 460 num
182 442 240 462 an-

66 482 175 506 nuum.

71 1458 193 1490 Electio

70 1503 193 1533 Numae.

286 102 338 138 26
829 98 972 140 T1T1
1006 99 1177 139 LIV11

284 197 406 253 gulas
437 197 629 240 decurias
661 199 827 250 creatis,
858 201 931 255 qui
963 214 1142 241 summae
1175 213 1315 241 rerum
1351 212 1595 256 praeessent,
1624 219 1729 247 con-

185 285 192 301 .
248 288 256 297 .
285 255 467 296 sociant.
514 255 664 297 decem
697 256 1014 311 imperitabant,
1039 271 1147 297 unus
1179 270 1277 297 cum
1302 257 1541 312 insignibus
1562 261 1726 317 imperii

283 320 328 352 et
358 311 580 352 lictoribus
611 319 724 354 erat:
760 313 996 367 15quinque
1023 313 1189 354 dierum
1219 313 1357 368 spatio
1389 313 1616 357 finiebatur
1647 319 1728 359 im·

282 368 462 422 perium,
485 383 535 408 ac
558 381 633 421 per
653 381 802 410 ornnes
823 370 866 411 in
890 370 1036 409 orbem
1068 369 1181 411 ibat:
1220 384 1496 424 annuumque
1527 372 1729 414 interval-

281 424 369 465 lum
393 425 513 479 regni
546 424 642 465 fuit.
697 425 739 465 id
770 425 824 465 ab
846 439 904 475 re,
927 425 1042 481 quod
1074 439 1190 466 nunc
1217 440 1388 481 quoque
1410 434 1525 467 tenet
1553 442 1727 480 nomen,
1770 467 1776 472 .

283 480 584 535 Interregnum
622 479 900 535 adpellatum.
962 481 1156 523 Fremere
1195 481 1351 523 deinde
1389 483 1535 536 plcbs3
1580 485 1728 525 multi-

282 536 485 591 plicatam
510 536 771 586 servitutem,
795 546 969 577 centurn
1001 551 1078 591 pro
1102 552 1189 578 uno
1216 537 1415 578 dominos
1447 539 1609 581 factos:
1649 554 1729 582 nec

281 592 394 632 ultra
423 592 504 632 nisi
534 606 696 647 regem,
727 601 770 632 et
804 594 858 633 ab
891 593 991 647 ipsis
1024 604 1227 642 creatum,
1257 594 1514 636 videbantur
1550 598 1728 650 passuri.

284 649 431 695 Quum
464 649 692 688 sensissent
722 663 772 689 ea
802 649 962 690 moveri
996 648 1158 700 Patres,
1180 649 1461 691 obferendum
1492 652 1603 692 ultro
1634 653 1730 704 rati,

282 705 398 759 quod
429 705 622 744 amissuri
655 714 788 755 erant,
819 706 879 745 ita
909 705 1088 761 gratiam
1128 705 1290 755 ineunt,
1322 721 1488 748 summa
1517 717 1729 763 potestate

280 760 444 815 populo
478 761 698 815 permissa,
728 770 775 801 ut
813 775 899 802 non
938 761 1031 816 plus
1067 761 1218 802 darent
1244 761 1368 816 juris,
1403 777 1532 817 quam
1564 765 1730 806 detine-

282 825 417 858 rent-1.
452 817 732 857 decreverunt
765 817 893 867 enim,
919 817 981 868 ut,
1007 832 1104 858 cum
1133 818 1318 872 populus
1348 833 1492 874 regem
1517 820 1728 874 jussisset,

283 873 325 914 id
358 873 419 913 sic
448 881 584 914 ratum
609 882 732 923 esset,
758 874 835 913 ¹⁵si
859 874 1005 914 Patres
1028 882 1221 915 auctores
1247 875 1419 915 fierent:
1453 875 1666 931 hodieque
1687 878 1730 918 in

282 929 450 984 legibus
474 930 878 985 magistratibusque
904 930 1104 986 rogandis
1138 934 1167 958 ¹⁷
1185 939 1408 985 usurpatur
1435 931 1547 972 idem
1573 932 1664 987 jus,
1685 934 1725 974 vi

284 986 467 1026 ademta.
511 988 758 1041 priusquam
791 987 974 1042 populus
1006 986 1257 1041 suffragium
1288 987 1416 1037 ineat,
1446 988 1488 1028 in
1519 988 1731 1030 incertum

284 1042 559 1084 comitiorum
590 1051 789 1083 eventum
817 1043 963 1084 Patres
986 1052 1180 1084 auctores
1212 1043 1335 1085 fiunt.
1385 1043 1498 1085 Tum
1528 1044 1729 1097 interrex,

283 1099 495 1139 concione
525 1100 758 1141 advocata:
800 1098 922 1142 Quod
951 1099 1110 1149 honum,
1127 1098 1336 1154 fizustum,
1353 1099 1544 1156 felixque
1572 1101 1639 1151 sit,
1665 1102 1731 1143 in-

284 1155 392 1209 quit,
419 1153 615 1206 Quirites,
638 1170 767 1212 regem
798 1162 953 1205 create3
984 1156 1043 1196 ita
1074 1155 1276 1196 Patr-ibus
1305 1157 1434 1197 visum
1463 1164 1531 1198 est.
1582 1157 1733 1199 Patres

284 1210 438 1263 deinde,
459 1213 493 1252 si
519 1211 702 1268 dignum,
725 1213 795 1268 qui
812 1212 1004 1253 secundus
1032 1212 1084 1253 ab
1116 1211 1295 1254 Romulo
1316 1220 1559 1264 numeretur,
1580 1215 1732 1255 creari-

284 1268 351 1318 τίς,
382 1275 562 1308 auctores
580 1268 704 1322 fient.
763 1269 888 1311 Adeo
918 1269 960 1309 id
991 1278 1159 1324 gratum
1192 1268 1307 1324 plebi
1338 1269 1434 1318 fuit,
1458 1278 1518 1320 ut,
1544 1284 1599 1311 ne
1629 1271 1733 1312 victi

285 1324 499 1365 beneficio
534 1325 790 1376 viderentur,
829 1325 871 1367 id
913 1327 1044 1367 modo
1083 1326 1313 1367 sciscerent
1344 1325 1650 1382 juberentque,
1686 1335 1734 1369 ut

286 1389 455 1421 senatus
479 1381 737 1432 decerneret,
759 1382 832 1436 qui
858 1382 1013 1423 Romae
1034 1390 1246 1438 regnaret.

347 1437 529 1479 XVIII.
571 1436 726 1479 Inclita
748 1438 921 1493 justitia
949 1438 1188 1493 religioque
1209 1452 1259 1478 ca
1289 1445 1542 1493 tempestate
1575 1438 1732 1481 Numae

290 1493 494 1548 Pompilii
526 1503 627 1534 erat.
696 1495 881 1536 Curibus
915 1495 1084 1536 Sabinis
1122 1495 1359 1546 habitabat,
1385 1494 1731 1536 ‘consultissimus

287 1551 365 1600 vir,
401 1558 448 1589 ut
486 1550 531 1590 in
574 1550 646 1590 illa
686 1551 1083 1606 quisquam'aetate
1125 1566 1215 1592 esse
1263 1559 1443 1605 poterat,
1488 1553 1626 1592 omnis
1667 1551 1734 1592 di-

286 1607 374 1647 vini
396 1616 523 1661 atque
547 1606 724 1648 humani
742 1607 865 1661 juris,
916 1607 1148 1648 Auctorem
1173 1608 1380 1648 doctrinae
1398 1608 1506 1662 ejus,
1524 1609 1625 1663 quia
1645 1623 1733 1649 non

286 1671 427 1703 exstat
455 1663 575 1712 alius,
605 1663 712 1703 falso
741 1664 934 1705 Samium
967 1664 1245 1720 Pythagoran
1277 1664 1431 1705 edunt:
1468 1678 1612 1719 quem,
1638 1664 1734 1705 Ser-

287 1720 358 1760 vio
381 1718 523 1759 Tullio
554 1729 759 1775 regnante
784 1720 954 1770 Romae,
977 1730 1150 1761 centum
1182 1720 1365 1774 amplius
1397 1730 1494 1775 post
1517 1735 1667 1770 annos,
1687 1722 1732 1762 in

287 1775 438 1816 ultima
461 1775 598 1816 Italiae
620 1791 706 1826 ora,
729 1777 842 1817 circa
864 1776 1171 1832 Metapontum
1197 1776 1540 1831 Heracleamque
1561 1785 1604 1818 et
1626 1777 1734 1818 Cro·
1774 1783 1781 1785 ”

287 1841 403 1884 tona,
416 1832 628 1886 juvenum
650 1833 984 1873 ¹⁸aemulantium
1005 1833 1145 1874 studia
1164 1842 1305 1874 coetus
1328 1833 1528 1874 habuisse
1549 1842 1732 1874 constat.

288 1887 356 1933 Ex
387 1889 543 1944 quibus
572 1888 678 1930 locis
709 1889 786 1930 etsi
818 1890 1010 1945 ejusdem
1037 1890 1174 1931 aetatis
1208 1889 1371 1941 fuisset,
1405 1892 1435 1916 ¹⁹
1452 1894 1583 1945 quoe'f
1618 1889 1734 1932 fama

616 2025 632 2040 ¹¹
654 2020 816 2050 retinerent
828 2020 924 2051 Gron.
937 2019 1027 2049 Crev.
1198 2023 1213 2038 Χ
1235 2028 1296 2058 qua
1312 2018 1398 2048 Eaed.

942 2094 968 2114 ς

287 2124 387 2155 fuisse
417 2125 543 2154 scribit.
592 2123 656 2154 Sed
687 2124 895 2164 Dionysiano
923 2133 985 2154 nu-

1030 2126 1152 2162 empta,
1167 2121 1188 2152 i.
1205 2131 1234 2151 e.
1250 2123 1297 2152 vis
1311 2132 1349 2152 ac
1364 2123 1464 2152 robur
1487 2122 1601 2160 ahest;
1626 2133 1735 2164 quum

287 2177 379 2198 mero
395 2167 552 2197 standum
570 2167 712 2197 videtur.

1030 2166 1145 2195 Patres
1169 2172 1322 2195 auctores
1351 2166 1448 2202 fiant,
1471 2170 1652 2205 antequam
1677 2177 1735 2207 po-

334 2214 369 2241 15
395 2211 551 2251 Quinque
573 2210 698 2240 dierum
723 2212 827 2249 spatio
841 2208 987 2248 finieba-

286 2258 341 2283 {ur
370 2252 560 2292 imperium]
604 2253 711 2283 Unius
742 2253 930 2291 interregis,
959 2253 987 2282 si

286 2297 445 2335 Dionysio
476 2297 661 2326 credimus:
700 2296 805 2326 totius
831 2295 987 2331 decuriae,

288 2341 313 2368 si
357 2339 535 2369 Plutarcho
577 2339 609 2368 in
637 2339 772 2369 ·Numa.
827 2339 987 2369 Ceterum

288 2383 437 2422 Dionysii
452 2382 532 2412 sides
550 2383 659 2421 potior
675 2381 827 2411 habenda
843 2391 912 2411 esse
925 2381 988 2411 hac

288 2427 321 2455 in
346 2436 379 2455 re
396 2425 541 2461 videtur,
556 2435 659 2462 (fluum
679 2431 812 2464 postea,
829 2424 987 2463 quamdiu

288 2469 464 2507 interregis
489 2469 665 2507 imperium
687 2474 723 2498 et
740 2477 861 2498 nomen
887 2468 920 2497 in
938 2477 988 2496 re-

288 2510 421 2550 publica
451 2511 527 2546 fuit,
552 2520 684 2549 semper
715 2510 855 2549 quilibet
885 2510 987 2540 inter-

289 2563 345 2582 rex
369 2554 409 2582 ad
437 2555 582 2591 quinque
607 2554 675 2584 dies
703 2558 903 2594 potestatem
929 2553 988 2583 ha-

288 2596 409 2626 buerit.

336 2638 450 2669 16⁴Si
474 2638 596 2669 Patres
620 2638 920 2679 (tm-toresfierent]
951 2640 985 2669 Si

291 2681 404 2711 Patres
427 2683 628 2713 auctoritate
656 2693 716 2713 sua
740 2693 809 2712 rem
836 2692 987 2723 compro—

293 2723 422 2754 barvnt.

338 2771 371 2801 17
414 2767 620 2806 Ueurpatur]
676 2767 864 2806 Usnrpatur
901 2769 986 2797 idem

281 2808 353 2851 jus,
370 2814 409 2840 ut
433 2810 546 2840 Patres
570 2816 721 2841 aneton-s
739 2812 844 2840 fiant:
874 2813 906 2841 vi
928 2812 986 2840 ad-

1030 2209 1129 2249 pulus
1153 2208 1348 2247 suffragium
1377 2209 1480 2245 ineat,
1506 2218 1567 2239 nec
1593 2209 1733 2249 proinde

1032 2252 1173 2291 possint,
1191 2251 1473 2289 quemadmodum
1497 2251 1591 2289 olim,
1609 2261 1735 2291 negan-
1790 2269 1793 2271 ·
1847 2262 1873 2283 A.

1033 2295 1075 2324 do
1090 2296 1341 2332 auctoritatem,
1354 2295 1485 2324 irritum
1500 2295 1630 2324 efficere
1646 2295 1735 2334 quod

1033 2337 1351 2378 popr1lusjussisset.
1381 2337 1454 2368 vid.
1472 2337 1558 2367 infra
1572 2337 1664 2368 VIII.
1687 2340 1736 2370 12.

1033 2386 1067 2410 et
1092 2380 1152 2410 XI.
1170 2383 1222 2411 22.
1257 2381 1308 2411 De
1324 2381 1388 2410 hoc
1411 2381 1483 2410 loco
1506 2380 1578 2410 fuse.
1602 2380 1735 2413 disserit

1033 2423 1232 2461 Gronovius,
1248 2424 1269 2454 l.
1288 2423 1313 2454 I,
1332 2423 1466 2454 Observ.
1485 2434 1513 2453 c.
1531 2425 1584 2455 ⁶25.

1079 2469 1116 2497 18
1149 2467 1405 2498 AEmnlontinm
1434 2465 1560 2506 studia]
1603 2466 1732 2498 Placita

1033 2510 1135 2549 ipsius
1175 2510 1424 2546 aemulantium,
1454 2515 1488 2540 et
1525 2513 1651 2539 sectam
1683 2519 1735 2540 se·

1032 2554 1219 2591 quentinm.
1256 2553 1309 2582 Sic
1327 2557 1359 2582 ct
1377 2552 1464 2592 apud
1483 2552 1551 2582 Cic.
1571 2563 1629 2592 pro
1646 2552 1736 2584 Mur.

1032 2605 1065 2624 n.
1085 2597 1137 2625 61.
1169 2596 1267 2632 Zeno,
1283 2594 1376 2635 enjus
1399 2598 1601 2626 inventorum
1622 2597 1735 2626 annuli

1033 2638 1130 2669 Stoici
1147 2639 1371 2669 nominantur.

1080 2685 1116 2715 19
1141 2681 1350 2721 ῼααχγὶιηια]
1376 2682 1428 2711 Sic
1445 2681 1594 2721 plerique
1617 2680 1732 2720 scripti

1030 2728 1063 2754 et
1087 2725 1215 2762 antiqui
1242 2725 1341 2754 editi:
1369 2725 1435 2754 duo
1458 2729 1574 2754 tamen
1600 2734 1618 2754 e
1637 2724 1735 2763 regiis

1031 2767 1125 2797 codd.
1166 2778 1230 2806 qna.
1257 2767 1375 2805 junia,
1414 2777 1514 2806 quam
1552 2767 1731 2798 lectionem

1031 2810 1187 2849 Sigonius
1219 2811 1251 2840 in
1269 2815 1464 2841 contextum
1482 2810 1634 2842 immisit.
