1925 3239
557 106 676 144 121ss.
704 102 755 143 X.
796 107 925 144 CAP.
954 104 1140 142 XXXIV.
1472 100 1545 143 591

115 222 187 248 xnae
211 221 313 258 suae,
335 214 377 247 et
399 205 563 247 hostem
587 205 816 246 introrsum
842 204 883 244 in
909 203 1046 244 media
1065 201 1456 256 castraaccipiunt.
1489 203 1553 243 in-
1567 221 1606 253 U.
1622 221 1659 253 C.
1677 226 1750 259 458,

119 263 174 305 de
194 277 326 318 quum
348 261 496 303 consul
524 261 840 308 vociferaretur,
862 259 1064 316 expulsine
1092 266 1204 300 extra
1236 258 1403 308 vallum,
1421 266 1554 301 castra
1565 268 1605 297 Α.
1622 265 1658 296 C.
1672 267 1746 301 994.

119 319 261 361 deinde
281 334 354 361 sua
374 318 646 375 obpugnaturi
666 324 804 368 essent,
828 318 1042 372 rogitans3
1066 316 1249 356 clamore
1268 316 1434 356 sublato
1453 330 1557 357 con-

119 377 198 418 nisi
221 377 359 432 primo
380 377 604 416 resistunt:
635 374 788 415 deinde
810 373 998 414 inferunt
1029 373 1177 428 pedem
1212 382 1492 426 urguentque,
1514 384 1557 415 et

121 434 311 488 inpulsos
333 431 461 473 semel
484 441 641 472 terrore
661 431 810 472 eodem
833 439 982 485 agunt,
1000 444 1085 483 quo
1107 440 1348 484 coeperunt.
1396 427 1556 485 Expel-

120 490 215 530 lunt
233 499 354 531 extra
378 498 544 543 portam
569 488 820 542 vallumque.
843 487 941 527 inde
964 500 1134 541 pergere
1156 500 1205 524 ac
1230 485 1418 539 persequi
1439 487 1558 540 (quia

122 546 292 588 turbida
308 545 382 586 lux
406 554 564 585 metum
588 546 702 585 circa
724 544 968 584 insidiarum
994 542 1194 591 faciebat)
1220 555 1301 581 non
1327 542 1431 591 ausi,
1454 543 1557 583 libe-

120 605 223 645 ratis
252 602 398 644 castris
429 602 636 652 contenti,
669 610 920 656 receperunt
951 614 994 640 se
1027 600 1137 640 intra
1171 598 1324 638 vallum
1359 600 1558 641 trecentis

126 659 259 701 ferme
279 659 469 700 hostium
491 659 658 700 occisis.
720 657 1011 698 Romanorum
1044 656 1234 696 stationis
1268 655 1414 709 primae
1447 656 1559 711 vigi-

121 716 295 772 lumque
316 726 358 756 et
382 729 545 766 eorum,
566 715 638 770 qui
658 714 769 755 circa
790 714 1067 766 quaestorium
1090 713 1295 768 obpressi,
1319 712 1478 766 periere
1503 713 1555 754 ad

120 773 327 815 ducentos
349 772 535 827 triginta.
595 771 776 812 Animos
797 771 894 811 inde
916 769 1179 811 Samnitibus
1203 783 1286 808 non
1311 768 1458 808 infelix
1482 784 1556 810 au·

120 830 243 871 dacia
264 830 412 881 auxit3
441 838 484 869 et
506 843 590 869 non
616 828 743 869 modo
772 826 959 883 proferre
993 827 1091 867 inde
1123 835 1263 866 castra
1295 824 1554 877 Romanum,

122 886 194 928 sed
216 901 270 928 ne
292 885 483 941 pabulari
505 886 677 940 quidem
699 899 773 939 per
791 899 916 940 agros
939 899 1050 933 suos,
1074 883 1356 938 patiebantur.
1381 892 1492 922 retro
1511 883 1555 923 in

121 952 321 999 pacatum
353 942 562 984 Soranum
595 956 742 996 agrum
776 941 1046 996 pabulatores
1076 940 1211 980 ibant.
1273 938 1466 984 Quarum
1492 953 1556 979 re-

116 1013 215 1041 rum
236 999 364 1050 fama,
386 998 688 1040 tumultuosior
709 998 853 1049 etiam,
874 1012 1001 1052 quam
1027 1011 1090 1038 res
1119 1004 1254 1045 erant,
1274 994 1436 1050 perlata
1470 995 1556 1036 Ro-

121 1071 251 1108 mam,
281 1057 428 1112 coegit
472 1055 520 1095 L.
558 1055 827 1096 Postumium
864 1054 1096 1104 consulem,
1136 1053 1312 1092 vixdum
1355 1051 1555 1103 validum,

125 1115 157 1136 ⁹⁵
171 1112 385 1168 proficisci
413 1127 468 1153 ex
501 1112 619 1153 urbe.
681 1111 804 1152 Prius
838 1121 994 1161 tamen,
1015 1124 1140 1165 quam
1174 1108 1325 1159 exiret,
1347 1107 1554 1149 militibus

120 1170 264 1212 edicto
297 1171 446 1211 Soram
473 1168 606 1223 jussis
637 1168 880 1217 convenire,
903 1168 993 1223 ipse
1025 1167 1158 1207 aedem
1184 1165 1404 1215 Victoriae,
1427 1179 1554 1219 quam

121 1226 258 1268 aedilis
289 1226 447 1268 curulis
475 1239 529 1265 ex
560 1225 797 1266 multaticia
827 1225 1008 1279 pecunia
1045 1223 1279 1263 faciendam
1320 1233 1555 1275 curaverat,

122 1283 350 1324 dedicavit.
395 1282 462 1323 Ita
483 1282 532 1322 ad
556 1283 792 1323 exercitum
815 1280 1046 1335 profectus,
1069 1281 1121 1320 ab
1141 1280 1247 1319 Sora
1269 1280 1309 1319 in
1334 1278 1555 1321 Samnium

121 1339 174 1381 ad
195 1349 334 1381 castra
354 1339 531 1395 collegae
554 1339 756 1393 perrexit.
788 1338 886 1378 inde
918 1347 1141 1393 postquam
1175 1335 1400 1385 Samnites,
1422 1335 1552 1377 diffisi

117 1396 291 1438 duobus
320 1396 581 1438 exercitibus
614 1395 748 1436 resisti
785 1408 920 1450 posse,
951 1402 1234 1444 recesserunt3
1267 1391 1420 1432 diversi
1452 1407 1555 1433 con-

123 1452 233 1494 sules
273 1453 327 1495 ad
367 1453 592 1495 vastandos
633 1466 757 1507 agros
800 1453 1007 1507 urbesque
1058 1449 1365 1504 obpugnandas
1416 1448 1555 1490 disce-

123 1509 248 1552 duna

182 1564 418 1608 XXXIV.
451 1565 696 1607 Postumius
727 1564 972 1606 Milioniam
1007 1563 1258 1618 obpugnare
1293 1563 1479 1613 adortus,
1515 1564 1551 1605 vi
1568 1578 1666 1609 Urbes
1681 1579 1768 1608 Sam-

122 1622 262 1677 primo
283 1632 411 1677 atque
432 1623 593 1679 inpetu,
614 1622 710 1662 dein
724 1619 745 1672 f,
771 1631 991 1677 postquam
1016 1634 1063 1659 ea
1082 1634 1230 1674 parum
1256 1621 1555 1674 procedebant,
1568 1623 1679 1652 uitium
1695 1630 1767 1660 ων·

122 1693 252 1734 opere
273 1694 323 1720 ae
351 1682 385 1704 ⁹⁶
400 1680 533 1720 vineis
562 1679 732 1719 demum
757 1678 959 1732 injunctis
984 1692 1101 1716 muro
1133 1676 1263 1731 cepit.
1324 1676 1406 1727 Ibi,
1430 1670 1617 1731 captatae·

122 1735 211 1791 jam
235 1737 353 1787 urbe,
374 1737 428 1776 ab
450 1736 554 1777 hora
570 1746 719 1790 quarta
735 1749 871 1789 ,usque
893 1734 943 1774 ad
967 1743 1160 1773 octavam
1186 1733 1272 1772 fere
1294 1732 1440 1773 horam
1464 1749 1556 1774 om-

125 1793 252 1834 nibus
282 1793 473 1848 partibus
505 1794 620 1833 urbis
641 1792 712 1832 (liu
738 1792 898 1831 incerto
920 1800 1073 1830 eventu
1099 1800 1334 1844 pugnatum
1357 1801 1433 1829 est.
1459 1805 1556 1845 pos-

126 1857 265 1890 tremo
284 1848 447 1905 potitur
467 1849 628 1905 oppido
654 1848 886 1888 Romanus.
926 1847 1180 1887 Samnitium
1204 1848 1301 1886 caesi
1328 1847 1405 1887 tria
1425 1848 1557 1888 millia

123 1905 320 1948 ducenti:
342 1906 458 1962 capti
481 1918 662 1961 quatuor
684 1904 811 1945 millia
832 1904 1019 1952 ducenti,
1037 1913 1189 1958 praeter
1212 1903 1397 1958 praedam
1414 1903 1556 1946 aliam.

123 1960 232 2004 Inde
249 1966 280 2014 2?
296 1963 567 2003 Ferentinum
588 1963 726 2002 ductae
751 1962 963 2016 legiones:
998 1959 1106 1999 unde
1128 1960 1330 2014 oppidani
1350 1975 1444 2000 cum
1466 1975 1557 2001 om-

128 2019 254 2060 nibus
289 2021 412 2061 rebus
446 2020 546 2070 suis,
579 2033 676 2073 quae
715 2017 812 2058 ferri
849 2018 1002 2072 agique
1037 2026 1280 2072 potuerunt,
1320 2026 1445 2057 nocte
1483 2031 1555 2072 per

123 2090 314 2117 aversam
340 2085 502 2132 portam
524 2075 690 2116 silentio
711 2084 998 2114 excesserunt.
1061 2072 1213 2128 Igitur,
1236 2073 1360 2112 simul
1382 2073 1556 2114 advenit

128 2133 294 2184 consul,
317 2133 452 2190 primo
474 2133 535 2173 ita
565 2132 827 2186 compositus
863 2132 1176 2183 instructusque
1210 2130 1424 2170 moenibus
1459 2145 1552 2171 suc-

123 2190 268 2240 cessit,
291 2199 504 2244 tamquam
536 2189 662 2238 idem,
682 2187 795 2242 quod
827 2187 878 2229 ad
912 2186 1156 2227 Milioniam
1189 2185 1338 2235 fuerat,
1359 2187 1553 2227 certami-

128 2247 193 2287 nis
216 2246 348 2289 foret:
379 2245 545 2295 deinde,
569 2254 614 2286 ut
647 2244 860 2284 silentium
895 2253 1061 2283 vastum
1095 2243 1136 2283 iu
1171 2244 1289 2292 urbe,
1312 2257 1390 2283 nec
1423 2257 1553 2294 arma,

127 2317 207 2345 nec
237 2303 356 2349 viros,
381 2303 423 2343 in
454 2302 640 2343 turribus
670 2315 718 2341 ac
743 2300 871 2340 muris
896 2300 1016 2350 vidit,
1039 2300 1207 2340 avidum
1232 2299 1457 2340 invadendi
1482 2299 1553 2340 de-

679 2384 693 2405 s
711 2385 817 2415 deiude
829 2386 924 2414 Gron.
939 2386 1028 2414 Clev-

171 2471 213 2500 25
238 2467 402 2505 Prrficisei
416 2477 455 2497 ex
468 2466 558 2497 urbe.
595 2465 699 2496 Prius
714 2469 820 2494 tamen
864 2473 977 2494 vocem
995 2464 1190 2493 Gronovius.
1230 2463 1444 2493 Ferentinum
1461 2464 1552 2494 enim

126 2522 228 2553 quam
241 2510 359 2549 exiret]
380 2510 487 2549 Hujus
503 2509 565 2539 loci
579 2508 819 2547 interpunctio·
863 2506 1006 2537 alterum
1025 2508 1057 2536 in
1081 2507 1173 2536 Latio
1200 2513 1263 2544 est,
1281 2507 1423 2536 alterurn
1450 2508 1483 2536 in
1510 2507 1553 2537 E-

130 2565 206 2587 nem
222 2555 444 2584 mutavimus:
469 2552 555 2591 quod
573 2560 758 2585 monemus,
776 2559 817 2580 ne
862 2552 979 2587 truria,
1002 2550 1114 2589 procul
1133 2556 1310 2588 utrumque
1327 2549 1366 2580 ab
1382 2550 1431 2579 his
1449 2551 1554 2589 regio-

129 2598 202 2637 quis
228 2598 261 2628 id
288 2597 358 2628 sine
385 2596 524 2626 consilio
550 2595 676 2624 factum
710 2600 817 2632 putet.
863 2594 958 2623 nibus
975 2595 1006 2622 in
1025 2594 1141 2631 quibus
1159 2602 1246 2622 nunc
1265 2592 1387 2622 bellum
1405 2595 1551 2631 geritur:

129 2641 227 2680 Ratio
242 2640 342 2680 hujus
358 2638 636 2679 interpunctionis
651 2646 751 2675 quam
769 2646 818 2665 sc·
863 2646 923 2667 nec
941 2636 1007 2666 ull-⁶.
1024 2636 1098 2665 urbs
1114 2636 1183 2673 ejus
1201 2637 1343 2665 nominis
1367 2637 1402 2665 in
1418 2637 1554 2666 Samnio

129 2685 276 2724 quitum,
292 2689 410 2723 sponte
432 2687 585 2712 occurret
600 2681 703 2710 cuivis
721 2679 819 2719 paulo
864 2680 1036 2718 reperitur.
1082 2678 1206 2708 Mirum
1221 2680 1256 2709 in
1272 2679 1408 2708 modum
1424 2681 1554 2710 variant

130 2726 298 2758 attentius
313 2725 450 2765 legenti.
865 2723 989 2761 scripti.
1042 2721 1224 2753 Gronovius
1255 2724 1444 2762 suspicatur
1475 2722 1554 2754 Tre-

170 2767 374 2810 26⁴*Wnei31
400 2768 473 2799 Vid.
492 2771 559 2797 not.
578 2770 630 2802 94.
648 2766 688 2796 ad
704 2766 749 2796 11.
770 2768 820 2799 17.
864 2767 1043 2804 vertunum,
1061 2765 1216 2804 Dujatius
1235 2763 1418 2796 Forentum.

171 2815 211 2850 27
232 2811 455 2854 Ferentinum]
475 2810 590 2843 Mendi
606 2810 716 2850 arguit
733 2809 819 2839 banc
