1991 3250
170 567 350 599 Conventus

171 612 367 642 Latinorum.

169 798 295 827 Turnus

167 841 349 870 Herdonius

170 884 202 912 in
218 884 367 923 Tarquin.

167 928 335 959 invehitur.

382 108 434 147 68
924 111 1066 150 ΤΙΤΙ
1100 110 1272 149 LIVII

385 221 441 249 xe
455 223 471 246 ι»
497 207 674 266 Deaque
697 210 823 253 Circe
843 212 1067 263 oriundus)
1088 212 1127 252 ei
1151 209 1352 252 Mamilio
1371 209 1704 268 filiam'nuptum
1725 213 1824 267 dat3

384 279 545 321 perque
580 281 650 309 eas
690 269 863 326 nuptias
899 269 1057 311 multos
1087 269 1170 319 sibi
1202 277 1412 324 cognatos
1448 268 1695 326 amicosque
1726 273 1821 328 ejus

384 322 602 364 conciliat.

443 379 492 420 L.
521 380 622 423 Jam
671 396 831 439 magna
869 380 1092 439 Tarquinii
1139 381 1371 423 auctoritas
1411 381 1525 422 inter
1566 381 1820 427 Latinorum

382 450 581 492 proceres
599 448 719 490 erat3
750 453 898 496 quum,
922 440 966 481 in
987 439 1102 480 diem
1123 448 1285 480 certam
1308 448 1356 479 ut
1376 439 1430 480 ad
1451 441 1484 465 ⁷⁹
1497 438 1642 480 lucum
1663 440 1822 483 Feren-

384 493 487 534 tinae
509 495 783 547 conveniant,
806 496 983 539 indicit:
1014 509 1119 547 esse,
1141 511 1238 551 quae
1261 509 1388 551 agere
1405 495 1457 537 de
1479 496 1604 537 rebus
1626 511 1821 540 commu-

383 550 510 592 nibus
532 552 648 594 velit.
709 552 988 595 Conveniunt
1017 552 1259 608 frequentes
1281 552 1419 608 prima
1450 551 1557 594 luce.
1591 554 1683 610 ipse
1715 553 1820 596 Tar-

383 607 556 662 quinius
585 606 898 665 diem'quidem
924 610 1135 661 servavit3
1167 609 1238 651 sed
1275 608 1414 665 paullo
1447 619 1560 661 ante,
1594 625 1722 665 quam
1755 612 1819 653 sol

383 665 613 716 occideret,
637 667 767 707 venit.
828 666 973 708 Multa
995 667 1055 707 ibi
1079 675 1171 707 tota
1195 667 1266 707 die
1285 666 1330 720 in
1351 666 1536 708 concilio
1569 669 1696 709 variis
1722 668 1820 724 jac-

384 730 471 761 tata
493 723 760 763 sermonibus
782 735 917 764 erant.
957 723 1127 764 Turnus
1151 722 1398 764 Herdonius
1420 724 1474 764 ab
1495 723 1642 771 Aricia
1665 724 1822 767 feroci·

383 787 447 819 ter
470 779 511 818 in
536 781 757 821 absentem
773 779 1056 836 Tarquinium
1077 788 1168 821 erat
1188 780 1406 830 invectus3
1439 779 1573 821 Haud
1593 782 1739 823 mirum
1761 797 1820 824 es-

381 850 434 886 se,
455 838 488 859 ⁸⁰
503 835 708 892 Super-boc
728 837 904 878 inditum.
927 837 1068 879 Romee
1097 851 1322 893 cognomen.
1345 837 1458 892 (jam
1481 838 1594 878 enim
1620 839 1680 879 ita
1706 839 1819 881 clam

382 892 553 948 quidem
587 895 877 945 mussitantes,
900 896 1030 951 vulgo
1063 904 1221 945 tamen,
1251 907 1349 935 eum
1381 893 1688 949 adpellabant.)
1747 898 1820 937 An

381 949 604 1006 quidquam
625 952 832 1006 superbius
852 967 940 1003 esse,
964 967 1083 1008 quam
1104 949 1308 1006 ludificari
1327 951 1381 991 sic
1400 965 1512 991 omne
1532 966 1672 993 nomen
1695 953 1820 995 Lati-

380 1007 509 1048 numid
541 1007 804 1064 Principibus
825 1008 938 1065 longe
958 1009 1010 1049 ab
1033 1008 1149 1049 domo
1170 1008 1320 1063 excitis,
1342 1007 1485 1063 ipsum,
1504 1007 1575 1063 qui
1607 1009 1820 1051 concilium

372 1064 586 1116 indixerit,
607 1079 685 1106 uon
707 1065 850 1107 adesse.
874 1066 1022 1121 tentari
1050 1064 1228 1133 profecto
1249 1064 1512 1129 patientiam,
1535 1072 1592 1116 ut,
1613 1067 1648 1107 si
1665 1068 1819 1123 jugum

378 1122 616 1176 acceperint,
635 1121 821 1164 oham-ios
842 1130 1016 1178 premat.
1079 1121 1159 1162 Lm
1191 1137 1295 1163 emm
1328 1137 1407 1162 uon
1441 1122 1651 1176 adparere,
1681 1123 1818 1179 adfec-

378 1185 468 1218 tare
487 1193 573 1219 enm
605 1179 814 1234 imperium
848 1181 888 1221 in
923 1178 1129 1221 Latinos?
1158 1181 1186 1204 ⁸¹
1209 1178 1330 1223 Quod
1349 1178 1388 1219 si
1416 1179 1479 1219 sni
1512 1179 1608 1220 bene
1642 1181 1816 1222 credide-

379 1235 462 1275 rint
485 1236 600 1286 rives,
622 1243 692 1277 aut
717 1237 751 1278 si
780 1237 975 1278 creditum
1004 1235 1122 1288 illud,
1147 1244 1184 1277 et
1211 1251 1288 1276 mm
1310 1243 1473 1291 raptam
1499 1236 1723 1291 parricidio
1751 1238 1818 1289 sit,

378 1292 533 1333 credere
566 1300 603 1334 et
635 1292 807 1334 Latinos
826 1298 1090 1350 (quamquam
1118 1308 1165 1334 ue
1196 1293 1251 1333 sic
1286 1292 1445 1349 quidem
1479 1292 1729 1350 alienigence)
1751 1295 1819 1336 de-

378 1349 480 1390 bere.
503 1352 534 1372 ⁸²
551 1349 626 1391 Sin
646 1365 735 1391 suos
755 1352 840 1406 <jus
864 1352 1073 1405 jm’niteat,
1095 1351 1258 1407 (quippe
1280 1351 1350 1406 qui
1371 1350 1446 1391 aliz·
1463 1365 1581 1406 super
1609 1350 1710 1392 alios
1729 1360 1817 1393 tru-

378 1405 574 1457 eicientur,
604 1406 827 1448 exsulatum
861 1413 966 1459 eant,
998 1408 1103 1448 hona
1139 1408 1367 1458 amittant)
1398 1408 1498 1463 quid
1528 1408 1610 1463 spei
1643 1407 1819 1450 melioris

380 1462 545 1504 Latinis
558 1464 785 1519 portendi?
816 1464 864 1505 Si
893 1479 931 1506 se
961 1464 1149 1514 audiant,
1170 1463 1330 1505 domum
1361 1478 1474 1505 suam
1507 1479 1706 1521 quemque⁴
1725 1465 1819 1507 inde

377 1519 577 1562 abituros.-
619 1536 743 1577 neque
775 1522 906 1578 magis
934 1520 1206 1562 observaturos
1235 1520 1339 1561 diem
1369 1520 1542 1573 concilii,
1566 1536 1688 1578 quam
1718 1522 1816 1578 ipse,

368 1577 448 1632 qui
467 1577 673 1629 indii-eric,
694 1579 884 1620 observet.
946 1577 1058 1620 Haec
1092 1589 1220 1634 atque
1254 1578 1338 1619 alia
1369 1579 1519 1620 eodem
1558 1580 1818 1635 pertinentia

378 1634 606 1676 seditiosus
626 1638 656 1659 ²³³
672 1634 1023 1691 facinorosusque
1051 1635 1196 1686 homo,
1218 1635 1370 1691 hisque
1390 1635 1555 1676 artibus
1577 1650 1679 1692 opes
1698 1637 1816 1678 domi

375 1701 546 1743 nactus,
565 1706 695 1747 quum
721 1693 909 1734 maxime
929 1693 1169 1744 dissereret,
1193 1694 1424 1734 intervenit
1445 1691 1718 1748 Tarquinius.
1772 1693 1816 1734 Is

372 1747 473 1788 finis
506 1749 689 1790 orationi
720 1749 817 1791 fuit.
876 1750 1029 1792 Aversi
1061 1764 1209 1791 omnes
1240 1750 1294 1791 ad
1316 1748 1597 1805 Tarquinium
1628 1751 1818 1793 salutan-

374 1805 492 1846 dum.
531 1807 620 1861 qui,
651 1806 821 1848 silentio
851 1808 983 1858 facto,
1007 1807 1196 1848 monitus
1230 1823 1254 1848 a
1288 1806 1497 1862 proximis
1530 1816 1577 1848 ut
1611 1817 1813 1864 purgaret

374 1876 433 1915 se,
455 1864 570 1918 quod
595 1863 636 1905 id
671 1864 878 1920 temporis
911 1865 1111 1917 venisset,
1132 1864 1450 1921 disceptatorem,
1473 1863 1547 1917 ait,
1569 1879 1608 1907 se
1639 1871 1816 1911 sumtum

687 1955 702 1979 δ
728 1957 834 2000 Ulysse
849 1959 946 1989 Gron.
964 1957 1054 1990 Crev.
1229 1964 1242 1980 ε
1264 1957 1333 1987 add.
1350 1959 1378 1987 ei
1393 1958 1489 1988 Gron.

415 2049 458 2080 79
485 2046 613 2078 Lucum
645 2047 842 2086 Ferentinae]
871 2048 982 2079 Lucus
1014 2047 1069 2079 ille
1114 2052 1184 2079 tum
1201 2049 1308 2088 gessit.

372 2089 439 2121 fuit
454 2090 495 2120 ad
510 2095 610 2131 caput
625 2101 717 2131 aquoe
732 2091 925 2130 Ferentium,
941 2092 981 2122 de
1005 2102 1070 2131 quo
1157 2095 1193 2123 81
1222 2092 1319 2133 ‚Quod
1331 2093 1358 2122 si
1373 2089 1437 2130 sui]
1465 2092 1496 2122 Si
1518 2093 1602 2123 bene
1625 2094 1726 2125 cessit
1748 2094 1814 2126 Ro·

373 2134 502 2165 mentio
518 2135 557 2164 fit
578 2134 678 2172 infra,
694 2144 722 2165 c.
740 2139 791 2166 51.
808 2136 889 2172 sive,
905 2136 1071 2174 quomodo
1114 2136 1235 2174 manis,
1261 2135 1349 2175 quod
1373 2137 1402 2166 ei
1430 2138 1658 2167 commiserint
1680 2139 1815 2179 imperi-

370 2176 561 2217 appellatur
583 2177 626 2208 11.
651 2181 703 2209 38.
723 2183 822 2218 caput
846 2179 1069 2210 Ferentinum.
1113 2190 1186 2217 um,
1202 2185 1260 2210 ant
1277 2180 1302 2209 si
1319 2180 1455 2210 omnino
1472 2181 1714 2212 commiserunt
1729 2205 1739 2212 .
1750 2203 1759 2212 .
1773 2186 1804 2213 ..'

373 2220 475 2251 Hunc
490 2226 524 2251 et
539 2221 668 2252 fontem
685 2226 718 2252 et
734 2222 849 2253 lucum
866 2224 926 2253 sub
951 2223 1068 2254 radici·
1109 2223 1231 2253 debere
1261 2221 1398 2254 Latinos
1431 2234 1560 2263 quoque
1592 2224 1674 2255 illud
1703 2225 1813 2256 eidem

371 2264 433 2294 bus
450 2266 573 2295 montis
589 2264 707 2295 Albani
729 2265 844 2303 fuisse,
860 2275 977 2305 eoque,
995 2268 1070 2306 post
1112 2267 1322 2297 committere
1337 2279 1343 2296 z
1365 2267 1432 2297 imo
1448 2277 1516 2298 non
1532 2267 1664 2307 debere,
1681 2269 1813 2301 etiamsi

372 2307 491 2338 Albam
510 2308 670 2345 dirutam,
687 2319 791 2349 nsque
809 2309 850 2340 ad
875 2311 907 2340 P.
925 2310 1068 2341 Decium
1113 2320 1163 2341 res
1180 2310 1228 2340 ita
1243 2320 1277 2340 se
1293 2310 1444 2348 haberet,
1461 2322 1563 2351 quum
1588 2312 1632 2342 sit
1652 2312 1813 2352 alienige-

372 2351 505 2382 Murem
539 2352 723 2391 consulem,
744 2353 892 2393 ⁴populos
932 2353 1068 2384 Latinos
1113 2364 1167 2385 na.
1214 2354 1370 2384 Ceterum
1392 2360 1470 2385 ante
1494 2355 1697 2386 Gronovium
1724 2355 1812 2396 lege-

373 2396 550 2425 convenire
566 2396 692 2433 solitos,
716 2403 754 2426 ut
778 2397 955 2436 imperium
980 2407 1070 2427 corn-
1113 2398 1212 2428 batur
1241 2398 1398 2428 deberent.
1456 2398 1516 2429 Ille
1551 2399 1743 2430 emendavit
1772 2409 1814 2432 ex

373 2439 467 2468 muni
484 2439 621 2469 consilio
636 2439 922 2478 administrarent,
938 2450 978 2471 ex
995 2440 1070 2471 Pes·
1112 2450 1181 2471 uno
1206 2441 1275 2471 MS.
1299 2441 1350 2472 vel
1372 2442 1512 2482 optimo.
1545 2443 1634 2472 'Duo
1657 2452 1675 2473 e
1692 2445 1814 2475 nostris

372 2485 408 2511 to
422 2481 579 2513 discimus
596 2483 629 2512 in
646 2493 725 2513 voce
743 2483 882 2514 Proelor.
1114 2484 1240 2521 favent,
1255 2486 1310 2524 qui
1327 2485 1485 2515 exhibent
1499 2486 1636 2516 deberet.

418 2527 458 2555 80
483 2525 625 2565 Superbo
640 2525 796 2565 inditum]
823 2526 931 2566 Vulgo
949 2527 1070 2567 Super·
1158 2530 1198 2560 8⁶2
1211 2530 1229 2546 *Ψ
1243 2527 1304 2559 Sin
1319 2538 1390 2559 suos
1404 2526 1473 2569 ejus
1482 2528 1651 2569 poenitcat]
1678 2530 1735 2561 Sin
1753 2541 1812 2563 au·

373 2567 408 2597 60
431 2569 457 2597 ei
477 2569 628 2599 Indicum.
675 2569 739 2600 Sed
756 2570 902 2601 Andreas
919 2576 953 2601 et
971 2572 1068 2602 Cam-
1112 2576 1182 2602 tem
1199 2571 1255 2602 ille
1271 2571 1444 2611 displiceat
1457 2574 1524 2603 suis
1541 2573 1681 2611 civibus,
1693 2575 1720 2604 si
1735 2584 1810 2614 gra-

372 2620 478 2650 panus
502 2613 657 2650 ignorant
681 2612 714 2644 τό
736 2615 776 2649 σι’,
794 2618 830 2644 ut
854 2619 889 2644 et
911 2614 1068 2645 Gronovii
1111 2621 1245 2653 ventur,
1261 2619 1294 2645 et
1308 2615 1450 2645 oderunt
1466 2617 1536 2654 ejus
1553 2617 1745 2657 imperium.

373 2654 468 2684 codd.
499 2661 532 2685 ct
562 2666 648 2686 unus
680 2667 697 2686 e
730 2657 823 2688 MSS.
856 2656 1008 2697 Hearnii,
1034 2664 1068 2689 et
1156 2661 1196 2690 83
1221 2658 1443 2698 Furium-osus]
1459 2659 1587 2696 Audax,
1599 2661 1810 2693 temerarius.

374 2707 489 2727 omnes
517 2701 634 2729 nostri.
679 2701 732 2729 Sic
758 2706 793 2730 et
821 2701 842 2731 l.
867 2700 929 2732 ΠΙ.
961 2712 990 2733 c.
1015 2703 1068 2733 65.
1112 2701 1530 2743 Nempefficinusscmper
1544 2704 1610 2733 vim
1627 2709 1661 2734 et
1676 2704 1811 2735 audaci-

374 2741 635 2782 ‚lmemandisquc
658 2743 829 2782 Patribus,
844 2745 929 2775 mtdc
951 2746 1072 2785 Aspero
1115 2756 1182 2783 am,
1207 2754 1273 2774 non
1296 2755 1428 2785 semper
1455 2746 1586 2779 sceleris
1616 2747 1724 2780 labem
1751 2748 1809 2780 ad-

373 2785 473 2816 cedam
494 2786 633 2818 indicum
650 2791 696 2818 est
719 2797 902 2829 cognomen,
919 2790 1070 2821 tribuna·
1108 2790 1264 2830 junctam
1282 2788 1390 2820 habet.
1624 2795 1629 2806 “
