1991 3250
611 88 739 127 LIB.
766 88 801 126 1.
841 86 972 125 CAP.
998 86 1185 125 XLV11..
1548 87 1601 127 65

161 187 351 246 defuisse,
371 189 444 245 qui
472 203 651 247 seregno
680 188 850 245 dignum
864 192 1031 243 putaret
1045 202 1060 228 .-
1097 185 1169 242 qui
1196 186 1446 239 meminisset,
1467 202 1506 229 se
1526 202 1603 230 esse

163 245 306 288 Prisci
348 247 566 304 Tarquinii
587 245 757 302 filiium
795 244 866 301 qui
895 243 1053 295 habere,
1083 258 1205 299 quam
1240 258 1398 299 sperare
1432 258 1600 300 regnum

160 302 312 345 niallet.
374 303 422 345 Si
452 311 496 346 tu
527 304 560 345 is
588 318 639 354 es,
657 303 722 343 cui
750 308 920 357 nuptam
939 315 1016 342 esse
1042 315 1105 342 me
1128 299 1322 352 arbitror,
1342 308 1380 342 et
1399 301 1532 342 virum
1562 309 1599 343 et

158 375 291 417 regem
319 359 502 417 adpelle:
529 360 594 402 sin
621 359 766 412 minus,
786 373 830 400 eo
850 372 955 400 nuric
977 358 1096 414 pejus
1123 364 1280 399 mutata
1311 364 1368 398 est
1396 371 1471 409 res,
1492 358 1602 414 quod

159 417 193 441 ⁶²
210 417 326 459 isthic
362 434 451 460 cum
479 415 649 474 ignavia
677 424 732 458 est
760 415 898 457 scelus.
961 414 1075 460 Quin
1104 413 1365 471 adcingeris‘?
1395 414 1493 456 Non
1521 416 1599 457 tibi

159 473 210 516 ab
235 474 446 526 Corintho,
463 490 531 516 nec
550 474 602 516 ab
626 473 878 530 Tarquiniis,
896 479 943 514 ut
953 472 1073 528 patri
1092 479 1176 523 tuo,
1201 474 1232 497 ⁶³
1240 472 1456 528 peregrina
1474 487 1599 528 regna

159 531 298 574 moliri
325 546 470 574 necesse
497 539 566 573 est.
627 530 709 572 Dii
738 538 775 572 te
797 537 962 586 penates
987 529 1205 585 patriique,
1226 536 1262 570 et
1283 529 1420 585 putris
1446 529 1598 586 imago,

157 596 195 630 et
215 589 354 632 domus
373 589 500 645 regia,
518 596 556 630 et
576 589 621 629 in
637 588 752 629 domo
773 588 910 645 regale
929 586 1087 638 solium,
1105 594 1142 628 et
1163 601 1303 628 nomen
1327 586 1600 642 Tarquinium

157 654 267 688 creat
295 653 488 702 vocatque
515 661 661 702 regem.
721 644 812 687 Aut
840 646 875 686 si
895 644 951 685 ad
977 643 1056 686 haec
1080 658 1232 699 parum
1251 651 1306 685 est
1334 644 1478 695 animi,
1498 644 1601 701 quid

143 702 369 760 frustraris
404 702 641 745 civitatem?
682 702 782 759 quid
815 709 853 744 te
886 709 931 744 uc
966 701 1120 758 regium
1143 703 1338 757 juvenem
1374 702 1406 726 ⁶*
1422 703 1598 757 conspici

154 759 284 802 sinis?
322 760 484 802 Facesse
514 760 606 802 hinc
640 759 898 816 Tarquinios,
929 765 1001 801 aut
1037 758 1293 800 Corinthum.
1323 757 1599 801 ⁶⁵Devolvere

155 825 259 859 retro
277 820 334 859 act
346 818 522 873 stirpem,
526 817 667 875 fiatri
680 816 865 869 similior,
881 832 1003 874 qaam
1014 816 1144 871 patri.
1168 816 1251 857 His
1265 816 1444 872 aliisque
1458 816 1599 859 incre-

155 875 297 930 pando
323 875 532 929 juvenem
560 875 756 931 instigat,
778 889 857 916 nec
883 875 1187 930 conquiescere
1220 874 1314 929 ipsa
1337 883 1502 929 potest:
1545 875 1597 925 si,

152 946 286 986 quum
315 932 541 988 Tanaquil,
564 933 790 988 peregrina
820 932 988 983 mulier,
1015 939 1184 972 tantum
1214 930 1353 971 moliri
1386 931 1598 988 potuisset

153 990 313 1038 animo,
335 1000 384 1030 ut
414 990 500 1031 duo
522 990 732 1031 continua
750 1003 882 1045 regna
902 989 1010 1039 viro,
1031 1003 1082 1030 ac
1103 988 1307 1044 deinceps
1329 1002 1504 1045 genero,
1525 989 1599 1030 de·

153 1046 306 1098 disset;
328 1047 436 1103 ipsa,
451 1047 570 1103 regio
585 1047 747 1089 semine
762 1057 871 1099 orta,
889 1046 921 1069 ⁶⁶
935 1045 1100 1087 nullum
1117 1054 1385 1087 momentum
1398 1045 1442 1088 in
1455 1046 1599 1088 dando

153 1104 470 1160 adimendoque
490 1119 624 1161 regno
647 1104 822 1146 faceret.
868 1102 952 1145 His
974 1103 1257 1145 muliebribus
1278 1103 1508 1145 instinctus
1531 1103 1599 1145 fu-

151 1161 224 1202 riis
248 1160 506 1217 Tarquinius
536 1162 762 1204 circumire
789 1170 833 1205 et
856 1175 1055 1218 prensare
1066 1165 1094 1212 ²,
1115 1161 1379 1202 ⁶⁷minorum
1407 1161 1600 1203 maxime

151 1218 362 1272 gentium,
387 1218 561 1272 Patres;
584 1219 813 1261 admonere
834 1218 1002 1274 paterni
1020 1218 1237 1269 beneficii,
1258 1233 1309 1260 ac
1326 1233 1405 1274 pro
1427 1233 1478 1261 eo
1501 1234 1599 1275 gra-

151 1275 258 1317 tiam
271 1287 483 1333 repetere3
505 1276 687 1318 adlicere
700 1277 822 1318 donis
835 1277 1040 1332 juvenes:
1063 1285 1156 1317 tum
1170 1276 1223 1317 de
1237 1290 1281 1317 se
1296 1277 1492 1332 ingentia
1505 1276 1598 1333 pol-

151 1332 337 1385 licendo,
351 1343 443 1375 tum
462 1335 577 1390 regis
591 1334 844 1376 criminibus
859 1334 1060 1375 omnibus
1075 1333 1181 1375 locis
1196 1348 1401 1375 crescere.
1431 1344 1598 1390 postre-
1767 1384 1770 1387 x

150 1404 239 1442 mo,
254 1399 302 1432 ut
313 1391 406 1446 jam
426 1392 604 1448 agendae
622 1392 682 1432 rei
699 1401 869 1447 tempus
889 1391 1027 1432 visum
1046 1398 1124 1442 est,
1137 1391 1320 1447 stipatus
1339 1391 1513 1447 agmine
1530 1406 1595 1434 ar·
1608 1390 1644 1441 L..
1657 1390 1792 1432 Tarqui-

153 1459 384 1499 matorum,
401 1448 444 1489 in
463 1449 604 1490 forum
627 1448 814 1504 inrupit;
837 1447 952 1499 inde,
970 1448 1172 1489 omnibus
1193 1447 1399 1504 perculsis
1420 1463 1596 1506 pavore,
1606 1445 1684 1510 {²1:¹³¹}
1698 1445 1786 1510 ξξξὲ.

152 1504 197 1545 in
212 1505 331 1561 regia
344 1506 442 1546 sede
456 1520 532 1562 pro
551 1506 670 1548 curia
681 1505 847 1556 sedens,
862 1504 1012 1546 Patres
1026 1505 1071 1546 in
1084 1506 1248 1547 curiam
1262 1519 1338 1562 per
1350 1520 1594 1562 praeconem
1608 1524 1666 1554 dit,

153 1561 207 1602 ad
237 1576 381 1618 regem
404 1562 688 1618 Tarquinium
714 1562 837 1603 citari
864 1561 1013 1617 jussit.
1075 1561 1329 1604 Convenere
1358 1565 1596 1621 extemplo,

153 1617 224 1659 alii
248 1622 340 1674 jam
362 1631 461 1660 ante
492 1620 545 1661 ad
568 1619 651 1661 hoc
673 1620 918 1675 praeparati,
940 1618 1014 1662 alii
1035 1629 1169 1671 metu,
1191 1620 1223 1643 ⁶²³
1236 1634 1292 1661 ne
1313 1635 1402 1662 non
1433 1623 1602 1664 venisse

153 1675 293 1717 fraudi
315 1685 439 1728 esset,
462 1677 654 1718 novitate
676 1691 727 1718 ac
745 1676 952 1718 miraculo
975 1676 1177 1727 adtoniti,
1197 1686 1242 1718 et
1256 1678 1349 1734 jam
1373 1678 1426 1719 de
1447 1679 1601 1722 Servio

152 1742 298 1775 actum
328 1734 424 1775 rati.
485 1733 554 1776 Ibi
585 1733 861 1790 TarquiniUS,
891 1732 1122 1776 maledicta
1150 1738 1182 1764 ⁶⁹
1197 1736 1251 1776 ab
1283 1736 1417 1792 stirpe
1447 1736 1602 1779 ultima.

152 1804 298 1842 orsus;
331 1790 514 1843 Servum,
535 1806 728 1848 servaque
748 1797 905 1842 natum,
921 1798 1016 1847 post
1039 1798 1202 1833 mortem
1222 1792 1433 1849 indignam
1447 1809 1604 1850 paren-

154 1847 204 1888 tis
235 1848 311 1899 sui,
338 1863 420 1889 non
449 1849 693 1906 interregno,
725 1856 770 1890 ut
802 1856 937 1900 antea,
967 1848 1086 1901 inito,
1116 1865 1198 1891 non
1229 1850 1401 1891 comitiis
1436 1851 1600 1903 habitis,

152 1919 232 1945 non
252 1919 329 1961 per
357 1904 597 1963 suffragium
618 1905 780 1962 populi,
801 1921 882 1947 non
911 1906 1143 1948 auctoribus
1174 1906 1391 1959 Patribus,
1411 1909 1602 1951 muliebri

151 1961 254 2002 dono
296 1977 463 2018 regnum
509 1978 728 2019 occupasse.
790 1962 862 2004 Ita
910 1971 1067 2015 natu-m,
1110 1964 1172 2005 ita
1222 1972 1403 2006 creatum
1451 1980 1600 2023 regem,

137 2017 355 2076 fautorem
380 2020 512 2075 infimi
538 2021 695 2077 generis
723 2020 943 2071 hominurn,
965 2035 1012 2062 esc
1042 2036 1120 2077 quo
1148 2021 1230 2076 ipse
1249 2022 1316 2074 sit,
1337 2022 1428 2064 odio
1458 2024 1601 2065 alienae

153 2076 368 2118 honestatis
397 2085 572 2134 ereptum
594 2078 844 2133 primoribus
864 2093 1008 2135 agrum
1029 2077 1301 2121 sordidissimo
1322 2081 1464 2136 cuique
1492 2080 1601 2123 divi·

151 2133 269 2175 sisse.-
299 2134 435 2176 omnia
457 2150 592 2188 onera,
614 2150 702 2192 quse
718 2136 945 2177 communia
966 2135 1169 2192 quondam
1184 2135 1368 2195 fuerint,
1386 2136 1601 2180 inclinasse

659 2234 678 2240 -
713 2217 726 2233 z
741 2212 926 2252 prehensare
941 2213 1029 2244 Eaed.

193 2268 386 2308 62³⁵Isthic]
404 2270 443 2300 In
460 2274 506 2300 te.
522 2270 710 2303 Pronomen
725 2274 796 2312 iste,
814 2277 850 2305 et
893 2274 1039 2304 ducitur.

151 2322 361 2353 quaecunque
385 2313 546 2344 vocabula
568 2315 608 2345 ab
623 2325 662 2345 eo
684 2316 848 2356 originem
936 2315 1159 2348 66³*Nullum
1173 2321 1394 2348 momentum.
1413 2340 1421 2347 .
1439 2315 1598 2359 ,ᾔτεεν-εἰ]

148 2356 305 2394 trahunt,
327 2358 512 2397 respiciunt
534 2368 621 2398 saepe
648 2369 721 2389 eam
748 2371 849 2400 quam
891 2361 988 2392 Nihil
1016 2361 1178 2398 efficeret,
1201 2371 1267 2400 quo
1297 2361 1332 2391 in
1355 2361 1444 2392 hane
1466 2361 1601 2392 illamve

148 2399 369 2431 Grammatici
391 2405 513 2431 vocant
533 2402 714 2433 secundam
737 2413 851 2444 perso·
893 2409 1024 2446 partem
1041 2414 1092 2435 res
1107 2405 1339 2436 inclinaretur.

147 2452 239 2474 nam.
433 2471 436 2474 Δ
564 2455 568 2459 ·
939 2449 979 2483 67
1013 2447 1184 2478 smum-um
1211 2471 1219 2479 .
1245 2472 1253 2479 .
1278 2449 1429 2489 gentium
1458 2447 1608 2490 Patres]

192 2487 446 2527 63*Peregrina
460 2499 564 2528 regna
579 2489 702 2529 moliri]
726 2490 852 2531 Magno
895 2492 971 2523 Vid.
987 2501 1062 2532 sup.
1077 2494 1176 2523 c.'35.

150 2530 326 2561 molimine
348 2533 431 2562 eniti
455 2533 498 2563 ad
519 2543 675 2572 regnum,
697 2534 738 2564 ad
763 2534 853 2574 quod
941 2535 1094 2572 68*Ne,
1119 2545 1184 2566 non
1210 2536 1332 2567 venisse
1348 2535 1476 2575 fraudi
1504 2535 1597 2575 esset]

151 2574 296 2613 nullum,
321 2580 439 2615 utpote
472 2578 683 2617 peregrinus,
704 2578 762 2617 jus
796 2578 854 2609 ha·
897 2578 949 2609 Ne
975 2578 1110 2610 crimini
1131 2579 1194 2609 sibi
1220 2579 1370 2619 daretur,
1393 2584 1494 2620 atque
1517 2580 1602 2611 adeo

146 2617 235 2648 beas.
413 2646 421 2649 .
894 2622 930 2652 in
957 2622 1145 2662 periculum
1170 2622 1372 2662 inciderent,
1395 2626 1424 2654 si
1448 2633 1516 2655 non
1546 2633 1601 2654 ve-

192 2662 235 2692 64
263 2661 415 2703 Conspici]
450 2662 623 2703 Insignem
654 2668 689 2695 et
721 2665 852 2704 conspi-
896 2666 1037 2696 nissent.

148 2714 249 2736 cuum
266 2715 348 2737 esse.
364 2707 418 2737 Sic
435 2706 457 2736 1.
476 2708 569 2738 XXI.
586 2718 614 2739 c.
632 2711 663 2739 4.
679 2709 786 2739 Arma
801 2712 851 2739 ut·
939 2709 981 2744 69
1003 2709 1054 2740 Ab
1074 2710 1174 2750 stirpe
1193 2709 1329 2752 ultima]
1354 2709 1404 2741 Ab
1427 2710 1528 2751 stirpe
1544 2720 1601 2740 us—

146 2758 207 2788 que
220 2751 292 2788 equi
305 2751 594 2790 conspiciebantur.
895 2762 973 2791 que,
990 2762 1010 2784 a
1025 2762 1092 2792 qua
1113 2762 1221 2792 orsuS‚
1236 2757 1399 2794 tanquam
1423 2755 1464 2785 ab
1487 2755 1599 2792 aliquo

188 2792 540 2825 65³*Devolverereero
552 2794 752 2836 adstirpem]
766 2795 850 2826 Redi
896 2797 1060 2836 principio
1096 2796 1233 2834 ultimo,
1264 2798 1429 2838 reliquam
1461 2805 1598 2829 omnem

148 2844 186 2866 ac
200 2835 353 2867 delabere
370 2837 412 2869 ad
426 2848 468 2869 ea
489 2838 563 2869 loca
579 2839 667 2870 unde
682 2840 744 2870 tibi
758 2840 851 2879 origo
895 2840 997 2870 Servii
1013 2841 1119 2872 vitam
1133 2841 1325 2881 exagitavit.

203 2891 315 2920 VOL.
339 2893 373 2923 1.
958 2896 984 2924 F
