1969 3239
600 77 1229 117 LIB.11.CAP.LXV..
1517 85 1588 122 151

152 156 234 230 ret,
254 180 286 203 ⁵⁰
301 177 614 244 multiplicique
631 188 759 235 capta
777 177 924 254 praeda
944 177 1116 218 rediret.
1168 175 1255 219 Et
1245 192 1289 219 in
1312 177 1476 221 Volscis
1498 195 1636 227 res-n
1655 197 1692 227 c
1706 197 1781 228 286

154 235 329 292 publica
362 238 534 293 egregie
567 247 702 293 gesta,
735 232 896 299 quum*¹
926 234 1064 285 ducis,
1098 244 1188 276 tum
1222 235 1408 277 militum
1440 252 1581 293 opera.
1595 240 1635 270 A
1652 241 1688 271 C·
1703 241 1780 273 466

155 293 349 337 Primum
385 309 510 349 aequo
541 307 696 348 campo
730 292 864 348 signis
887 292 1067 335 conlatis
1093 304 1349 348 pugnatum,
1372 284 1750 357 ”ingentivoIseum

151 351 272 392 caede
304 351 531 407 utrimque,
555 350 738 406 plurimo
770 350 992 405 sanguine.
1017 360 1060 390 et
1092 349 1294 401 Romani,
1314 351 1416 405 quia
1438 354 1585 407 pauci-

152 417 217 449 tas
249 408 407 449 damno
438 407 659 449 sentiendo
692 421 868 462 propior
900 416 1005 457 erat,
1026 407 1206 463 gradum
1238 408 1509 461 1etulissent3
1539 411 1584 451 ni

151 465 306 506 salubri
331 465 554 507 mendacio
575 464 739 514 consul,
762 465 910 519 fugere
941 464 1083 505 hostes
1106 466 1159 505 ab
1190 479 1323 506 cornu
1345 465 1478 507 altero
1500 466 1588 508 cla-

153 523 326 574 mitaris,
348 522 606 564 concitasset
629 522 780 563 aciem.
803 522 952 577 inpetu
974 521 1107 586 facto,
1129 521 1230 562 dum
1253 537 1297 563 se
1319 533 1472 579 putant
1491 524 1588 566 vin-

151 594 262 630 cere,
286 581 438 621 vicetme
498 578 674 630 Consul,
694 589 888 619 metuens
912 593 963 620 ne
984 579 1112 620 nimis
1140 579 1341 621 instando
1362 591 1588 624 renovaret

154 647 386 688 certamen,
409 636 581 692 signum
614 636 802 692 receptui
836 636 968 677 dedit.
1029 636 1315 678 Inter-cessele
1338 639 1462 693 pauci
1481 638 1587 691 dies,

154 694 273 735 xelut
294 694 436 736 tacitis
447 671 655 735 Oinduciis
689 694 905 749 utrimque
927 694 1071 749 quiete
1099 704 1264 737 sumta:
1298 709 1373 751 per
1394 710 1499 751 quos
1521 696 1587 737 in-

152 766 258 807 gens
278 752 341 792 vis
361 751 585 793 hominum
604 765 658 792 ex
682 752 883 792 omnibus
905 751 1073 792 Volscis
1092 751 1334 807 AEquisque
1353 753 1552 809 populis
1542 769 1587 795 m

152 818 290 850 castra
326 809 458 859 venit,
480 808 592 850 haud
628 809 845 859 dubitans,
879 809 914 849 si
947 809 1170 859 senserint,
1206 809 1427 851 Romanos
1460 820 1588 852 nocte

151 866 359 908 abituros.
421 865 575 922 Itaque
597 871 629 892 ⁵⁰
644 866 769 907 tertia
790 866 878 907 fere
901 865 1050 921 vigilia
1067 866 1120 907 ad
1136 876 1274 907 castra
1295 868 1591 923 obpugnanda

152 924 346 965 ueniunt.
407 923 656 975 Quinctius,
690 923 837 965 sedato
870 923 1072 974 tumultu,
1095 937 1222 978 quem
1255 933 1389 965 terror
1421 925 1589 967 subitus
1968 913 1969 984 i

151 981 388 1030 exciverat
406 995 539 1035 quum
563 995 735 1022 manere
757 982 799 1022 in
817 981 1012 1022 tentoriis
1027 982 1219 1036 quietum
1244 981 1591 1047 militemjussis-
1967 985 1969 1018 l

153 1048 233 1088 set,
260 1037 550 1079 Hernicorum
580 1038 834 1080 cohortem
825 1053 869 1079 in
901 1038 1127 1079 stationem
1150 1039 1318 1091 educit;
1350 1040 1592 1082 cornicines
1967 1022 1969 1069 Ι

152 1095 468 1149 tubicinesque,
491 1097 578 1138 ⁵³in
609 1102 765 1152 equose
795 1096 1021 1151 inpositos,
1042 1110 1194 1138 canere
1215 1106 1314 1137 ante
1337 1096 1491 1138 vallum
1515 1097 1592 1152 ju-

152 1152 243 1203 bet,
266 1152 582 1209 solli‹itumque
603 1154 772 1195 hostem
793 1153 845 1194 ad
874 1153 1013 1195 lucem
1035 1163 1193 1195 tenere.
1219 1154 1427 1209 reliquum
1450 1155 1592 1195 noctis

152 1210 262 1251 adeo
297 1211 525 1266 tranquilla
557 1211 701 1252 omnia
733 1211 776 1252 in
809 1210 960 1252 castris
992 1212 1125 1262 fuere,
1159 1221 1208 1252 ut
1248 1212 1386 1252 somni
1419 1226 1592 1267 quoque

156 1266 367 1308 Romanis
388 1269 514 1324 copia
535 1280 660 1310 esset.
708 1268 888 1309 Volscos
911 1269 1074 1324 species
1097 1279 1357 1309 armatorum
1381 1270 1591 1324 peditum,

155 1338 264 1379 quos
295 1334 339 1366 et
370 1325 506 1381 plures
529 1340 632 1376 esse,
655 1336 698 1367 et
729 1325 950 1366 Romanos
985 1327 1206 1382 putabant,
1230 1325 1425 1366 fremitus
1448 1326 1592 1367 hinni-

156 1390 311 1436 tusque
341 1396 564 1437 equorum,
585 1384 674 1447 qui,
696 1393 739 1423 et
770 1384 938 1424 insueto
970 1384 1142 1424 sedente
1165 1383 1323 1438 equite,
1345 1393 1388 1424 et
1419 1384 1593 1439 insuper

156 1453 277 1483 aures
298 1440 492 1495 agitante
515 1442 673 1492 sonitu,
695 1440 943 1492 saeviebant,
966 1440 1153 1482 intentos
1184 1440 1300 1482 v»elut
1321 1440 1373 1482 ad
1396 1441 1595 1496 inpetum

154 1472 353 1537 hostium
370 1497 520 1538 tenuit.
1962 1503 1965 1538 Ι

215 1552 359 1594 LXV.
396 1554 479 1595 Ubi
501 1554 673 1605 inluxit,
698 1554 936 1607 Romanus,
959 1555 1126 1610 integer
1148 1555 1411 1609 satiatusque
1442 1569 1592 1596 somno
1968 1605 1969 1610 ¹

157 1610 426 1665 productus
417 1626 459 1652 in
482 1612 632 1662 aciem,
656 1587 813 1652 fessum
846 1613 998 1652 stando
1021 1622 1063 1652 et
1093 1611 1253 1668 xigiliis
1279 1611 1312 1651 V
1319 1612 1465 1652 olscun
1468 1627 1482 1652 1
1506 1613 1592 1668 pti·
1967 1615 1969 1668 l

155 1681 230 1708 mo
260 1667 407 1723 inpetu
440 1668 633 1723 perculit.
665 1683 921 1724 quamquain
954 1683 1116 1710 cessere
1148 1669 1298 1724 magis,
1321 1683 1450 1723 quam
1482 1669 1592 1732 pulsi
1967 1670 1969 1712 l

155 1722 302 1765 hostes
325 1735 447 1767 sunt:
479 1726 581 1780 quia
601 1727 653 1767 ab
676 1735 798 1781 tergo
820 1737 941 1767 erant
964 1726 1079 1776 clivi,
1103 1726 1145 1766 in
1178 1734 1319 1781 quos³
1324 1729 1452 1781 post
1474 1741 1593 1781 prm-

155 1781 269 1845 cipia
293 1782 471 1837 integris
495 1783 717 1824 ordinibus
741 1794 856 1824 tutus
878 1793 1072 1847 receptus
1095 1782 1190 1823 fuit.
1237 1783 1413 1833 Consul,
1442 1784 1516 1824 ubi
1539 1783 1594 1825 ad

157 1839 352 1893 iniquum
374 1839 515 1880 locum
541 1850 716 1881 ventum
738 1851 816 1891 est,
840 1842 952 1881 sistit
983 1854 1134 1881 acrem.
1159 1840 1278 1880 miles
1308 1854 1422 1896 aegre
1445 1841 1594 1892 teneri,

158 1894 341 1937 clamare
378 1907 421 1937 et
462 1911 649 1952 poscere,
682 1908 730 1937 ut
751 1898 965 1953 perculsis
1000 1899 1158 1938 instate
1190 1897 1283 1937 lice
1281 1908 1330 1937 it
1390 1896 1594 1938 Ferocius

161 1961 297 2007 agunt
325 1953 514 2008 equites:
547 1954 796 1996 circumfusi
828 1956 928 1996 duci
952 1954 1240 1995 vocif'er·antu1
1254 1960 1266 1981 s
1283 1968 1326 1994 se
1349 1963 1448 1994 ante
1470 1955 1597 2010 sigua

202 2041 216 2062 ἃ
230 2048 296 2073 tum
309 2044 405 2073 Gron.
424 2045 513 2074 Crev.
660 2051 672 2064 ἓ
688 2047 772 2085 equis
787 2047 883 2076 Gron.

1016 2044 1028 2065 s
1039 2047 1155 2086 equites
1171 2045 1356 2084 circumfusi
1371 2044 1443 2074 daci
1452 2056 1461 2073 :
1485 2044 1599 2083 vocife-

159 2092 269 2120 rantur
282 2092 336 2116 etc.
349 2088 445 2116 Grou.
461 2090 553 2118 Crcv.

206 2167 275 2197 50*
287 2166 463 2206 Multiplici
487 2189 495 2197 .
507 2189 515 2196 .
530 2190 538 2198 .
550 2189 558 2197 .
580 2169 712 2208 proedct]
736 2168 854 2199 Multis

162 2210 313 2251 partibus
338 2210 460 2247 marim-e
484 2212 606 2250 praeda,
627 2215 727 2251 q‘uam
752 2222 857 2251 quan-

161 2260 233 2283 tam
251 2255 341 2294 prius
358 2261 516 2293 ceperant
530 2256 653 2285 Sabini.

208 2301 242 2328 51
276 2298 404 2335 lugenti
433 2298 516 2327 ccede
531 2319 540 2331 ,
551 2319 558 2326 .
574 2320 582 2328 .
594 2300 755 2337 .plurimo
784 2309 858 2329 scm-

160 2340 279 2380 guine]
297 2340 508 2370 Alterutrum
532 2350 572 2370 ex
588 2341 638 2371 liis
654 2347 757 2372 vacat.
804 2343 859 2372 In-

159 2386 251 2423 genti
274 2384 357 2414 coerle
380 2385 490 2423 potins
514 2384 692 2414 delendum
717 2386 858 2422 videtur,

167 2433 205 2458 ut
229 2427 391 2467 glossema
410 2428 571 2457 -additnin
604 2429 860 2467 interpretandis

165 2471 217 2501 his
244 2472 390 2508 vocibus,
411 2473 556 2511 plurimo
580 2481 659 2510 sang
668 2474 752 2509 uiue,
780 2482 860 2511 qua-

164 2524 239 2546 rum
256 2515 359 2545 rarior
377 2525 466 2544 usus.

207 2560 247 2588 52
275 2558 386 2588 Tertia
405 2580 412 2588 .
425 2580 432 2587 .
448 2580 455 2588 .
468 2579 475 2587 .
503 2557 632 2597 vigilia]
665 2558 859 2596 Distingue-

165 2601 265 2631 batur
287 2607 421 2640 tempus
439 2603 545 2631 noctis
570 2602 603 2630 in
620 2609 764 2640 quatuor
781 2602 860 2639 vigi-

164 2643 240 2681 lias,
257 2654 396 2683 quarum
415 2654 625 2684 unaquaeque
643 2646 745 2674 trium
765 2644 861 2673 hora·

165 2696 240 2717 rum
256 2691 337 2717 erat.
379 2688 496 2726 Itaque
512 2689 613 2718 tertia
630 2688 741 2726 vigilia
757 2698 774 2716 a
792 2697 859 2717 rne-

167 2729 222 2759 ‹lia
239 2736 336 2761 nocte
353 2732 545 2770 incipiebat,
559 2741 648 2761 nona
660 2732 765 2761 noctis
779 2730 860 2760 hora

169 2773 358 2804 finiebatur.
404 2774 550 2813 Singulis
580 2781 694 2804 autem
727 2773 858 2813 vigiliis,

163 2815 260 2856 signo
277 2817 418 2849 buccina
434 2818 525 2857 dato,
543 2817 657 2858 vigiles
681 2818 858 2848 mutaban-

902 2172 971 2198 tur.

946 2214 986 2242 55³,
1015 2211 1053 2241 In
1080 2222 1171 2251 equos
1196 2210 1366 2252 impositos]
1395 2212 1446 2242 Sic
1473 2212 1599 2242 habent

901 2261 968 2285 tres
993 2265 1009 2283 e
1035 2257 1154 2285 nostris
1172 2256 1393 2295 probatissimi
1410 2256 1503 2286 codd.
1543 2257 1597 2285 Sic

903 2307 937 2328 et
955 2299 1115 2329 edebatur
1132 2306 1209 2329 ante
1227 2300 1413 2338 bigmrium,
1430 2300 1599 2338 quijnssit

902 2342 968 2381 legi
996 2344 1030 2372 in
1057 2345 1161 2382 equis:
1204 2343 1261 2372 sed
1287 2343 1392 2372 invito
1419 2343 1525 2379 Livio,
1561 2346 1599 2372 ut

903 2386 1079 2415 credimus.
1125 2388 1232 2425 Supra
1256 2387 1281 2416 I.
1310 2389 1359 2417 18.
1389 2386 1598 2416 restituimus

903 2429 1017 2458 itidem
1035 2440 1075 2458 ex
1091 2430 1184 2459 MSS.
1207 2430 1339 2460 Dextra
1358 2431 1388 2459 ἑιι
1406 2435 1505 2468 caput
1521 2430 1600 2460 sss'u-

905 2482 964 2501 moe
993 2474 1153 2512 i712posz'ta,
1181 2483 1282 2511 qutun
1312 2472 1437 2511 xulgati
1463 2473 1599 2512 praefer-

904 2520 978 2544 rent
995 2517 1027 2545 in
1043 2518 1147 2555 capite
1161 2528 1169 2544 .-
1194 2521 1227 2545 et
1251 2517 1366 2545 eodem
1383 2516 1480 2554 libro,
1498 2526 1526 2546 c.
1544 2519 1598 2547 33.

905 2558 1009 2590 Ponte
1027 2581 1035 2588 .
1047 2580 1055 2588 .
1070 2582 1078 2588 .
1090 2581 1097 2588 .
1112 2561 1144 2589 iu
1163 2559 1304 2589 Tiberim
1311 2559 1418 2598 Jiteto.

948 2605 988 2632 54
1015 2602 1092 2632 Posi
1125 2603 1303 2642 princip-iit]
1347 2603 1423 2632 Post
1454 2603 1598 2642 primam

905 2645 1022 2675 aciem.
1071 2646 1170 2675 Frons
1188 2656 1307 2686 nempe
1331 2646 1402 2676 sola
1417 2646 1526 2675 Volsci
1544 2656 1601 2676 ex-

903 2689 1026 2718 orcitus
1049 2689 1185 2718 tui-bata
1207 2696 1269 2719 est.
1314 2690 1341 2719 A
1366 2694 1459 2728 tergo
1483 2690 1599 2729 primae

903 2732 1000 2768 aciei,
1021 2731 1151 2761 ordines
1176 2733 1299 2772 integri
1323 2740 1357 2762 et
1379 2733 1458 2763 salvi
1483 2739 1598 2762 tutum

904 2775 936 2803 in
949 2774 1047 2804 clivos
1058 2776 1398 2815 receptumhabuere.
1411 2776 1486 2807 Vid.
1498 2776 1600 2807 Gron-

904 2817 925 2846 1.
945 2817 998 2847 lV.
1012 2818 1147 2850 Observ.
1163 2829 1192 2850 c.
1214 2822 1261 2851 [υ.

905 2866 979 2903 L4
