1925 3239
543 118 669 159 LIB.
698 120 748 158 X.
786 120 913 160 CAP.
942 118 1108 159 XXXV.
1467 124 1540 160 593

101 232 171 260 ere
192 219 378 274 speciem
393 227 506 260 recta
527 220 792 261 tendentium
811 220 864 261 ad
883 229 1022 260 castra
1038 219 1343 275 obpugnanda.
1377 217 1538 262 Consul
1555 232 1596 263 U.
1613 231 1650 262 c.
1667 233 1740 263 458.

99 290 217 317 arma
233 290 384 332 capere
405 277 560 317 milites
577 278 721 332 jubet,
744 286 786 318 et
807 277 923 331 sequi
950 291 993 317 se
1015 286 1138 316 extra
1159 276 1311 316 vallum
1331 293 1340 317 :
1373 276 1539 332 legatis,
1552 276 1590 306 Α·
1607 275 1644 305 C.
1661 276 1736 309 294.

97 333 295 384 tribunis,
317 339 348 361 ³³
369 332 582 388 praefectis
606 335 818 375 sociorum
842 334 1038 388 imperat,
1060 340 1092 360 ³⁴
1106 333 1220 387 quod
1245 333 1357 388 apud
1390 348 1538 388 quem-

95 405 180 444 que
197 389 312 430 facto
333 404 440 445 opus
459 400 537 431 est.
571 390 733 431 Omnes
751 390 994 441 adfirmant,
1014 404 1052 430 se
1070 389 1230 444 quidem
1250 389 1538 446 oniniajactu-

96 461 181 496 ros,
193 446 260 486 sed
279 446 453 487 militum
463 448 607 502 jacere
627 448 795 488 animos.
818 454 901 487 tota
925 454 1034 487 nocte
1052 447 1159 501 inter
1177 445 1342 487 ‘ceilnera
1360 453 1396 486 et
1411 447 1537 502 gemi-

102 509 165 543 tus
185 503 440 543 morientium
463 503 679 559 vigilatum
697 519 788 545 esse.
824 504 871 544 Si
892 511 986 544 ante
1007 502 1130 543 lucem
1150 503 1204 543 ad
1222 510 1353 543 castra
1377 510 1539 545 ventum

90 558 222 618 joret,
245 566 403 600 tantum
430 562 604 614 pavoris
618 560 767 617 juisse,
789 567 834 601 ut
861 561 1043 601 relicturi
1075 561 1194 615 signa
1211 558 1404 616 fuerint:
1434 574 1537 601 nunc

95 615 254 670 pudore
274 615 419 673 afuga
438 618 647 667 contineri,
663 618 846 673 alioquin
859 632 938 672 pro
956 617 1072 657 victis
1090 631 1176 657 esse.
1211 618 1323 662 Quae
1346 616 1415 656 ubi
1433 630 1536 657 con-

99 672 162 713 sul
175 676 355 728 accepit,
367 674 539 715 sibimet
556 675 633 730 ipsi
653 674 978 715 circumeundos
993 672 1367 728 adloquendosque
1382 673 1537 714 milites

99 739 229 781 ratus,
252 740 299 770 ut
319 731 370 771 ad
394 745 587 786 quosque
609 743 795 781 venerat,
819 740 1069 772 cunctantes
1094 745 1209 770 arma
1230 744 1381 785 capere
1403 730 1538 770 incre-

101 787 254 842 pabat3
289 785 404 830 Quid
418 796 630 838 cessarent,
652 786 1121 844 tergiversarenturque3)
1153 786 1322 827 Hostem
1342 787 1384 826 in
1403 793 1539 827 castra

97 851 324 894 venturum,
346 844 470 884 ³⁵nisi
486 844 553 885 illi
574 852 685 885 ertra
707 852 841 885 castra
861 845 1051 886 exissent:
1082 850 1118 884 et
1142 858 1219 898 pro
1251 844 1436 884 tentoriis
1457 844 1540 884 suis

94 908 362 956 pugnaturos,
383 901 418 941 si
432 916 511 956 pro
533 902 640 942 vallo
662 901 828 942 nollent.
850 901 1023 942 armatis
1041 915 1088 940 ac
1111 900 1400 940 dimicantibus
1421 900 1538 940 36ᾱιι-

102 957 211 997 biam
230 957 445 999 victoriam
467 973 555 999 esse.
578 964 608 985 ³⁷
628 958 710 1014 Qui
729 958 858 999 nudus
875 965 996 1013 atque
1017 958 1180 998 inermis
1197 956 1343 997 hostem
1365 964 1538 1007 maneat,

99 1014 136 1054 ei
157 1021 231 1054 aut
250 1021 429 1065 mortem,
451 1022 525 1055 aut
546 1017 769 1057 servitutem
798 1014 1043 1070 patiendam.
1106 1013 1218 1054 Haec
1242 1014 1436 1069 jurganti
1471 1014 1537 1054 in-

98 1072 377 1127 crepantique
400 1072 738 1127 respondebant:
773 1070 985 1127 Confectos
1005 1085 1044 1111 se
1057 1085 1200 1126 pugna
1222 1071 1402 1111 hesterna
1431 1084 1509 1111 esse
1523 1087 1537 1110 .-

96 1141 165 1168 nec
187 1127 339 1169 virium
362 1127 599 1183 quidquam,
619 1144 687 1170 nec
705 1129 916 1184 sanguinis
944 1141 1147 1182 superesse.
1179 1127 1370 1182 nzcgjorem
1399 1126 1540 1167 multi-

98 1185 273 1226 tudinem
295 1185 465 1226 hostium
486 1185 694 1241 adparere,
717 1200 839 1241 quam
852 1185 990 1240 pridie
996 1183 1151 1240 fuerit.
1212 1183 1330 1224 Inter
1348 1184 1442 1224 haec
1464 1183 1539 1225 ad-

99 1243 416 1298 propinquabat
448 1257 629 1298 agmen:
671 1253 728 1293 et,
754 1243 848 1298 jam
879 1243 1070 1283 breviore
1102 1240 1324 1281 intervallo
1357 1240 1540 1281 certiora

96 1299 325 1349 intuentes,
348 1299 503 1341 vallum
538 1314 682 1341 secum
716 1308 884 1355 portare
918 1298 1154 1339 Samnitem
1187 1297 1426 1348 adfirmant,
1457 1311 1538 1338 nec

97 1355 277 1397 dubium
300 1370 404 1407 esse,
427 1356 530 1411 quin
549 1366 689 1397 castra
709 1355 1067 1397 circumvallaturi
1100 1355 1199 1395 sint.
1259 1353 1395 1404 Tunc,
1415 1354 1539 1395 enim-

96 1426 205 1463 vero,
236 1413 400 1464 consul,
421 1413 633 1469 indignum
649 1412 825 1468 facinus
845 1427 936 1463 esse,
961 1411 1200 1462 vociferari,
1219 1418 1377 1451 tantam
1398 1417 1538 1451 contu-

95 1469 257 1510 meliam
274 1470 622 1526 ignominiamque
639 1470 690 1510 ab
714 1470 970 1526 ignavissimo
1001 1468 1129 1523 accipi
1160 1469 1284 1508 hoste.
1346 1467 1537 1509 Etiamne

97 1526 490 1579 circumsedebimur,
513 1527 668 1583 inquit,
690 1527 732 1568 in
752 1527 909 1577 castris,
929 1524 1101 1582 utfame
1116 1525 1256 1579 potius
1269 1538 1345 1579 per
1366 1525 1539 1580 ignomi-

95 1584 224 1635 niam,
246 1598 367 1639 quam
383 1583 521 1639 ferro,
540 1584 574 1624 si
591 1599 740 1625 necesse
758 1590 828 1634 est,
843 1598 917 1638 per
945 1583 1146 1633 virtutem,
1166 1581 1388 1622 moriamur
1404 1581 1426 1621 ?
1456 1580 1538 1622 Dii

98 1639 193 1681 bene
220 1647 431 1692 verterent,
441 1639 725 1697 facerentque,
747 1640 854 1696 quod
881 1655 918 1680 se
949 1638 1116 1695 dignum
1145 1638 1309 1694 quisque
1337 1637 1539 1679 ducerent.

100 1695 313 1738 Consulem
330 1696 397 1738 Μ.
413 1697 592 1738 Atilium
610 1698 675 1739 vel
693 1699 835 1748 solum,
852 1697 886 1737 si
907 1711 1018 1737 nemo
1039 1695 1146 1736 alius
1165 1702 1366 1750 sequatur,
1385 1695 1539 1736 iturum.

98 1753 288 1795 adversus
323 1753 450 1795 hostes
463 1771 475 1795 :
521 1769 787 1810 casurumque
821 1754 926 1794 inter
960 1753 1076 1808 signa
1113 1751 1356 1792 Samnitium
1388 1751 1535 1806 potius,

97 1824 221 1865 quam
252 1810 558 1852 circumvallari
589 1819 723 1852 castra
752 1810 943 1851 Romana
977 1809 1130 1850 videat.
1190 1807 1321 1848 Dicta
1349 1808 1535 1849 consulis

97 1866 243 1923 legati,
266 1869 526 1923 tribunique,
549 1878 592 1909 et
615 1883 761 1909 omnes
793 1877 945 1908 turmae
975 1866 1183 1921 equitum,
1205 1876 1247 1905 et
1276 1869 1308 1890 ³⁸
1322 1866 1536 1906 centurio-

97 1938 171 1964 nes
194 1924 431 1980 primorum
462 1925 676 1976 ordinum,
699 1925 1003 1980 adprobavere.
1061 1921 1171 1963 Tum
1205 1923 1364 1977 pudore
1396 1921 1535 1962 victus

98 1981 220 2022 miles
242 1983 429 2037 segniter
450 1996 567 2023 arma
587 1983 716 2037 capit,
736 1982 922 2037 segniter
939 1980 1124 2021 ecastris
1143 1979 1382 2034 egreditur:
1402 1978 1534 2034 longo

97 2039 285 2093 agmine,
326 2054 404 2080 nec
436 2039 690 2090 continenti,
726 2039 871 2079 moesti
910 2052 958 2078 ac
997 2050 1127 2092 prope
1161 2036 1264 2076 victi
1299 2035 1536 2090 procedunt

97 2099 131 2123 ³⁹
145 2095 372 2137 adversus¹1
387 2096 579 2148 hostem,
602 2099 682 2138 fiee
703 2109 792 2151 spe,
814 2109 892 2136 nec
914 2094 1057 2134 animo
1080 2093 1319 2134 certiorem.
1381 2090 1534 2147 Itaque

680 2164 695 2184 ¹¹
718 2174 820 2194 versus
835 2165 933 2194 Gron-

97 2236 237 2262 tuentnr
275 2231 480 2272 Campanus,
510 2232 677 2271 Sigonius,
707 2240 793 2261 unus

100 2275 238 2306 Hem-nii
251 2275 366 2314 codex,
379 2282 413 2306 et
427 2275 492 2306 duo
505 2275 668 2312 enostris.
684 2274 793 2313 Vulgo

98 2328 176 2358 qua.
353 2345 357 2348 .

142 2365 182 2393 33
212 2361 380 2401 Proesectis
407 2360 576 2400 sociorum]
610 2361 684 2392 vid.
719 2367 790 2391 not.

100 2409 152 2438 89.
171 2405 211 2435 nd
228 2416 256 2435 c.
272 2406 361 2436 36.1.
377 2404 469 2436 vill.

142 2451 181 2479 34
205 2448 302 2490 ‚Quod
322 2449 411 2489 apud
434 2458 590 2489 quemque
598 2446 695 2487 facto
717 2457 793 2486 opus

98 2492 157 2532 est]
179 2493 288 2531 Magis
306 2492 451 2532 placeret
467 2491 550 2532 quod
563 2493 689 2531 cuique.

142 2539 182 2566 35
208 2536 283 2566 Nisi
308 2537 357 2566 illi
379 2540 477 2565 extra
502 2539 611 2565 castra
637 2533 788 2572 emissent]

97 2577 200 2608 vetus
212 2579 338 2618 Sigonii
354 2578 448 2615 liber,
464 2578 667 2608 assentiente
685 2587 752 2606 nno
775 2587 792 2606 e

99 2618 234 2658 nostris,
249 2623 310 2652 nisi
333 2623 395 2662 ipsi
405 2634 414 2651 .-
438 2621 526 2661 quod
543 2620 664 2661 placet.

142 2665 184 2696 36
206 2665 354 2696 Dubiam
379 2666 551 2696 victoriam
578 2663 654 2703 esse]
679 2662 793 2693 victo-

100 2708 182 2738 riam
210 2709 333 2747 sperari
360 2717 474 2749 posse:
508 2712 542 2737 at
566 2708 594 2737 si
621 2707 794 2746 quiescant

100 2751 256 2787 inermes,
272 2756 396 2782 certam
414 2751 588 2782 imminere
599 2750 792 2779 servitutem

86 2798 159 2824 'aut
174 2800 327 2825 mortem.

143 2841 180 2869 37
200 2836 267 2877 ‚Qui
282 2838 387 2869 nudus
401 2843 499 2878 atque
511 2836 655 2875 inermis]
672 2835 792 2867 Melius

160 2892 265 2919 VOL.
299 2894 332 2921 1.

837 2232 939 2260 iners.-
972 2228 1058 2267 quod
1087 2227 1211 2258 habent
1238 2226 1371 2265 quidam
1403 2226 1532 2265 scripti,

836 2277 922 2303 teste
939 2272 1115 2302 Gronovio.
1131 2273 1150 2288 *²
1164 2270 1290 2300 Nudus
1302 2269 1393 2299 enim
1410 2269 1464 2299 hic
1481 2270 1532 2298 in-

837 2316 943 2355 telligi
959 2315 1057 2345 debet
1072 2315 1216 2344 inermis.

879 2363 919 2391 38
949 2358 1150 2389 Centuriones
1165 2358 1347 2396 primorum
1361 2355 1525 2396 ordinum]
1556 2369 1561 2372 ·

837 2403 918 2440 Hos,
937 2402 991 2441 qui
1009 2405 1042 2431 et
1059 2409 1298 2438 nonnunquam
1320 2400 1422 2437 primi
1443 2399 1529 2428 ordi-

836 2456 891 2476 nes
929 2444 1153 2485 appellantur,
1191 2442 1350 2479 intelligit
1394 2443 1527 2481 Lipsius

840 2489 1067 2528 Primopilum,
1084 2487 1228 2526 primum
1246 2485 1445 2524 Principem,
1459 2486 1527 2524 pri-

837 2543 928 2563 mum
969 2531 1149 2561 Hastatum
1167 2542 1172 2558 z
1212 2529 1277 2558 sive
1316 2529 1526 2558 centuriones

838 2576 934 2616 primi
950 2575 1154 2605 Triariorum
1168 2572 1304 2608 ordinis,
1319 2572 1416 2611 primi
1433 2571 1528 2601 Prin-

837 2620 963 2658 cipum,
981 2618 1078 2658 primi
1095 2617 1323 2646 Hastatorum.
1370 2615 1457 2645 Eum
1474 2614 1526 2644 adi

837 2663 860 2693 l.
878 2663 921 2692 11.
940 2662 979 2691 de
997 2660 1095 2691 Milit.
1110 2659 1206 2690 Rom.
1222 2657 1345 2699 diahe.

883 2709 923 2739 39
947 2705 1109 2735 Adversus
1138 2700 1269 2740 hostem]
1303 2701 1355 2730 Sic
1386 2701 1527 2740 Campa-

838 2758 913 2783 nus,
928 2747 1086 2783 Andreas,
1103 2745 1269 2785 Sigonius,
1284 2748 1317 2773 et
1340 2753 1394 2775 sex
1419 2755 1435 2774 e
1453 2752 1526 2774 nos-

838 2795 910 2822 tris.
955 2790 1063 2830 X'nlgo
1080 2797 1188 2820 versus
1201 2790 1328 2818 hostem.

871 2891 948 2930 <213
