1925 3239
551 129 672 171 ΜΒ.
698 128 769 172 lx.
807 132 934 170 cAP.
962 109 1033 170 x'l.
1444 135 1518 174 509

149 228 235 271 XI.
265 229 375 272 Tum
398 230 595 282 Pontius,
619 229 702 271 Nec
722 245 792 286 ego
812 230 928 271 istam
959 229 1195 270 deditionem
1224 229 1431 285 accipiam,
1457 232 1519 271 in-
1534 241 1574 272 U.
1592 241 1627 272 C.
1644 241 1719 273 4:34.

92 287 200 340 quit,
221 301 288 328 nec
311 287 509 329 Samnites
530 295 663 328 ratam
683 287 899 328 habebunt.
963 286 1072 340 Quin
1092 294 1149 337 tu,
1174 286 1244 341 Sp.
1269 286 1466 338 Postumi,
1487 288 1521 328 si
1534 287 1569 315 A.
1589 285 1716 334 023¹&

96 340 206 383 Deos
225 358 302 384 esse
322 358 461 395 censes,
483 352 554 385 aut
575 344 708 385 omnia
729 345 854 384 irrita
870 342 1001 399 facis,
1023 349 1095 382 aut
1116 353 1237 397 pacto
1258 342 1372 384 stas‘?
1404 347 1519 384 Sam-
1532 330 1712 410 {53:303ss

93 398 171 440 niti
187 400 339 455 populo
361 415 502 451 omneS,
524 415 620 456 qnos
641 401 685 440 in
702 407 894 454 potestate
913 399 1068 448 habuit,
1089 407 1159 439 aut
1176 413 1253 453 pro
1275 400 1327 440 eis
1352 415 1435 454 pax
1455 402 1520 441 (le—
1533 415 1719 443 deditionem

97 454 228 496 betur.
271 456 352 498 Sed
371 457 470 513 quid
490 471 559 512 ego
580 464 617 497 te
636 457 808 510 adpello,
831 456 901 511 qui
923 463 958 496 te
977 463 1135 510 captum
1157 457 1312 506 victori,
1335 471 1421 496 cum
1443 473 1520 511 qua
1533 458 1641 487 oratio,

87 519 199 566 potes
221 512 325 566 fide,
355 514 534 554 restituis
553 512 574 553 5?
616 512 822 567 Populum
853 511 1083 552 Romanum
1113 512 1294 567 adpell05
1336 527 1450 567 quem
1489 515 1523 554 si

93 569 311 622 sponsionis
331 570 386 610 ad
402 569 600 610 Furculas
624 568 833 613 Caudinas
848 567 979 624 factu:
996 568 1172 623 paenitet,
1195 569 1378 609 restituat
1399 569 1523 625 legio-

93 639 158 665 ·nes
176 626 285 666 intra
304 626 463 676 saltum,
476 640 552 681 quo
568 625 873 681 septaefuerunt.
914 624 1040 665 Nemo
1059 639 1291 680 quemqnam
1308 625 1524 680 deceperit:

94 683 227 722 omnia
243 697 318 737 pro
335 682 480 739 intecto
499 683 602 724 sint.-
632 683 828 736 recipiant
847 696 976 732 arma,
999 696 1085 737 qucc
1103 697 1180 735 per
1196 683 1418 736 pactionem
1439 690 1524 724 tra-

93 737 303 779 diderunt:
343 739 504 780 redeant
533 740 576 779 in
606 745 738 779 castra
771 753 858 779 sua.
891 738 1093 793 quidquid
1114 739 1252 793 pridie
1281 738 1521 791 habuerunt,

96 808 217 849 quam
236 797 279 836 in
299 796 551 851 conloquium
570 803 625 836 est
645 803 818 845 ventum,
839 794 1024 835 habeant.
1047 801 1132 834 tum
1156 795 1299 835 bellum
1330 803 1366 836 et
1380 796 1522 851 sortia

94 851 262 892 consilia
276 853 478 906 placeant,
500 859 592 893 tunc
613 853 770 907 spons-io
792 859 830 892 et
844 866 930 906 par
952 851 1196 905 repudietur.
1256 851 1322 892 Ea
1330 851 1524 908 fortuna,

95 907 147 949 iis
167 907 278 960 locis,
300 923 393 964 quae
413 915 505 949 ante
517 909 636 964 pacis
654 909 885 949 mentionem
906 907 1130 959 habuimus,
1147 923 1335 963 geramus
1357 910 1523 951 bellum:-

95 979 162 1005 nec
176 966 350 1019 populus
371 964 579 1007 Romanus
599 966 802 1006 consulum
820 965 1077 1019 sponsionem,
1094 980 1161 1005 nec
1177 965 1376 1018 nosfidem
1391 981 1522 1021 popu-

93 1019 124 1062 li
154 1020 333 1063 Romani
362 1037 597 1064 accusemus.
657 1021 937 1077 Numquamne
966 1036 1102 1062 caussa
1132 1022 1303 1076 ³⁵defiet,
1325 1037 1395 1062 cur
1425 1025 1522 1064 victi

85 1085 208 1132 pacto
229 1093 307 1120 non
327 1078 472 1120 stetis?
506 1078 674 1120 Obsides
697 1078 882 1119 Porsence
902 1077 1063 1118 dedistis
1076 1095 1089 1127 ,·
1104 1077 1229 1136 fiii-to
1258 1093 1320 1119 eos
1347 1080 1523 1120 subdur-

92 1134 208 1176 istis:
237 1150 338 1177 auro
368 1136 576 1176 civitatem
605 1149 630 1175 a
663 1133 799 1175 Gallis
838 1134 1076 1183 redemistis;
1116 1135 1220 1176 inter
1248 1135 1523 1188 accipiendum

93 1205 240 1233 aurum
258 1193 347 1233 caesi
365 1199 481 1233 sunt:
506 1206 644 1247 pacem
665 1192 867 1233 nobiscum
890 1192 1120 1247 pepigistis,
1142 1198 1187 1232 ut
1217 1190 1385 1246 legiones
1413 1193 1523 1234 vobis

93 1254 230 1303 captas
251 1249 567 1296 restitueremus3
597 1263 683 1290 eam
696 1263 836 1303 pacem
858 1248 1018 1288 irritam
1034 1246 1199 1302 facitis,
1220 1255 1254 1288 et
1278 1263 1424 1302 semper
1443 1250 1523 1290 ali-

92 1319 212 1360 quam
218 1304 375 1361 fraudi
395 1306 557 1360 speciem
563 1305 678 1360 juris
698 1305 901 1359 inponitis.
962 1303 1057 1344 Non.
1080 1305 1228 1358 probat
1240 1305 1412 1359 populus
1434 1305 1522 1346 Ro-

90 1375 233 1402 manus
253 1362 516 1418 ignominiosa
533 1376 633 1416 pace
653 1361 823 1417 legiones
844 1359 1055 1401 servatas?
1074 1363 1106 1394 ³⁶
1114 1375 1255 1414 pacem
1266 1362 1343 1401 sibi
1363 1361 1522 1415 liabeat,

91 1416 265 1474 legiones
293 1425 435 1473 captas
462 1419 606 1460 victori
635 1419 840 1459 restituat:
871 1416 1061 1470 lzocfide,
1089 1417 1160 1458 lioc
1175 1417 1421 1473 foederibus,
1450 1419 1522 1460 ltoc

79 1473 304 1530 fecialibus
324 1476 552 1515 ceremoniis
571 1475 737 1530 dignum
754 1482 854 1515 erat.
912 1473 968 1513 Ut
986 1481 1029 1514 tu
1051 1474 1224 1528 quidem,
1246 1475 1355 1529 quod
1367 1476 1522 1529 petisti,

86 1545 164 1585 per
188 1531 413 1586 pactionem
433 1532 595 1582 habeas,
616 1538 672 1572 tot
703 1532 803 1572 cives
823 1530 1058 1578 ineolumes5
1087 1545 1156 1586 ego
1180 1546 1335 1584 pacem,
1355 1538 1385 1560 ³⁷
1401 1547 1523 1586 qaam

93 1587 195 1629 lzosti
213 1588 291 1628 tibi
312 1588 547 1629 remittendo
559 1595 706 1642 pactus
726 1603 826 1637 sum,
847 1602 926 1627 non
947 1587 1138 1628 habeam.-
1169 1587 1239 1627 lioc
1260 1595 1318 1638 tu,
1341 1588 1398 1629 A.
1420 1588 1523 1629 Cor-

95 1644 190 1695 neli,
210 1645 280 1685 hoc
308 1659 391 1695 vos,
396 1644 588 1701 feciales,
611 1645 726 1700 juris
751 1644 940 1700 gentibus
969 1643 1139 1684 dicitis?
1170 1644 1261 1699 Ego
1293 1659 1384 1685 vero
1417 1646 1524 1696 istos,

96 1716 194 1757 quos
212 1701 304 1742 dedi
323 1702 540 1752 simulatis,
562 1716 628 1742 nec
649 1701 815 1755 accipio,
837 1715 904 1741 nec
930 1700 1022 1740 dedi
1043 1700 1252 1749 arbitror,-
1282 1716 1348 1741 nec
1377 1716 1524 1754 moror,

95 1772 174 1814 quo
194 1759 325 1798 minus
346 1758 388 1799 in
407 1758 613 1800 civitatem
642 1758 865 1814 obligatam
886 1763 918 1784 ³⁸
931 1757 1135 1812 sponsione
1163 1758 1382 1808 commissa,
1405 1758 1525 1799 iratis

95 1814 276 1855 omnibus
297 1814 409 1864 Diis,
429 1829 599 1871 quorum
619 1814 793 1855 eluditur
813 1828 968 1863 numen,
990 1813 1164 1854 redeant.
1206 1812 1347 1855 Get-ite
1364 1814 1525 1867 bellurn,

96 1871 256 1927 quando
289 1870 362 1925 Sp.
383 1870 619 1912 Postumius
647 1871 760 1911 modo
792 1870 969 1926 legatum
985 1870 1179 1925 Jecialem
1205 1885 1310 1926 genu
1333 1871 1524 1924 perculit.

101 1927 172 1968 Itu
193 1927 274 1968 Dii
300 1927 471 1978 credent,
493 1927 716 1968 Samnitem
746 1928 869 1968 civem
893 1926 1163 1977 Postumium,
1185 1942 1262 1967 non
1283 1928 1406 1968 civem
1437 1927 1525 1968 Ro-

99 1998 262 2025 manum
278 1998 367 2034 esse,
385 1991 421 2025 et
441 1998 466 2025 u
490 1984 672 2025 Samnite
689 1984 861 2040 legatum
879 1982 1106 2024 Romanum
1122 1983 1335 2024 violatum.
1352 1998 1395 2024 eo
1415 1985 1526 2025 vobis

84 2041 246 2096 justum
266 2041 310 2080 in
330 2055 398 2081 nos
405 2039 571 2097 factum
588 2054 666 2081 esse
683 2040 843 2081 bellum.
877 2039 976 2080 Hiec
994 2039 1173 2080 ludibria
1193 2039 1430 2095 religionum
1449 2056 1526 2081 non

92 2093 247 2152 pudere
267 2098 310 2138 in
332 2096 455 2138 lucem
469 2096 686 2153 proferre?
715 2104 751 2138 et
772 2097 840 2138 vix
865 2097 1002 2151 pueris
1034 2096 1176 2152 dignas
1207 2098 1393 2153 unzbages
1421 2112 1527 2138 senes

143 2235 346 2276 35⁴⁵Defi'et]
363 2237 491 2267 Deerit.
514 2236 540 2267 Α
557 2236 655 2266 verbo
671 2236 793 2276 defini,

101 2275 191 2320 ὶῖςίίο.
236 2285 260 2317 †
271 2281 422 2319 Sigonius
459 2280 622 2310 mames-at
660 2280 794 2319 deficiet.

103 2324 168 2354 Sed
197 2324 311 2363 primae
336 2322 517 2363 reditiones,
546 2323 794 2362 antiquissimus

101 2367 266 2406 regiorum
283 2366 448 2403 codicum,
461 2366 666 2403 Thuanaeus,
681 2370 716 2395 et.
730 2365 795 2395 duo

100 2419 118 2440 e
146 2409 376 2447 Gronuvianis,
399 2409 511 2449 defiet.-
534 2409 632 2447 idque
654 2409 796 2448 probum

101 2458 163 2483 est.
207 2451 391 2482 Gronovius
430 2451 583 2491 exempla
618 2451 741 2490 allegat
777 2462 795 2481 e

102 2495 236 2526 Plauto:
253 2494 451 2525 Menaechm.
467 2496 542 2525 Act.
559 2494 586 2524 1.
602 2495 654 2524 Sc.
670 2497 701 2524 4.
726 2494 796 2525 [Ve-

99 2548 160 2578 que
173 2539 285 2578 defiat,
308 2548 406 2578 neque
426 2539 585 2578 supersit.-
607 2537 694 2568 Rud.
716 2537 790 2568 Act.

99 2581 157 2620 ιν.
173 2591 219 2612 sc.
235 2585 266 2612 4.
284 2591 314 2612 v.
330 2581 380 2612 63.
404 2585 442 2611 ut
455 2580 554 2620 defiat
569 2581 644 2610 dies.

144 2625 187 2656 36
210 2624 332 2655 Pacem
347 2625 405 2655 sibi
420 2623 548 2662 habeat]
569 2624 649 2653 Haee
672 2632 790 2662 par-um

102 2667 350 2699 accommodate
365 2667 407 2697 ad
423 2677 493 2697 rem
508 2670 705 2707 praesentem
720 2665 788 2695 die-

102 2716 140 2742 ta
155 2710 319 2741 videntur.
365 2710 402 2741 ld
418 2711 506 2740 enim
525 2710 661 2740 Pontius
684 2708 793 2739 defert

102 2752 274 2791 Romanis,
297 2753 384 2792 quod
407 2753 638 2794 repudiabant,
654 2751 741 2790 quod
763 2755 791 2782 si

102 2800 311 2836 praestarent,
320 2797 393 2835 jam
409 2795 599 2827 nullomodo
611 2795 650 2825 ab
663 2795 702 2824 iis
715 2803 791 2834 pos-

103 2838 204 2870 talari
218 2843 357 2881 poterat,
370 2845 408 2871 ut
421 2839 567 2880 legiones
578 2842 685 2879 captae
699 2837 790 2869 Sam·

839 2236 964 2266 nitibus
978 2236 1246 2267 restituerentur.
1283 2236 1466 2268 Gronovius
1482 2237 1529 2268 le—

839 2280 904 2318 git:
933 2279 1055 2309 Pacem
1070 2289 1110 2309 ne
1127 2281 1249 2310 habeut.

882 2325 921 2356 37
946 2322 1057 2362 „Quam
1073 2325 1150 2352 hosti
1165 2324 1222 2353 tibi
1242 2324 1442 2364 remittendo]
1468 2325 1530 2355 Ni-

839 2364 887 2395 hil
918 2365 983 2394 huc
1012 2365 1093 2395 facit
1122 2376 1182 2396 vox
1205 2368 1294 2396 hosti.

839 2408 1020 2439 Gronovio:
1052 2418 1149 2448 quam
1179 2411 1230 2439 hos
1255 2410 1312 2439 eibi
1338 2411 1530 2442 remittendo

832 2456 952 2491 paetus
972 2461 1054 2481 sum.
1096 2452 1243 2482 Pit-mant
1266 2453 1336 2491 ejus
1360 2455 1531 2492 conjectu·

838 2504 909 2524 ram
949 2494 1136 2534 Campanus
1166 2500 1201 2525 et
1236 2504 1322 2526 unus
1358 2506 1398 2526 ex
1435 2498 1528 2528 MSS.

838 2535 990 2567 Hearnii.

855 2583 896 2611 33
915 2580 1086 2619 Sponsione
1095 2580 1274 2620 commissa]
1291 2581 1361 2613 Com
1367 2583 1452 2612 mitti
1461 2592 1532 2613 ver-

833 2622 912 2653 bum
930 2623 1242 2662 jurisconsultorum
1259 2631 1322 2663 est,
1339 2625 1426 2664 apud
1449 2635 1529 2664 quos

832 2667 988 2696 committi
1004 2675 1101 2705 poena
1118 2666 1250 2705 dicitur,
1267 2678 1340 2707 quae
1363 2668 1502 2698 debetur
1518 2680 1528 2706 ;

835 2709 992 2739 committi
1005 2710 1182 2749 stipulatio,
1200 2720 1272 2749 quae
1289 2708 1400 2741 locum
1424 2718 1457 2740 et
1480 2711 1531 2740 ef-

835 2751 962 2782 fectum
980 2752 1091 2791 habet,
1108 2753 1156 2783 ita
1172 2758 1209 2784 ut
1226 2764 1264 2784 ex
1282 2764 1321 2785 ea
1335 2754 1458 2794 aliquid
1476 2753 1531 2785 de—

837 2795 966 2826 beatur.

1338 2367 1426 2406 Lege
1451 2378 1528 2398 eum
1546 2376 1551 2379 ·
