1925 3239
139 229 181 259 c.
199 230 235 259 c.
251 232 325 264 459.

139 271 176 308 Α.
197 273 234 303 c.
251 274 326 311 ‘293-

128 1873 274 1901 Etrusco.

125 1924 194 1944 rum
213 1918 310 1946 rebel.

125 1959 175 1989 lio.

353 118 428 152 604
925 117 1060 157 TITI
1098 119 1273 158 LIVII

355 226 427 258 tua
447 217 663 272 legionum
687 233 860 274 suaque,
881 228 1018 260 castra
1039 220 1317 275 conjunxere.
1355 220 1404 262 In
1426 231 1655 277 conspectu
1677 222 1784 263 duo-

354 288 444 315 rum
469 276 731 315 exercituum
756 286 798 316 et
821 275 1032 317 Carvilius
1055 291 1152 317 suos
1175 291 1249 332 pro
1270 277 1477 332 cujusque
1509 279 1659 319 merito
1691 278 1780 319 lau-

353 331 472 370 davit
493 331 776 386 donavitque3
798 342 838 372 et
864 332 1074 388 Papirius,
1094 334 1205 388 apud
1229 348 1353 387 quem
1372 334 1594 390 multiplex
1616 335 1657 375 in
1678 335 1784 385 acie,

351 388 465 428 circa
494 398 645 439 castra,
676 390 789 430 circa
820 390 980 438 urbem,
1012 389 1149 430 fuerat
1189 400 1418 440 certamen,
1450 391 1524 445 Sp.
1559 390 1782 442 Nautium,

354 443 428 498 Sp.
455 443 687 498 Papirium,
719 445 856 485 fratris
889 446 1039 495 filiurn,
1061 457 1103 487 et
1135 457 1315 500 quatuor
1342 447 1628 497 centuriones,
1652 447 1784 487 mani-

354 500 584 555 pulumque
618 501 895 550 hastatorum,
917 502 1088 542 armillis
1122 504 1344 558 aureisque
1376 504 1546 545 coronis
1578 503 1780 545 donavit:

350 557 560 598 Nautium
583 568 756 612 propter
789 558 1122 612 expeditionem,
1146 574 1230 614 qua
1260 561 1402 615 magni
1437 561 1622 616 agminis
1652 559 1782 601 modo

352 621 556 654 terruerat
580 615 740 656 hostes:
768 615 970 668 juvenem
998 615 1215 670 Papirium
1249 628 1422 671 propter
1454 627 1650 657 navatam
1682 630 1782 658 cum

350 671 539 724 equitatu
564 680 605 711 et
628 673 667 711 in
695 673 847 726 proelio
868 677 1058 727 operam,
1080 683 1122 712 et
1144 684 1283 723 nocte,
1306 688 1387 728 qua
1409 673 1555 728 fugam
1580 672 1779 715 infestam

352 726 615 768 Samnitibus
639 729 692 768 ab
713 727 942 782 Aquilonia
964 728 1072 769 clam
1095 730 1271 783 egressis
1303 730 1429 771 fecit:
1466 729 1783 770 ⁷⁵centuriones

351 783 605 838 militesque,
624 785 721 839 quia
746 785 869 840 primi
894 794 1056 840 portam
1093 800 1344 840 murumque
1377 786 1622 841 Aquiloniae
1655 800 1780 841 cepe-

348 849 457 881 rant.
478 841 641 895 equites
663 856 822 892 omnes,
845 843 900 882 ob
924 843 1131 898 insignem
1155 843 1294 883 multis
1315 842 1416 883 locis
1435 857 1622 898 operam,
1643 844 1779 883 7‘³cor-

347 895 500 937 niculis
522 898 780 952 armillisque
810 899 1020 953 argenteis
1052 899 1196 939 donat.
1258 899 1494 940 Consilium
1530 899 1627 940 inde
1660 899 1781 940 habi-

348 962 455 1004 tum,
476 968 602 1008 quum
621 955 711 1010 jam
738 965 904 1009 tempus
926 966 1034 995 esset
1057 956 1289 996 deducendi
1325 957 1379 996 ab
1412 956 1585 996 Samnio
1618 957 1780 997 exerci-

347 1018 430 1060 tuS,
451 1020 526 1051 aut
549 1014 779 1066 utriusque,
802 1022 873 1051 aut
895 1021 1007 1052 certe.
1029 1012 1212 1052 alterius
1275 1013 1497 1068 Optimum
1521 1013 1672 1062 visum,
1693 1027 1779 1067 quo

345 1067 484 1121 magis
507 1066 653 1109 fracta:
679 1083 740 1108 res
764 1069 1016 1109 Samnitium
1038 1079 1192 1118 essent,
1213 1084 1264 1109 eo
1287 1069 1543 1124 pertinacius
1575 1079 1618 1110 et
1650 1068 1779 1110 infes-

347 1123 429 1163 tius
451 1138 577 1178 agere
595 1136 735 1165 cetera
755 1136 796 1165 et
819 1126 1034 1180 persequi:
1067 1136 1113 1166 ut
1148 1126 1428 1181 perdomitum
1462 1125 1682 1166 Samnium
1716 1126 1780 1166 in-

348 1181 618 1234 sequentibus
641 1182 886 1223 consulibus
905 1183 1012 1225 tradi
1036 1192 1190 1237 posset.
1242 1182 1531 1237 Quandojam
1554 1181 1691 1222 nullus
1713 1196 1778 1222 es-

346 1246 408 1276 set
431 1237 615 1278 hostium
637 1239 864 1288 exercitus,
887 1240 957 1293 qui
983 1240 1114 1293 signis
1136 1239 1316 1280 conlatis
1347 1240 1624 1280 dimicaturus
1658 1238 1778 1279 vide-

344 1302 473 1344 retur,
504 1309 632 1335 unum
665 1310 879 1350 superesse
915 1296 1007 1336 belli
1042 1311 1188 1352 genus,
1209 1296 1376 1336 urbium
1407 1295 1776 1351 obpugnationes3

344 1365 519 1404 quarum
555 1366 628 1407 per
658 1353 825 1393 excidia
859 1353 1034 1392 militem
1070 1353 1326 1409 locupletare
1357 1353 1514 1408 praeda,
1534 1361 1578 1392 et
1607 1351 1774 1393 hostem

342 1420 421 1460 pro
443 1409 524 1448 aris
547 1424 595 1449 ac
618 1408 724 1449 focis
746 1410 1017 1450 dimicantem
1043 1410 1254 1450 conficere
1290 1418 1474 1465 possent.
1535 1408 1699 1464 Itaque,
1723 1408 1774 1448 li·

341 1464 441 1505 teris
463 1465 600 1506 missis
619 1467 669 1506 ad
695 1476 884 1506 senatum
907 1467 1191 1522 populumque
1213 1466 1453 1507 Romanum
1484 1465 1536 1506 de
1566 1467 1688 1506 rebus
1718 1465 1774 1505 ab

341 1535 385 1560 se
407 1522 552 1576 gestis,
575 1523 744 1573 diversi,
770 1523 961 1578 Papirius
984 1525 1035 1563 ad
1068 1524 1303 1579 Saepinum,
1327 1522 1536 1564 Carvilius
1566 1522 1619 1563 ad
1644 1520 1772 1563 Vola-

340 1591 439 1618 nam
463 1579 793 1635 obpugnandam
817 1579 1004 1635 legiones
1028 1581 1200 1621 ducunt.

400 1634 542 1677 XLV.
577 1636 730 1678 Literae
751 1637 968 1677 consulum
993 1637 1155 1692 ingenti
1179 1637 1329 1678 laetitia
1353 1645 1396 1677 et
1427 1635 1470 1677 in
1503 1635 1620 1677 curia
1650 1643 1693 1676 et
1725 1636 1769 1679 in

341 1692 548 1732 concione
570 1694 753 1744 auditam
783 1704 825 1734 et
846 1694 1056 1748 quatridui
1080 1694 1391 1749 supplicatione
1423 1692 1638 1748 publicum
1664 1706 1769 1748 gau-

340 1747 456 1788 dium
491 1749 663 1804 privatis
695 1751 844 1790 studiis
877 1751 1134 1792 celebratum
1168 1761 1244 1791 est.
1268 1765 1345 1791 nec
1379 1749 1536 1805 populo
1570 1749 1770 1790 Romano

339 1818 497 1861 magna
538 1806 689 1857 solum,
720 1808 789 1847 sed
834 1817 1149 1863 peropportuna
1190 1808 1332 1857 etiam,
1363 1821 1413 1847 ea
1442 1806 1620 1846 victoria
1660 1805 1769 1856 fuit;

338 1863 437 1915 quia
459 1877 531 1917 per
554 1863 664 1903 idem
688 1863 797 1905 forte
820 1875 985 1919 tempus
1008 1864 1228 1905 rebellasse
1251 1863 1451 1905 Etruscos
1473 1862 1655 1903 adlatum
1688 1872 1767 1903 est.

339 1919 522 1960 Subibat
540 1920 746 1975 cogitatio
767 1922 969 1967 animum,
991 1935 1172 1975 quonam
1206 1921 1332 1961 modo
1365 1919 1593 1960 tolerabilis
1625 1917 1769 1960 futura

339 1974 510 2017 Etruria
530 1977 692 2026 fuisset,
714 1982 744 2003 ⁷⁷
761 1978 792 2017 si
816 1978 916 2032 quid
951 1979 989 2018 in
1025 1978 1199 2019 Samnio
1232 1977 1393 2018 adversi
1417 1977 1623 2026 venisset3
1654 1989 1773 2030 quae,

335 2032 631 2087 conjuratione
672 2036 925 2075 samnitium
969 2046 1122 2084 erecta,
1163 2035 1361 2089 quoniam
1405 2033 1531 2073 ambo
1572 2032 1767 2074 consules

335 2090 556 2144 omnisque
584 2090 776 2132 Romana
800 2091 860 2131 vis
881 2106 1022 2132 aversa
1050 2093 1090 2132 in
1125 2092 1342 2132 Samnium
1375 2100 1499 2140 esset,
1518 2089 1766 2144 occupatio-

334 2160 432 2187 nem
476 2148 617 2202 populi
684 2148 845 2188 'tomani
891 2163 964 2203 pro
1000 2149 1223 2189 occasione
1263 2147 1489 2188 rebellandi
1532 2146 1764 2186 habuisset.

338 2203 593 2258 Legationes
614 2204 838 2254 sociorum,
861 2220 884 2245 a
907 2205 973 2245 M.
995 2205 1129 2246 Atilio
1150 2214 1330 2260 praetore
1353 2205 1391 2244 in
1416 2214 1608 2244 senatum
1633 2202 1765 2243 intro-

336 2261 491 2309 ductae,
513 2263 808 2314 querebantur,
827 2263 885 2302 uri
911 2273 954 2302 ct
978 2263 1128 2303 vastari
1152 2276 1276 2318 agros
1299 2277 1322 2301 a
1341 2260 1534 2301 finitimis
1561 2259 1764 2309 Etruscis,

337 2318 446 2371 quod
472 2317 702 2359 desciscere
728 2335 752 2361 a
783 2319 938 2374 populo
971 2319 1168 2360 Romano
1202 2318 1387 2360 nollent:
1419 2317 1763 2358 obtestabantur-

336 2388 416 2426 que
442 2373 585 2415 Patres
607 2375 887 2430 conscriptos,
911 2386 954 2415 ut
974 2390 1016 2416 se
1038 2392 1061 2416 a
1084 2377 1123 2416 vi
1147 2385 1270 2429 atque
1293 2374 1447 2429 injuria
1472 2373 1761 2416 communium

336 2430 517 2473 hostium
545 2442 788 2472 tutarentur.
851 2432 1114 2488 Responsum
1141 2432 1305 2488 legatis,
1326 2445 1436 2473 curae
1457 2429 1615 2472 senatui
1630 2427 1760 2485 fitca-

378 2537 417 2565 77»
447 2534 648 2564 (manv-iones
666 2533 852 2573 militesque]
871 2535 1022 2573 Quattuor
1067 2544 1169 2564 nuum
1195 2543 1261 2563 non
1286 2533 1489 2570 abludentia,
1506 2541 1578 2571 quae
1595 2532 1628 2561 in
1644 2530 1759 2570 cupiti-

336 2578 557 2613 centuriones,
607 2578 880 2616 manipulumqm·
930 2579 1021 2607 illum
1068 2580 1126 2607 bus
1144 2577 1302 2614 gestanda
1320 2577 1478 2606 militibus
1497 2577 1534 2606 iis
1550 2576 1604 2613 qui
1622 2580 1757 2604 strenue

336 2620 562 2656 natator-um,
579 2621 617 2650 (ἔρ
635 2622 750 2660 quibus
778 2620 872 2649 mmlu
899 2622 1024 2650 uit-nti«)
1070 2621 1191 2659 aliquid
1217 2622 1373 2660 egissent,
1401 2620 1440 2650 ab
1469 2620 1668 2659 imperatore
1701 2618 1756 2648 da-

337 2663 422 2692 llrvta
440 2670 500 2691 cst.
1071 2670 1195 2694 rvntur.

379 2708 418 2739 7⁶
447 2707 637 2744 (mammam
672 2708 788 2736 Parum
821 2711 948 2736 constat
981 2707 1020 2736 «lv
1108 2712 1143 2741 ’,ῖ
1178 2708 1213 2737 Si
1244 2707 1323 2746 qnid
1355 2725 1426 2739 ....
1450 2706 1575 2736 adversi
1605 2706 1752 2746 venisset]

335 2749 430 2786 hujus
458 2751 542 2779 vovis
572 2760 679 2779 stusu.
727 2751 944 2786 &aq-imnum·
972 2750 1019 2779 iu-
1066 2751 1141 2781 Duo
1158 2761 1173 2780 c
1193 2752 1311 2780 uostris
1335 2750 1427 2780 codd.
1445 2758 1520 2778 cum
1547 2759 1615 2778 uno
1639 2759 1656 2778 e
1673 2749 1756 2779 Gro-

335 2798 494 2831 tvrprvtm>
513 2800 707 2823 urrunnu-nra
736 2795 834 2822 l‘njssu·
853 2793 1021 2829 militaria,
1067 2795 1224 2828 momnis,
1249 2797 1407 2824 evenisset.
1454 2792 1527 2823 Vid.
1554 2797 1625 2822 not.
1641 2795 1691 2826 39.
1713 2791 1755 2822 ad

334 2843 491 2875 argvutca
522 2836 569 2865 rvl
602 2847 712 2867 auria.
744 2838 782 2865 .‹.l»
819 2838 922 2876 ligura
955 2847 1021 2866 vor·
1070 2837 1320 2877 tx.1¹2.supra.
