1914 3239
613 133 797 174 LIB.1.
835 133 968 171 CAP.
997 134 1044 169 v.
1521 139 1566 175 Η

114 248 289 279 cursum
313 233 680 290 poterat‘amnis3
719 240 779 282 et,
812 245 939 288 posse
972 230 1169 286 quamvis
1196 231 1403 287 languida
1431 234 1570 289 mergi

117 307 230 347 aqua
247 290 452 341 infantes,
475 304 594 346 spem
618 288 857 330 ferentibus
881 288 1034 329 dabat:
1068 289 1130 329 ita
1153 288 1268 329 velut
1286 288 1480 331 defuncti
1506 305 1572 333 re-

119 350 188 405 gis
206 348 406 403 imperio,
429 348 470 388 in
496 345 695 401 proxima
718 344 902 394 adluvie,
921 347 952 367 ‘²⁸
970 345 1042 385 ubi
1063 359 1177 385 nunc
1198 345 1303 386 ficus
1327 344 1571 386 Ruminalis

119 413 201 456 est,
221 404 525 456 (Romularem
550 411 747 443 vocatam
772 400 936 450 ferunt)
961 415 1115 456 pueros
1137 411 1381 457 exponunt.
1422 401 1570 443 Vastae

123 469 215 503 tum
240 462 283 502 in
307 461 359 501 iis
391 459 497 500 locis
520 458 773 500 solitudines
795 466 934 505 erant.
995 457 1134 498 Tenet
1165 458 1295 509 fama,
1314 473 1445 512 quum
1474 459 1570 498 flui-

121 526 286 559 tantem
325 516 509 566 alveum,
543 530 628 570 quo
661 515 852 570 expositi
885 524 1007 554 erant
1041 515 1176 570 pueri,
1204 516 1343 555 tenuis
1383 515 1423 555 in
1455 515 1571 556 sicco

120 589 235 629 aqua
263 572 543 621 destituisset,
576 572 720 626 lupam
759 571 977 611 sitientem
1002 585 1056 611 ex
1092 572 1328 621 montilum,
1351 571 1424 625 qni
1458 572 1574 612 circa

123 639 238 680 sunt,
259 629 312 670 ad
340 628 544 683 puerilem
570 629 766 682 vagitum
789 641 962 667 cursum
992 627 1190 668 flexisse:
1223 642 1314 668 eam
1338 628 1571 667 submissas

121 686 362 727 infantibus
393 685 499 725 adeo
531 685 679 725 mitem
714 684 949 739 praebuisse
982 698 1204 733 mammas,
1225 694 1272 724 ut
1296 684 1446 739 lingua
1468 684 1569 724 lam-

121 744 296 784 bentem
321 755 476 797 pueros
502 741 710 796 magister
738 740 844 796 regii
874 741 1040 794 peeoris
1076 742 1302 781 invenerit.

1365 741 1570 781 Faustulo
1585 747 1739 778 Educatio
1756 751 1789 778 et

121 799 253 841 fuisse
276 812 433 839 nomen
457 798 615 838 ferunt.
650 797 720 837 Ab
744 812 796 837 eo
819 798 871 837 ad
894 797 1062 838 stabula
1087 798 1300 838 Larentiae
1320 799 1448 838 uxori
1469 791 1761 864 edu-adolescen-

120 856 281 897 candos
305 855 431 895 latos.
472 855 598 904 Sunt,
622 855 694 908 qui
722 854 983 901 Larentiam,
1003 854 1182 909 vulgato
1206 869 1403 910 corpore,
1427 854 1573 909 lupam

122 913 234 954 inter
257 923 448 966 pastores
473 921 670 951 vocatam
696 920 870 966 putent3
903 911 1003 951 inde
1022 910 1164 951 locum
1189 910 1348 952 fabulae
1371 926 1422 951 ac
1447 912 1574 951 mira·

119 968 218 1010 culo
240 969 405 1009 datum.
428 970 460 994 2⁹
480 967 549 1008 Ita
565 969 718 1022 geniti,
739 967 907 1022 itaque⁰
925 967 1114 1017 educati,
1135 981 1268 1022 quum
1295 968 1481 1023 primum
1500 968 1576 1008 ad-

119 1025 255 1067 olevit
275 1034 396 1075 aetas,
418 1038 499 1065 nec
522 1025 564 1064 in
589 1024 786 1072 stabulis,
811 1038 888 1064 nec
918 1023 971 1064 ad
995 1038 1152 1079 pecora
1176 1038 1345 1079 segnes,
1378 1024 1574 1065 venando

121 1096 349 1138 peragrare
376 1084 409 1104 ³⁰
422 1081 537 1122 circa
554 1081 701 1122 saltus.
737 1079 871 1131 Hinc,
890 1081 1044 1121 robore
1060 1082 1318 1136 corporibus
1335 1081 1577 1136 animisque

124 1138 395 1193 sumto,jam
431 1152 518 1178 non
554 1137 664 1178 seras
703 1147 875 1180 tantum
912 1137 1160 1188 subsistere,
1192 1138 1263 1178 sed
1292 1138 1335 1178 in
1374 1137 1578 1187 latrones,

121 1195 270 1251 praeda
288 1203 484 1244 onustos,
501 1195 672 1250 inpetus
693 1194 849 1242 facere,
870 1194 1203 1249 pastoribusque
1225 1204 1347 1250 rapta
1361 1193 1577 1236 dividere:

121 1262 167 1292 et
204 1266 304 1293 cum
339 1251 420 1302 his,
461 1263 681 1293 crescente
715 1251 758 1291 in
796 1250 886 1291 dies
919 1264 1053 1307 grege
1080 1251 1311 1306 juvenum,
1341 1251 1500 1292 31seria
1529 1265 1581 1292 ac

115 1308 247 1363 jocos
269 1307 502 1350 celebrare.

184 1365 239 1405 V.
269 1365 371 1407 Jam
396 1374 486 1405 tum
520 1363 566 1405 in
590 1363 790 1404 Palatino
825 1373 974 1405 monte
1005 1365 1038 1386 ³⁸²
1055 1363 1265 1419 Lupercal
1293 1366 1324 1387 ³³
1343 1363 1425 1405 hoe
1449 1362 1581 1404 fuisse
1603 1405 1609 1411 ,

122 1420 339 1463 ludicrum
363 1420 523 1471 ferunt,
551 1429 594 1460 et
615 1435 641 1460 a
659 1419 896 1470 Pallanteo,
920 1421 1026 1461 urbe
1048 1420 1276 1470 Arcadica,
1302 1420 1580 1470 Pallantium,

122 1478 225 1519 dein
272 1481 304 1504 ³⁴
321 1475 582 1527 Palatium&
613 1487 807 1517 montem
848 1477 1127 1531 adpellatum.
1204 1477 1272 1521 Ibi
1314 1476 1580 1527 Evandrum,

122 1534 196 1588 qui
219 1537 321 1575 ³⁵ex
356 1549 407 1574 eo
437 1547 594 1589 genere
631 1533 848 1574 Arcadum
882 1536 915 1557 ³⁶
931 1533 1077 1574 multis
1112 1542 1213 1574 ante
1246 1534 1580 1589 tempestatibus

124 1605 176 1631 ea
199 1597 420 1631 tenuerat²
446 1591 556 1641 loca,
580 1588 785 1631 sollemne
808 1589 996 1631 adlatum
1037 1605 1091 1630 ex
1114 1589 1303 1632 Arcadia
1327 1591 1597 1640 instituisse,

126 1657 176 1688 ut
201 1647 306 1688 nudi
331 1647 533 1702 jtlveneS,
565 1649 597 1672 ³⁷
616 1647 807 1702 Lyceum
842 1646 962 1688 Pana
995 1656 1262 1699 venerantes,
1284 1650 1315 1671 ³⁸
1333 1662 1408 1703 per
1438 1647 1580 1689 lusum

145 1743 159 1758 ‘³
174 1739 220 1768 ica
236 1740 333 1769 Gron.
345 1739 438 1769 Crev.
497 1735 511 1757 ‘¹
526 1738 691 1768 Palatium
710 1739 818 1768 deinde
833 1738 1016 1768 Palatinum
1034 1739 1131 1769 Gron.
1143 1740 1234 1769 Crev.
1298 1743 1310 1758 ²
1323 1740 1452 1769 tenuerit
1469 1740 1560 1769 (ἐτι-ν.

129 1816 164 1846 id
175 1815 264 1855 quod
281 1825 376 1846 suam
390 1815 570 1855 quamdam
584 1815 831 1856 plenitudinem

127 1862 163 1889 et
179 1859 425 1889 absolutionem
449 1859 560 1888 hahet.
606 1859 725 1889 ιῙιιειιω·
741 1869 832 1890 exer-

127 1904 224 1939 citus,
231 1899 328 1942 justa
343 1911 454 1939 arma,
464 1900 561 1941 justa
580 1907 669 1933 «etas.

171 1947 213 1977 <28
244 1945 306 1976 Ubi
330 1956 420 1975 nune
433 1945 528 1985 fieus
553 1945 747 1976 Immundis
768 1945 828 1984 est]

130 1989 171 2019 In
197 1989 307 2019 media
334 1989 414 2019 urbe
441 1989 559 2019 Roma.
597 1989 672 2019 vid.
697 1989 832 2018 Festum

130 2032 166 2062 in
184 2042 262 2061 voce
282 2031 507 2063 Ruminalem.

173 2077 214 2109 29
240 2076 294 2106 Ila
308 2076 430 2114 geniti}
447 2074 623 2114 Quomodo
639 2076 758 2113 geniti,
776 2086 832 2105 ex-

130 2118 244 2158 positi,
270 2118 415 2156 educafi,
433 2119 539 2158 agniti
565 2118 700 2148 demum
727 2119 832 2148 aNu-

131 2162 252 2191 mitore
282 2162 448 2192 Romulus
475 2171 512 2191 ac
541 2162 666 2192 Remus
693 2161 833 2199 fuerint,

131 2204 238 2234 fusius
251 2214 288 2233 ac
305 2204 436 2242 plenius
453 2205 622 2235 disserunt
639 2205 739 2235 Dion.
757 2205 781 2234 l.
798 2207 832 2243 13

131 2246 222 2277 Piut.
250 2249 285 2277 in
309 2247 405 2278 Rom.
425 2248 585 2278 Ceterum
602 2257 689 2278 unus
705 2255 722 2278 e
739 2249 834 2279 codd.

132 2291 232 2329 regiis
256 2290 358 2320 habet
382 2293 492 2330 itaque
515 2292 658 2328 educati,
675 2292 835 2329 quemad-

131 2333 269 2364 modum
288 2340 323 2363 et
341 2333 434 2364 MSS.
451 2343 470 2363 a
485 2333 651 2364 Gronovio
668 2335 823 2374 inspecti.

177 2379 218 2408 30
248 2376 342 2407 (ἅνω
364 2376 482 2416 saltus]
520 2377 632 2407 Saltus
661 2378 718 2416 qui
748 2379 837 2408 circa

131 2423 244 2450 erant.

178 2466 214 2494 31
229 2463 247 2480 ²¹²
260 2462 357 2493 Seria
367 2473 412 2502 ⁴ac
417 2461 506 2504 jocos
520 2463 695 2502 celebrare]
725 2463 834 2502 Seria,

133 2509 173 2535 ut
201 2515 329 2545 pugnas
356 2507 513 2536 adversus
541 2507 700 2544 latrones,
721 2507 836 2537 adver—

129 2559 191 2579 sus
214 2550 409 2579 vastati-'noes
426 2559 582 2588 agrorum
610 2549 696 2579 feras
711 2562 718 2579 τ
733 2549 835 2590 jocos,

135 2596 174 2622 ut
188 2592 318 2622 ludicra
335 2594 533 2630 certamina,
547 2592 718 2622 solennem
737 2593 839 2623 festo-

135 2645 210 2667 rum
224 2635 358 2668 dierum
375 2636 558 2666 lasciviam.
605 2636 772 2666 Celebrmv
787 2642 840 2666 est

136 2688 261 2717 magna
275 2677 476 2717 frequentia,
494 2688 617 2718 magno
635 2688 713 2708 cum
732 2679 840 2709 homi-

139 2730 222 2752 num
240 2731 381 2752 numero
398 2732 567 2762 peragere.

161 2767 222 2805 '32²
246 2765 429 2804 Lupercal]
450 2766 522 2795 Hoc
546 2775 668 2795 nomen
693 2765 841 2804 plerum-

134 2817 202 2846 que
216 2807 371 2846 designat
386 2808 497 2839 locum
514 2809 624 2848 ipsum
638 2809 672 2838 in
688 2808 840 2838 Palatino

138 2858 254 2882 monte
272 2851 354 2883 Pani
371 2851 480 2893 Lyceo
493 2856 739 2884 consecratum.
776 2851 841 2883 Hie

878 1815 1024 1845 dubitari
1043 1826 1110 1846 non
1128 1819 1238 1855 potest
1261 1817 1342 1855 quin
1359 1815 1524 1846 referatur
1540 1816 1582 1846 ad

878 1859 1057 1888 ludier-mn.
1113 1859 1252 1900 Scripsit
1289 1859 1430 1889 fortasse
1468 1860 1582 1890 Livius

879 1902 1064 1941 Lupercale
1101 1904 1156 1932 hnc
1194 1903 1373 1940 ludicrum,
1415 1902 1582 1941 quomodo

878 1945 1014 1975 Sueton.
1040 1947 1074 1975 in
1099 1946 1184 1985 Aug.
1208 1956 1236 1977 e.
1254 1950 1308 1976 31.
1330 1946 1515 1986 Lupercale
1529 1956 1582 1977 sa-

877 1999 984 2019 crum.

921 2035 962 2062 33
987 2031 1072 2070 Hoc]
1100 2032 1198 2072 Quod
1224 2031 1387 2071 hodieque
1411 2031 1502 2071 apud
1522 2041 1581 2062 nos

878 2074 1078 2105 celebratur.
1117 2076 1171 2106 Sic
1188 2076 1275 2106 infra
1291 2087 1319 2106 c.
1335 2078 1389 2106 42.
1413 2075 1519 2106 Hunc
1530 2086 1582 2105 or-

877 2119 999 2156 dinem,
1016 2120 1037 2149 i.
1054 2129 1083 2149 e.
1103 2129 1183 2150 eum
1207 2120 1263 2158 qui
1281 2119 1447 2158 hodieque
1471 2128 1582 2150 serva-

878 2167 956 2191 tur:
983 2166 1018 2191 et
1034 2172 1121 2202 saepe
1138 2162 1230 2193 alias.

922 2208 963 2235 34
989 2206 1181 2244 Palatium,
1212 2205 1326 2235 deinde
1362 2204 1578 2243 Palatinum]

879 2249 1008 2288 Optimi
1022 2259 1040 2278 e
1053 2249 1186 2289 scriptis
1200 2250 1336 2285 nostris,
1350 2253 1388 2278 ut
1398 2253 1433 2278 et
1445 2248 1583 2287 quidam

879 2302 897 2321 e
934 2292 1169 2330 Gronovianis,
1203 2292 1431 2328 Pausaniam,
1469 2292 1585 2321 deiude

882 2335 1071 2365 Palatium.
1110 2335 1155 2365 Et
1179 2335 1296 2365 eodem
1322 2335 1420 2364 morlo
1445 2333 1532 2364 infra
1555 2344 1584 2363 c.

881 2381 911 2410 7.
939 2385 974 2408 et
998 2388 1026 2408 c.
1055 2381 1105 2409 12.
1137 2378 1328 2414 Palatium,
1354 2378 1502 2413 Palatio,
1527 2377 1584 2407 ubi

881 2420 982 2460 vulgo
1002 2421 1083 2451 editi
1098 2421 1225 2452 habent
1242 2422 1456 2458 Palatinum,
1478 2421 1587 2451 Pala-

879 2465 957 2494 tino.

924 2510 964 2538 35
976 2507 1058 2538 *Ex
1074 2518 1107 2537 eo
1121 2517 1242 2547 genere
1256 2507 1444 2544 Arcadum]
1460 2507 1509 2536 Ex
1527 2505 1585 2536 illa

879 2549 1049 2581 Arcadum
1066 2552 1156 2581 tribu
1175 2560 1248 2589 quae
1262 2549 1475 2580 Pallanteum
1493 2552 1587 2580 inco<

883 2592 986 2624 lebat.

928 2637 971 2666 36
992 2636 1111 2667 Multis
1129 2640 1207 2666 unte
1223 2637 1463 2675 tempestatibus
1479 2640 1588 2666 tenue-

874 2681 930 2709 »νίί
953 2679 1035 2717 laea]
1066 2681 1119 2710 Sic
1138 2679 1265 2710 habent
1288 2679 1425 2718 plurimi
1443 2679 1588 2715 codices,

885 2722 1052 2752 Gronovio
1067 2726 1155 2752 teste
1170 2734 1176 2752 :
1202 2722 1322 2761 quibus
1339 2722 1589 2762 adstipulantur

886 2766 1034 2805 quinque
1049 2776 1067 2795 e
1084 2766 1217 2796 nostris.
1251 2765 1362 2805 Vulgo
1383 2776 1422 2796 ea
1438 2770 1589 2796 tenuerat

886 2811 965 2839 loca.

929 2855 970 2886 37
996 2851 1141 2892 Lyceum
1165 2850 1282 2891 Pana]
1315 2851 1385 2883 Pan
1411 2852 1518 2882 dictus
1538 2856 1590 2881 est
