<?xml version="1.0" encoding="UTF-8"?>
<!DOCTYPE html PUBLIC "-//W3C//DTD XHTML 1.0 Transitional//EN"
    "http://www.w3.org/TR/xhtml1/DTD/xhtml1-transitional.dtd">
<html xmlns="http://www.w3.org/1999/xhtml" xml:lang="en" lang="en">
 <head>
  <title>
</title>
<meta http-equiv="Content-Type" content="text/html;charset=utf-8" />
  <meta name='ocr-system' content='tesseract 3.04.00' />
  <meta name='ocr-capabilities' content='ocr_page ocr_carea ocr_par ocr_line ocrx_word'/>
</head>
<body>
  <div class='ocr_page' id='page_1' title='image "./historiarumaburb01livyuoft_0425.png"; bbox 0 0 1925 3239; ppageno 0'>
   <div class='ocr_carea' id='block_1_1' title="bbox 192 120 1560 162">
    <p class='ocr_par' dir='ltr' id='par_1_1' title="bbox 192 120 1560 162">
     <span class='ocr_line' id='line_1_1' title="bbox 192 120 1560 162; baseline 0.005 -7"><span class='ocrx_word' id='word_1_1' title='bbox 192 125 211 141; x_wconf 75' lang='lat'><em>⁰</em></span> <span class='ocrx_word' id='word_1_2' title='bbox 543 133 545 137; x_wconf 93' lang='lat'>·</span> <span class='ocrx_word' id='word_1_3' title='bbox 573 120 805 161; x_wconf 77' lang='lat' dir='ltr'>LIB.·V11.</span> <span class='ocrx_word' id='word_1_4' title='bbox 843 121 970 159; x_wconf 88' lang='lat' dir='ltr'>CAP.</span> <span class='ocrx_word' id='word_1_5' title='bbox 998 121 1106 162; x_wconf 66' lang='lat' dir='ltr'><strong><em>XIV,</em></strong></span> <span class='ocrx_word' id='word_1_6' title='bbox 1484 128 1560 162; x_wconf 82' lang='lat'><strong><em>413</em></strong></span> 
     </span>
    </p>
   </div>
   <div class='ocr_carea' id='block_1_2' title="bbox 82 202 1760 2470">
    <p class='ocr_par' dir='ltr' id='par_1_2' title="bbox 82 202 1760 2130">
     <span class='ocr_line' id='line_1_2' title="bbox 127 202 1760 260; baseline -0.001 -16"><span class='ocrx_word' id='word_1_7' title='bbox 127 202 321 245; x_wconf 77' lang='lat' dir='ltr'><strong><em>exercitus</em></strong></span> <span class='ocrx_word' id='word_1_8' title='bbox 340 218 366 244; x_wconf 89' lang='lat' dir='ltr'><strong><em>a</em></strong></span> <span class='ocrx_word' id='word_1_9' title='bbox 385 210 423 245; x_wconf 87' lang='lat' dir='ltr'><strong><em>te</em></strong></span> <span class='ocrx_word' id='word_1_10' title='bbox 444 202 618 259; x_wconf 77' lang='lat' dir='ltr'><strong><em>ignavia:</em></strong></span> <span class='ocrx_word' id='word_1_11' title='bbox 638 211 767 256; x_wconf 81' lang='lat' dir='ltr'><strong><em>ratus,</em></strong></span> <span class='ocrx_word' id='word_1_12' title='bbox 787 211 824 245; x_wconf 85' lang='lat' dir='ltr'><strong><em>et</em></strong></span> <span class='ocrx_word' id='word_1_13' title='bbox 838 218 964 259; x_wconf 84' lang='lat' dir='ltr'><em>prope</em></span> <span class='ocrx_word' id='word_1_14' title='bbox 983 204 1214 260; x_wconf 62' lang='lat' dir='ltr'><strong><em>ignominias</em></strong></span> <span class='ocrx_word' id='word_1_15' title='bbox 1234 218 1371 245; x_wconf 79' lang='lat' dir='ltr'><em>caussa</em></span> <span class='ocrx_word' id='word_1_16' title='bbox 1393 210 1425 236; x_wconf 75' lang='lat'><strong><em>⁶⁹</em></strong></span> <span class='ocrx_word' id='word_1_17' title='bbox 1438 204 1560 247; x_wconf 81' lang='lat' dir='ltr'><strong><em>desti·</em></strong></span> <span class='ocrx_word' id='word_1_18' title='bbox 1575 214 1614 245; x_wconf 89' lang='lat' dir='ltr'><strong><em>U.</em></strong></span> <span class='ocrx_word' id='word_1_19' title='bbox 1634 214 1670 245; x_wconf 88' lang='lat' dir='ltr'><strong><em>c.</em></strong></span> <span class='ocrx_word' id='word_1_20' title='bbox 1685 216 1760 248; x_wconf 79' lang='lat'><strong>397.</strong></span> 
     </span>
     <span class='ocr_line' id='line_1_3' title="bbox 128 258 1759 317; baseline 0.002 -18"><span class='ocrx_word' id='word_1_21' title='bbox 128 265 260 307; x_wconf 80' lang='lat' dir='ltr'><strong><em>tutum</em></strong></span> <span class='ocrx_word' id='word_1_22' title='bbox 278 260 362 301; x_wconf 85' lang='lat' dir='ltr'><strong><em>sine</em></strong></span> <span class='ocrx_word' id='word_1_23' title='bbox 381 261 522 312; x_wconf 88' lang='lat' dir='ltr'><strong><em>armis,</em></strong></span> <span class='ocrx_word' id='word_1_24' title='bbox 542 261 676 302; x_wconf 84' lang='lat' dir='ltr'><strong><em>oravit</em></strong></span> <span class='ocrx_word' id='word_1_25' title='bbox 696 275 770 311; x_wconf 89' lang='lat' dir='ltr'><strong><em>me,</em></strong></span> <span class='ocrx_word' id='word_1_26' title='bbox 791 268 836 302; x_wconf 81' lang='lat' dir='ltr'><strong><em>ut</em></strong></span> <span class='ocrx_word' id='word_1_27' title='bbox 858 275 974 301; x_wconf 88' lang='lat' dir='ltr'><strong><em>suam</em></strong></span> <span class='ocrx_word' id='word_1_28' title='bbox 1005 275 1184 301; x_wconf 78' lang='lat' dir='ltr'><em>caussam</em></span> <span class='ocrx_word' id='word_1_29' title='bbox 1206 261 1315 315; x_wconf 85' lang='lat' dir='ltr'><strong><em>apud</em></strong></span> <span class='ocrx_word' id='word_1_30' title='bbox 1333 268 1369 302; x_wconf 85' lang='lat' dir='ltr'><strong><em>te</em></strong></span> <span class='ocrx_word' id='word_1_31' title='bbox 1390 276 1560 317; x_wconf 80' lang='lat' dir='ltr'><strong><em>agerem.</em></strong></span> <span class='ocrx_word' id='word_1_32' title='bbox 1574 259 1613 289; x_wconf 81' lang='lat' dir='ltr'><strong><em>A.</em></strong></span> <span class='ocrx_word' id='word_1_33' title='bbox 1631 258 1668 288; x_wconf 76' lang='lat' dir='ltr'><strong><em>C·</em></strong></span> <span class='ocrx_word' id='word_1_34' title='bbox 1685 260 1759 288; x_wconf 84' lang='lat'><strong>355.</strong></span> 
     </span>
     <span class='ocr_line' id='line_1_4' title="bbox 131 315 1562 373; baseline 0.003 -17"><span class='ocrx_word' id='word_1_35' title='bbox 131 315 348 371; x_wconf 80' lang='lat' dir='ltr'><strong><em>Equidem,</em></strong></span> <span class='ocrx_word' id='word_1_36' title='bbox 369 317 501 358; x_wconf 82' lang='lat' dir='ltr'><em>sicubi</em></span> <span class='ocrx_word' id='word_1_37' title='bbox 521 316 604 358; x_wconf 88' lang='lat' dir='ltr'><strong><em>loco</em></strong></span> <span class='ocrx_word' id='word_1_38' title='bbox 625 331 785 368; x_wconf 90' lang='lat' dir='ltr'><strong><em>cessum,</em></strong></span> <span class='ocrx_word' id='word_1_39' title='bbox 806 318 840 358; x_wconf 85' lang='lat' dir='ltr'><strong><em>si</em></strong></span> <span class='ocrx_word' id='word_1_40' title='bbox 860 325 976 373; x_wconf 84' lang='lat' dir='ltr'><strong><em>terga</em></strong></span> <span class='ocrx_word' id='word_1_41' title='bbox 998 317 1098 357; x_wconf 91' lang='lat' dir='ltr'><strong><em>data</em></strong></span> <span class='ocrx_word' id='word_1_42' title='bbox 1119 316 1238 368; x_wconf 74' lang='lat' dir='ltr'><strong><em>hosti,</em></strong></span> <span class='ocrx_word' id='word_1_43' title='bbox 1258 318 1293 357; x_wconf 91' lang='lat' dir='ltr'><strong><em>si</em></strong></span> <span class='ocrx_word' id='word_1_44' title='bbox 1314 317 1428 373; x_wconf 84' lang='lat' dir='ltr'><strong><em>signu</em></strong></span> <span class='ocrx_word' id='word_1_45' title='bbox 1446 318 1562 373; x_wconf 70' lang='lat' dir='ltr'><strong><em>siecle</em></strong></span> 
     </span>
     <span class='ocr_line' id='line_1_5' title="bbox 128 372 1562 429; baseline 0.002 -17"><span class='ocrx_word' id='word_1_46' title='bbox 128 372 276 413; x_wconf 87' lang='lat' dir='ltr'><strong><em>amissa</em></strong></span> <span class='ocrx_word' id='word_1_47' title='bbox 294 373 417 429; x_wconf 83' lang='lat' dir='ltr'><strong><em>objici</em></strong></span> <span class='ocrx_word' id='word_1_48' title='bbox 435 373 547 414; x_wconf 87' lang='lat' dir='ltr'><strong><em>nobis</em></strong></span> <span class='ocrx_word' id='word_1_49' title='bbox 560 379 733 429; x_wconf 82' lang='lat' dir='ltr'><strong><em>possent,</em></strong></span> <span class='ocrx_word' id='word_1_50' title='bbox 749 381 882 416; x_wconf 87' lang='lat' dir='ltr'><strong><em>tamen</em></strong></span> <span class='ocrx_word' id='word_1_51' title='bbox 899 374 970 414; x_wconf 79' lang='lat' dir='ltr'><strong><em>lioc</em></strong></span> <span class='ocrx_word' id='word_1_52' title='bbox 988 389 1012 414; x_wconf 85' lang='lat' dir='ltr'><strong><em>a</em></strong></span> <span class='ocrx_word' id='word_1_53' title='bbox 1032 381 1069 414; x_wconf 90' lang='lat' dir='ltr'><strong><em>te</em></strong></span> <span class='ocrx_word' id='word_1_54' title='bbox 1086 374 1285 428; x_wconf 78' lang='lat' dir='ltr'><strong><em>inpetrari</em></strong></span> <span class='ocrx_word' id='word_1_55' title='bbox 1301 388 1455 428; x_wconf 67' lang='lat' dir='ltr'><strong><em>(equum</em></strong></span> <span class='ocrx_word' id='word_1_56' title='bbox 1472 390 1562 416; x_wconf 83' lang='lat' dir='ltr'><strong><em>cen-</em></strong></span> 
     </span>
     <span class='ocr_line' id='line_1_6' title="bbox 126 429 1562 486; baseline 0.002 -17"><span class='ocrx_word' id='word_1_57' title='bbox 126 443 263 480; x_wconf 86' lang='lat' dir='ltr'><strong><em>serem,</em></strong></span> <span class='ocrx_word' id='word_1_58' title='bbox 278 437 321 470; x_wconf 86' lang='lat' dir='ltr'><strong><em>ut</em></strong></span> <span class='ocrx_word' id='word_1_59' title='bbox 339 444 409 471; x_wconf 84' lang='lat' dir='ltr'><strong><em>nos</em></strong></span> <span class='ocrx_word' id='word_1_60' title='bbox 423 430 574 471; x_wconf 84' lang='lat' dir='ltr'><strong><em>virtute</em></strong></span> <span class='ocrx_word' id='word_1_61' title='bbox 591 430 751 485; x_wconf 84' lang='lat' dir='ltr'><strong><em>culpam</em></strong></span> <span class='ocrx_word' id='word_1_62' title='bbox 766 437 944 471; x_wconf 89' lang='lat' dir='ltr'><strong><em>nostram</em></strong></span> <span class='ocrx_word' id='word_1_63' title='bbox 959 431 1172 486; x_wconf 77' lang='lat' dir='ltr'><strong><em>corrigere,</em></strong></span> <span class='ocrx_word' id='word_1_64' title='bbox 1185 436 1222 470; x_wconf 82' lang='lat' dir='ltr'><strong><em>et</em></strong></span> <span class='ocrx_word' id='word_1_65' title='bbox 1239 429 1396 471; x_wconf 87' lang='lat' dir='ltr'><strong><em>abolere</em></strong></span> <span class='ocrx_word' id='word_1_66' title='bbox 1396 432 1562 486; x_wconf 82' lang='lat' dir='ltr'><strong><em>flagitii</em></strong></span> 
     </span>
     <span class='ocr_line' id='line_1_7' title="bbox 127 486 1562 543; baseline 0.002 -18"><span class='ocrx_word' id='word_1_67' title='bbox 127 487 361 527; x_wconf 79' lang='lat' dir='ltr'><strong><em>memoriam</em></strong></span> <span class='ocrx_word' id='word_1_68' title='bbox 378 501 481 527; x_wconf 81' lang='lat' dir='ltr'><strong><em>nova</em></strong></span> <span class='ocrx_word' id='word_1_69' title='bbox 499 486 635 542; x_wconf 83' lang='lat' dir='ltr'><strong><em>gloria</em></strong></span> <span class='ocrx_word' id='word_1_70' title='bbox 643 488 853 541; x_wconf 86' lang='lat' dir='ltr'><strong><em>patereris.</em></strong></span> <span class='ocrx_word' id='word_1_71' title='bbox 879 486 1021 528; x_wconf 88' lang='lat' dir='ltr'><strong><em>Etiam</em></strong></span> <span class='ocrx_word' id='word_1_72' title='bbox 1033 487 1088 527; x_wconf 83' lang='lat' dir='ltr'><strong><em>ad</em></strong></span> <span class='ocrx_word' id='word_1_73' title='bbox 1102 486 1376 541; x_wconf 82' lang='lat' dir='ltr'><strong><em>Alliamfusce</em></strong></span> <span class='ocrx_word' id='word_1_74' title='bbox 1390 488 1562 543; x_wconf 79' lang='lat' dir='ltr'><strong><em>legiones</em></strong></span> 
     </span>
     <span class='ocr_line' id='line_1_8' title="bbox 129 541 1564 599; baseline 0.003 -18"><span class='ocrx_word' id='word_1_75' title='bbox 129 541 318 593; x_wconf 88' lang='lat' dir='ltr'><strong><em>eamdem,</em></strong></span> <span class='ocrx_word' id='word_1_76' title='bbox 334 558 454 598; x_wconf 87' lang='lat' dir='ltr'><strong><em>quam</em></strong></span> <span class='ocrx_word' id='word_1_77' title='bbox 467 558 543 598; x_wconf 87' lang='lat' dir='ltr'><strong><em>per</em></strong></span> <span class='ocrx_word' id='word_1_78' title='bbox 554 557 750 598; x_wconf 88' lang='lat' dir='ltr'><strong><em>pavorem</em></strong></span> <span class='ocrx_word' id='word_1_79' title='bbox 770 544 1003 595; x_wconf 83' lang='lat' dir='ltr'><strong><em>amiserant,</em></strong></span> <span class='ocrx_word' id='word_1_80' title='bbox 1013 543 1210 597; x_wconf 82' lang='lat' dir='ltr'><strong><em>patriam,</em></strong></span> <span class='ocrx_word' id='word_1_81' title='bbox 1219 542 1410 599; x_wconf 66' lang='lat' dir='ltr'><strong><em>profecta</em></strong></span> <span class='ocrx_word' id='word_1_82' title='bbox 1422 551 1564 598; x_wconf 86' lang='lat' dir='ltr'><strong><em>postea</em></strong></span> 
     </span>
     <span class='ocr_line' id='line_1_9' title="bbox 129 596 1563 656; baseline 0.003 -19"><span class='ocrx_word' id='word_1_83' title='bbox 129 597 181 638; x_wconf 89' lang='lat' dir='ltr'><strong><em>ab</em></strong></span> <span class='ocrx_word' id='word_1_84' title='bbox 206 596 329 650; x_wconf 89' lang='lat' dir='ltr'><strong><em>Veiis,</em></strong></span> <span class='ocrx_word' id='word_1_85' title='bbox 350 600 499 641; x_wconf 84' lang='lat' dir='ltr'><strong><em>virtute</em></strong></span> <span class='ocrx_word' id='word_1_86' title='bbox 518 614 805 654; x_wconf 79' lang='lat' dir='ltr'><strong><em>recuperavere.</em></strong></span> <span class='ocrx_word' id='word_1_87' title='bbox 835 600 962 652; x_wconf 81' lang='lat' dir='ltr'><strong><em>uobis,</em></strong></span> <span class='ocrx_word' id='word_1_88' title='bbox 986 598 1122 641; x_wconf 66' lang='lat' dir='ltr'><strong><em>Deum</em></strong></span> <span class='ocrx_word' id='word_1_89' title='bbox 1152 599 1409 655; x_wconf 83' lang='lat' dir='ltr'><strong><em>benignitate,</em></strong></span> <span class='ocrx_word' id='word_1_90' title='bbox 1417 599 1563 656; x_wconf 82' lang='lat' dir='ltr'><strong><em>felici-</em></strong></span> 
     </span>
     <span class='ocr_line' id='line_1_10' title="bbox 128 655 1563 713; baseline 0.002 -18"><span class='ocrx_word' id='word_1_91' title='bbox 128 661 211 696; x_wconf 82' lang='lat' dir='ltr'><strong><em>tat-e</em></strong></span> <span class='ocrx_word' id='word_1_92' title='bbox 227 661 297 696; x_wconf 88' lang='lat' dir='ltr'><strong><em>tua</em></strong></span> <span class='ocrx_word' id='word_1_93' title='bbox 312 655 534 711; x_wconf 75' lang='lat' dir='ltr'><strong><em>populique</em></strong></span> <span class='ocrx_word' id='word_1_94' title='bbox 554 655 749 707; x_wconf 72' lang='lat' dir='ltr'><strong><em>Romani,</em></strong></span> <span class='ocrx_word' id='word_1_95' title='bbox 770 664 807 698; x_wconf 88' lang='lat' dir='ltr'><strong><em>et</em></strong></span> <span class='ocrx_word' id='word_1_96' title='bbox 830 672 889 698; x_wconf 85' lang='lat' dir='ltr'><strong><em>res</em></strong></span> <span class='ocrx_word' id='word_1_97' title='bbox 907 663 945 698; x_wconf 83' lang='lat' dir='ltr'><strong><em>et</em></strong></span> <span class='ocrx_word' id='word_1_98' title='bbox 958 656 1095 713; x_wconf 83' lang='lat' dir='ltr'><strong><em>gloria</em></strong></span> <span class='ocrx_word' id='word_1_99' title='bbox 1115 663 1170 697; x_wconf 83' lang='lat' dir='ltr'><strong><em>est</em></strong></span> <span class='ocrx_word' id='word_1_100' title='bbox 1200 656 1373 712; x_wconf 81' lang='lat' dir='ltr'><strong><em>integra.</em></strong></span> <span class='ocrx_word' id='word_1_101' title='bbox 1409 657 1563 712; x_wconf 77' lang='lat' dir='ltr'><strong><em>Quam-</em></strong></span> 
     </span>
     <span class='ocr_line' id='line_1_11' title="bbox 129 711 1564 768; baseline 0.001 -16"><span class='ocrx_word' id='word_1_102' title='bbox 129 725 252 766; x_wconf 84' lang='lat' dir='ltr'><strong><em>quam</em></strong></span> <span class='ocrx_word' id='word_1_103' title='bbox 281 716 314 739; x_wconf 83' lang='lat'><strong><em>⁷⁰</em></strong></span> <span class='ocrx_word' id='word_1_104' title='bbox 326 711 374 753; x_wconf 90' lang='lat' dir='ltr'><strong><em>de</em></strong></span> <span class='ocrx_word' id='word_1_105' title='bbox 387 712 522 768; x_wconf 86' lang='lat' dir='ltr'><strong><em>gloria</em></strong></span> <span class='ocrx_word' id='word_1_106' title='bbox 543 713 612 753; x_wconf 75' lang='lat' dir='ltr'><strong><em>viv</em></strong></span> <span class='ocrx_word' id='word_1_107' title='bbox 631 713 761 754; x_wconf 87' lang='lat' dir='ltr'><strong><em>dicere</em></strong></span> <span class='ocrx_word' id='word_1_108' title='bbox 781 714 927 764; x_wconf 83' lang='lat' dir='ltr'><strong><em>ausim,</em></strong></span> <span class='ocrx_word' id='word_1_109' title='bbox 949 715 982 755; x_wconf 86' lang='lat' dir='ltr'><strong><em>si</em></strong></span> <span class='ocrx_word' id='word_1_110' title='bbox 1002 728 1072 753; x_wconf 80' lang='lat' dir='ltr'><strong><em>nos</em></strong></span> <span class='ocrx_word' id='word_1_111' title='bbox 1093 719 1130 754; x_wconf 89' lang='lat' dir='ltr'><strong><em>et</em></strong></span> <span class='ocrx_word' id='word_1_112' title='bbox 1160 712 1285 754; x_wconf 76' lang='lat' dir='ltr'><strong><em>liostes</em></strong></span> <span class='ocrx_word' id='word_1_113' title='bbox 1306 713 1416 753; x_wconf 75' lang='lat' dir='ltr'><strong><em>liaud</em></strong></span> <span class='ocrx_word' id='word_1_114' title='bbox 1444 729 1564 766; x_wconf 87' lang='lat' dir='ltr'><strong><em>secus,</em></strong></span> 
     </span>
     <span class='ocr_line' id='line_1_12' title="bbox 128 767 1564 825; baseline 0.003 -18"><span class='ocrx_word' id='word_1_115' title='bbox 128 782 249 823; x_wconf 85' lang='lat' dir='ltr'><strong><em>quam</em></strong></span> <span class='ocrx_word' id='word_1_116' title='bbox 263 767 476 825; x_wconf 55' lang='lat' dir='ltr'><strong><em>foeminas,</em></strong></span> <span class='ocrx_word' id='word_1_117' title='bbox 497 769 653 810; x_wconf 83' lang='lat' dir='ltr'><strong><em>abditos</em></strong></span> <span class='ocrx_word' id='word_1_118' title='bbox 675 771 785 811; x_wconf 81' lang='lat' dir='ltr'><strong><em>intra</em></strong></span> <span class='ocrx_word' id='word_1_119' title='bbox 807 770 960 811; x_wconf 85' lang='lat' dir='ltr'><strong><em>vallum</em></strong></span> <span class='ocrx_word' id='word_1_120' title='bbox 989 769 1175 810; x_wconf 85' lang='lat' dir='ltr'><strong><em>omnibus</em></strong></span> <span class='ocrx_word' id='word_1_121' title='bbox 1204 768 1451 810; x_wconf 86' lang='lat' dir='ltr'><strong><em>contumeliis</em></strong></span> <span class='ocrx_word' id='word_1_122' title='bbox 1481 770 1564 811; x_wconf 88' lang='lat' dir='ltr'><strong><em>elu-</em></strong></span> 
     </span>
     <span class='ocr_line' id='line_1_13' title="bbox 129 824 1565 883; baseline 0.003 -19"><span class='ocrx_word' id='word_1_123' title='bbox 129 824 254 875; x_wconf 84' lang='lat' dir='ltr'><strong><em>dunt‚·</em></strong></span> <span class='ocrx_word' id='word_1_124' title='bbox 265 831 302 866; x_wconf 89' lang='lat' dir='ltr'><strong><em>et</em></strong></span> <span class='ocrx_word' id='word_1_125' title='bbox 315 832 359 866; x_wconf 86' lang='lat' dir='ltr'><strong><em>tu</em></strong></span> <span class='ocrx_word' id='word_1_126' title='bbox 371 825 587 881; x_wconf 85' lang='lat' dir='ltr'><strong><em>imperator</em></strong></span> <span class='ocrx_word' id='word_1_127' title='bbox 597 834 740 878; x_wconf 87' lang='lat' dir='ltr'><strong><em>noster,</em></strong></span> <span class='ocrx_word' id='word_1_128' title='bbox 753 826 860 882; x_wconf 85' lang='lat' dir='ltr'><strong><em>quod</em></strong></span> <span class='ocrx_word' id='word_1_129' title='bbox 866 826 965 883; x_wconf 70' lang='lat' dir='ltr'><strong><em>(egri</em></strong></span> <span class='ocrx_word' id='word_1_130' title='bbox 968 842 1013 867; x_wconf 86' lang='lat' dir='ltr'><strong><em>us</em></strong></span> <span class='ocrx_word' id='word_1_131' title='bbox 1018 827 1217 881; x_wconf 85' lang='lat' dir='ltr'><strong><em>patimur,</em></strong></span> <span class='ocrx_word' id='word_1_132' title='bbox 1228 827 1439 867; x_wconf 69' lang='lat' dir='ltr'><strong><em>exercitum</em></strong></span> <span class='ocrx_word' id='word_1_133' title='bbox 1453 833 1565 868; x_wconf 86' lang='lat' dir='ltr'><strong><em>tuum</em></strong></span> 
     </span>
     <span class='ocr_line' id='line_1_14' title="bbox 130 881 1565 938; baseline 0.003 -17"><span class='ocrx_word' id='word_1_134' title='bbox 130 881 212 922; x_wconf 85' lang='lat' dir='ltr'><strong><em>sine</em></strong></span> <span class='ocrx_word' id='word_1_135' title='bbox 226 882 385 933; x_wconf 85' lang='lat' dir='ltr'><strong><em>animis,</em></strong></span> <span class='ocrx_word' id='word_1_136' title='bbox 398 884 482 924; x_wconf 86' lang='lat' dir='ltr'><strong><em>sine</em></strong></span> <span class='ocrx_word' id='word_1_137' title='bbox 498 883 635 934; x_wconf 86' lang='lat' dir='ltr'><strong><em>armis,</em></strong></span> <span class='ocrx_word' id='word_1_138' title='bbox 653 884 737 925; x_wconf 88' lang='lat' dir='ltr'><strong><em>sine</em></strong></span> <span class='ocrx_word' id='word_1_139' title='bbox 754 884 1114 938; x_wconf 82' lang='lat' dir='ltr'><strong><em>manibusjudicas</em></strong></span> <span class='ocrx_word' id='word_1_140' title='bbox 1130 897 1228 931; x_wconf 89' lang='lat' dir='ltr'><strong><em>esse,·</em></strong></span> <span class='ocrx_word' id='word_1_141' title='bbox 1250 889 1287 923; x_wconf 74' lang='lat' dir='ltr'><strong><em>et</em></strong></span> <span class='ocrx_word' id='word_1_142' title='bbox 1298 883 1429 938; x_wconf 81' lang='lat' dir='ltr'><strong><em>priuS,</em></strong></span> <span class='ocrx_word' id='word_1_143' title='bbox 1443 898 1565 937; x_wconf 81' lang='lat' dir='ltr'><strong><em>quam</em></strong></span> 
     </span>
     <span class='ocr_line' id='line_1_15' title="bbox 128 939 1564 994; baseline 0.003 -17"><span class='ocrx_word' id='word_1_144' title='bbox 128 945 312 992; x_wconf 62' lang='lat' dir='ltr'><strong><em>expertus</em></strong></span> <span class='ocrx_word' id='word_1_145' title='bbox 331 953 401 980; x_wconf 83' lang='lat' dir='ltr'><strong><em>nos</em></strong></span> <span class='ocrx_word' id='word_1_146' title='bbox 420 954 534 989; x_wconf 89' lang='lat' dir='ltr'><strong><em>esses,</em></strong></span> <span class='ocrx_word' id='word_1_147' title='bbox 555 939 602 980; x_wconf 86' lang='lat' dir='ltr'><strong><em>de</em></strong></span> <span class='ocrx_word' id='word_1_148' title='bbox 622 941 735 981; x_wconf 82' lang='lat' dir='ltr'><strong><em>nobis</em></strong></span> <span class='ocrx_word' id='word_1_149' title='bbox 767 940 826 981; x_wconf 86' lang='lat' dir='ltr'><strong><em>ita</em></strong></span> <span class='ocrx_word' id='word_1_150' title='bbox 859 940 1092 994; x_wconf 83' lang='lat' dir='ltr'><strong><em>desperasti,</em></strong></span> <span class='ocrx_word' id='word_1_151' title='bbox 1113 947 1158 980; x_wconf 85' lang='lat' dir='ltr'><strong><em>ut</em></strong></span> <span class='ocrx_word' id='word_1_152' title='bbox 1189 946 1225 979; x_wconf 86' lang='lat' dir='ltr'><strong><em>te</em></strong></span> <span class='ocrx_word' id='word_1_153' title='bbox 1257 954 1488 980; x_wconf 82' lang='lat' dir='ltr'><strong><em>mancorum</em></strong></span> <span class='ocrx_word' id='word_1_154' title='bbox 1518 956 1564 981; x_wconf 87' lang='lat' dir='ltr'><strong><em>ac</em></strong></span> 
     </span>
     <span class='ocr_line' id='line_1_16' title="bbox 128 993 1565 1052; baseline 0.002 -17"><span class='ocrx_word' id='word_1_155' title='bbox 128 993 322 1036; x_wconf 82' lang='lat' dir='ltr'><strong><em>debilium</em></strong></span> <span class='ocrx_word' id='word_1_156' title='bbox 351 995 488 1037; x_wconf 89' lang='lat' dir='ltr'><strong><em>ducem</em></strong></span> <span class='ocrx_word' id='word_1_157' title='bbox 504 996 718 1052; x_wconf 80' lang='lat' dir='ltr'><strong><em>judicares</em></strong></span> <span class='ocrx_word' id='word_1_158' title='bbox 737 1012 825 1038; x_wconf 90' lang='lat' dir='ltr'><strong><em>esse.</em></strong></span> <span class='ocrx_word' id='word_1_159' title='bbox 889 995 1004 1041; x_wconf 75' lang='lat' dir='ltr'><strong><em>Quid</em></strong></span> <span class='ocrx_word' id='word_1_160' title='bbox 1030 997 1135 1037; x_wconf 83' lang='lat' dir='ltr'><strong><em>enim</em></strong></span> <span class='ocrx_word' id='word_1_161' title='bbox 1165 995 1284 1036; x_wconf 87' lang='lat' dir='ltr'><strong><em>aliud</em></strong></span> <span class='ocrx_word' id='word_1_162' title='bbox 1301 1010 1389 1037; x_wconf 83' lang='lat' dir='ltr'><strong><em>esse</em></strong></span> <span class='ocrx_word' id='word_1_163' title='bbox 1417 1011 1565 1038; x_wconf 71' lang='lat' dir='ltr'><strong><em>caussae</em></strong></span> 
     </span>
     <span class='ocr_line' id='line_1_17' title="bbox 130 1051 1564 1109; baseline 0.002 -18"><span class='ocrx_word' id='word_1_164' title='bbox 130 1053 160 1076; x_wconf 84' lang='lat'><strong><em>⁷¹</em></strong></span> <span class='ocrx_word' id='word_1_165' title='bbox 178 1051 394 1103; x_wconf 76' lang='lat' dir='ltr'><strong><em>credemus,</em></strong></span> <span class='ocrx_word' id='word_1_166' title='bbox 427 1068 499 1093; x_wconf 88' lang='lat' dir='ltr'><strong><em>cur</em></strong></span> <span class='ocrx_word' id='word_1_167' title='bbox 527 1060 737 1094; x_wconf 81' lang='lat' dir='ltr'><strong><em>veteranus</em></strong></span> <span class='ocrx_word' id='word_1_168' title='bbox 768 1053 865 1104; x_wconf 71' lang='lat' dir='ltr'><strong><em>dux,</em></strong></span> <span class='ocrx_word' id='word_1_169' title='bbox 885 1052 1143 1109; x_wconf 86' lang='lat' dir='ltr'><strong><em>fortissimus</em></strong></span> <span class='ocrx_word' id='word_1_170' title='bbox 1175 1052 1293 1102; x_wconf 87' lang='lat' dir='ltr'><strong><em>bello,</em></strong></span> <span class='ocrx_word' id='word_1_171' title='bbox 1322 1054 1564 1106; x_wconf 83' lang='lat' dir='ltr'><strong><em>compressis,</em></strong></span> 
     </span>
     <span class='ocr_line' id='line_1_18' title="bbox 129 1107 1565 1166; baseline 0.001 -18"><span class='ocrx_word' id='word_1_172' title='bbox 129 1107 239 1158; x_wconf 84' lang='lat' dir='ltr'><strong><em>quod</em></strong></span> <span class='ocrx_word' id='word_1_173' title='bbox 264 1109 398 1160; x_wconf 67' lang='lat' dir='ltr'><strong><em>aimei,</em></strong></span> <span class='ocrx_word' id='word_1_174' title='bbox 418 1110 603 1150; x_wconf 82' lang='lat' dir='ltr'><strong><em>manibus</em></strong></span> <span class='ocrx_word' id='word_1_175' title='bbox 621 1108 789 1151; x_wconf 71' lang='lat' dir='ltr'><strong><em>sedeas?</em></strong></span> <span class='ocrx_word' id='word_1_176' title='bbox 818 1117 1030 1166; x_wconf 75' lang='lat' dir='ltr'><strong><em>utcumque</em></strong></span> <span class='ocrx_word' id='word_1_177' title='bbox 1061 1110 1165 1150; x_wconf 86' lang='lat' dir='ltr'><strong><em>enim</em></strong></span> <span class='ocrx_word' id='word_1_178' title='bbox 1195 1123 1235 1149; x_wconf 88' lang='lat' dir='ltr'><strong><em>se</em></strong></span> <span class='ocrx_word' id='word_1_179' title='bbox 1255 1108 1373 1150; x_wconf 73' lang='lat' dir='ltr'><strong><em>babet</em></strong></span> <span class='ocrx_word' id='word_1_180' title='bbox 1387 1118 1400 1131; x_wconf 90' lang='lat'>⁰</span> <span class='ocrx_word' id='word_1_181' title='bbox 1430 1124 1504 1159; x_wconf 86' lang='lat' dir='ltr'><strong><em>res,</em></strong></span> <span class='ocrx_word' id='word_1_182' title='bbox 1527 1117 1565 1150; x_wconf 87' lang='lat' dir='ltr'><strong><em>te</em></strong></span> 
     </span>
     <span class='ocr_line' id='line_1_19' title="bbox 82 1160 1564 1221; baseline -0.001 -12"><span class='ocrx_word' id='word_1_183' title='bbox 82 1207 93 1209; x_wconf 85' lang='lat'><strong><em>-</em></strong></span> <span class='ocrx_word' id='word_1_184' title='bbox 130 1160 178 1204; x_wconf 81' lang='lat' dir='ltr'><strong><em>de</em></strong></span> <span class='ocrx_word' id='word_1_185' title='bbox 206 1172 345 1207; x_wconf 84' lang='lat' dir='ltr'><strong><em>nostru</em></strong></span> <span class='ocrx_word' id='word_1_186' title='bbox 375 1166 525 1207; x_wconf 72' lang='lat' dir='ltr'><strong><em>virtute</em></strong></span> <span class='ocrx_word' id='word_1_187' title='bbox 553 1166 751 1207; x_wconf 78' lang='lat' dir='ltr'><strong><em>dubitasse</em></strong></span> <span class='ocrx_word' id='word_1_188' title='bbox 780 1167 926 1216; x_wconf 65' lang='lat' dir='ltr'><strong><em>videri,</em></strong></span> <span class='ocrx_word' id='word_1_189' title='bbox 948 1181 1068 1221; x_wconf 85' lang='lat' dir='ltr'><strong><em>quam</em></strong></span> <span class='ocrx_word' id='word_1_190' title='bbox 1090 1181 1158 1206; x_wconf 84' lang='lat' dir='ltr'><strong><em>uos</em></strong></span> <span class='ocrx_word' id='word_1_191' title='bbox 1189 1165 1235 1205; x_wconf 85' lang='lat' dir='ltr'><strong><em>de</em></strong></span> <span class='ocrx_word' id='word_1_192' title='bbox 1265 1173 1351 1216; x_wconf 87' lang='lat' dir='ltr'><strong><em>tua,</em></strong></span> <span class='ocrx_word' id='word_1_193' title='bbox 1381 1170 1414 1192; x_wconf 74' lang='lat'><strong><em>7‘2</em></strong></span> <span class='ocrx_word' id='word_1_194' title='bbox 1431 1167 1564 1207; x_wconf 80' lang='lat' dir='ltr'><strong><em>verius</em></strong></span> 
     </span>
     <span class='ocr_line' id='line_1_20' title="bbox 131 1219 1561 1277; baseline 0.002 -17"><span class='ocrx_word' id='word_1_195' title='bbox 131 1227 200 1262; x_wconf 82' lang='lat' dir='ltr'><strong><em>est.</em></strong></span> <span class='ocrx_word' id='word_1_196' title='bbox 262 1221 337 1263; x_wconf 82' lang='lat' dir='ltr'><strong><em>Sin</em></strong></span> <span class='ocrx_word' id='word_1_197' title='bbox 357 1230 488 1263; x_wconf 87' lang='lat' dir='ltr'><strong><em>autem</em></strong></span> <span class='ocrx_word' id='word_1_198' title='bbox 509 1238 587 1264; x_wconf 86' lang='lat' dir='ltr'><strong><em>non</em></strong></span> <span class='ocrx_word' id='word_1_199' title='bbox 608 1231 720 1264; x_wconf 81' lang='lat' dir='ltr'><strong><em>tuum</em></strong></span> <span class='ocrx_word' id='word_1_200' title='bbox 741 1223 858 1275; x_wconf 81' lang='lat' dir='ltr'><strong><em>istuc,</em></strong></span> <span class='ocrx_word' id='word_1_201' title='bbox 879 1223 946 1264; x_wconf 83' lang='lat' dir='ltr'><strong><em>sed</em></strong></span> <span class='ocrx_word' id='word_1_202' title='bbox 968 1222 1178 1277; x_wconf 82' lang='lat' dir='ltr'><strong><em>publicum</em></strong></span> <span class='ocrx_word' id='word_1_203' title='bbox 1200 1228 1259 1262; x_wconf 79' lang='lat' dir='ltr'><strong><em>est</em></strong></span> <span class='ocrx_word' id='word_1_204' title='bbox 1281 1219 1505 1272; x_wconf 83' lang='lat' dir='ltr'><strong><em>consilium,</em></strong></span> <span class='ocrx_word' id='word_1_205' title='bbox 1527 1230 1561 1263; x_wconf 83' lang='lat' dir='ltr'><strong><em>et</em></strong></span> 
     </span>
     <span class='ocr_line' id='line_1_21' title="bbox 132 1278 1564 1335; baseline 0.002 -18"><span class='ocrx_word' id='word_1_206' title='bbox 132 1291 340 1319; x_wconf 78' lang='lat' dir='ltr'><strong><em>consensus</em></strong></span> <span class='ocrx_word' id='word_1_207' title='bbox 360 1279 511 1335; x_wconf 80' lang='lat' dir='ltr'><strong><em>aliquis</em></strong></span> <span class='ocrx_word' id='word_1_208' title='bbox 531 1280 729 1330; x_wconf 58' lang='lat' dir='ltr'><strong><em>Patr-um,</em></strong></span> <span class='ocrx_word' id='word_1_209' title='bbox 752 1295 828 1320; x_wconf 86' lang='lat' dir='ltr'><strong><em>non</em></strong></span> <span class='ocrx_word' id='word_1_210' title='bbox 856 1278 1066 1320; x_wconf 84' lang='lat' dir='ltr'><strong><em>Gallicum</em></strong></span> <span class='ocrx_word' id='word_1_211' title='bbox 1097 1279 1255 1328; x_wconf 86' lang='lat' dir='ltr'><strong><em>bellum,</em></strong></span> <span class='ocrx_word' id='word_1_212' title='bbox 1276 1293 1342 1318; x_wconf 77' lang='lat' dir='ltr'><strong><em>uos</em></strong></span> <span class='ocrx_word' id='word_1_213' title='bbox 1371 1278 1422 1318; x_wconf 92' lang='lat' dir='ltr'><strong><em>ab</em></strong></span> <span class='ocrx_word' id='word_1_214' title='bbox 1453 1279 1564 1329; x_wconf 83' lang='lat' dir='ltr'><strong><em>urbe,</em></strong></span> 
     </span>
     <span class='ocr_line' id='line_1_22' title="bbox 131 1334 1563 1393; baseline 0.001 -19"><span class='ocrx_word' id='word_1_215' title='bbox 131 1349 156 1374; x_wconf 83' lang='lat' dir='ltr'><strong><em>a</em></strong></span> <span class='ocrx_word' id='word_1_216' title='bbox 177 1334 406 1377; x_wconf 83' lang='lat' dir='ltr'><strong><em>Penatibus</em></strong></span> <span class='ocrx_word' id='word_1_217' title='bbox 428 1338 571 1377; x_wconf 83' lang='lat' dir='ltr'><strong><em>nostris</em></strong></span> <span class='ocrx_word' id='word_1_218' title='bbox 591 1337 797 1393; x_wconf 79' lang='lat' dir='ltr'><strong><em>ablegatos</em></strong></span> <span class='ocrx_word' id='word_1_219' title='bbox 826 1344 927 1377; x_wconf 82' lang='lat' dir='ltr'><strong><em>tenet</em></strong></span> <span class='ocrx_word' id='word_1_220' title='bbox 944 1352 956 1385; x_wconf 89' lang='lat'><em>;</em></span> <span class='ocrx_word' id='word_1_221' title='bbox 987 1350 1129 1391; x_wconf 80' lang='lat' dir='ltr'><strong><em>quceso,</em></strong></span> <span class='ocrx_word' id='word_1_222' title='bbox 1151 1342 1194 1375; x_wconf 88' lang='lat' dir='ltr'><strong><em>ut</em></strong></span> <span class='ocrx_word' id='word_1_223' title='bbox 1222 1349 1284 1385; x_wconf 84' lang='lat' dir='ltr'><strong><em>ea,</em></strong></span> <span class='ocrx_word' id='word_1_224' title='bbox 1305 1350 1390 1390; x_wconf 68' lang='lat' dir='ltr'><strong><em>qua:</em></strong></span> <span class='ocrx_word' id='word_1_225' title='bbox 1419 1334 1563 1387; x_wconf 84' lang='lat' dir='ltr'><strong><em>dicam,</em></strong></span> 
     </span>
     <span class='ocr_line' id='line_1_23' title="bbox 130 1391 1564 1448; baseline 0.001 -18"><span class='ocrx_word' id='word_1_226' title='bbox 130 1405 210 1432; x_wconf 77' lang='lat' dir='ltr'><strong><em>non</em></strong></span> <span class='ocrx_word' id='word_1_227' title='bbox 227 1407 253 1434; x_wconf 85' lang='lat' dir='ltr'><strong><em>a</em></strong></span> <span class='ocrx_word' id='word_1_228' title='bbox 273 1393 467 1434; x_wconf 83' lang='lat' dir='ltr'><strong><em>militibus</em></strong></span> <span class='ocrx_word' id='word_1_229' title='bbox 489 1392 721 1448; x_wconf 81' lang='lat' dir='ltr'><strong><em>imperatori</em></strong></span> <span class='ocrx_word' id='word_1_230' title='bbox 743 1393 853 1434; x_wconf 86' lang='lat' dir='ltr'><strong><em>dicta</em></strong></span> <span class='ocrx_word' id='word_1_231' title='bbox 873 1407 1037 1444; x_wconf 85' lang='lat' dir='ltr'><strong><em>censeas,</em></strong></span> <span class='ocrx_word' id='word_1_232' title='bbox 1057 1392 1124 1433; x_wconf 82' lang='lat' dir='ltr'><strong><em>sed</em></strong></span> <span class='ocrx_word' id='word_1_233' title='bbox 1144 1407 1168 1433; x_wconf 89' lang='lat' dir='ltr'><strong><em>a</em></strong></span> <span class='ocrx_word' id='word_1_234' title='bbox 1184 1391 1300 1446; x_wconf 84' lang='lat' dir='ltr'><strong><em>plebe</em></strong></span> <span class='ocrx_word' id='word_1_235' title='bbox 1332 1391 1535 1433; x_wconf 87' lang='lat' dir='ltr'><strong><em>Patribus</em></strong></span> <span class='ocrx_word' id='word_1_236' title='bbox 1553 1410 1564 1440; x_wconf 90' lang='grc'><strong><em>,-</em></strong></span> 
     </span>
     <span class='ocr_line' id='line_1_24' title="bbox 131 1448 1564 1502; baseline 0.002 -15"><span class='ocrx_word' id='word_1_237' title='bbox 131 1462 231 1502; x_wconf 80' lang='lat' dir='ltr'><strong><em>quae,</em></strong></span> <span class='ocrx_word' id='word_1_238' title='bbox 251 1449 352 1490; x_wconf 81' lang='lat' dir='ltr'><strong><em>sicut</em></strong></span> <span class='ocrx_word' id='word_1_239' title='bbox 373 1464 440 1491; x_wconf 88' lang='lat' dir='ltr'><strong><em>vos</em></strong></span> <span class='ocrx_word' id='word_1_240' title='bbox 461 1457 592 1491; x_wconf 77' lang='lat' dir='ltr'><strong><em>vestra</em></strong></span> <span class='ocrx_word' id='word_1_241' title='bbox 613 1449 795 1490; x_wconf 80' lang='lat' dir='ltr'><strong><em>habeatis</em></strong></span> <span class='ocrx_word' id='word_1_242' title='bbox 819 1449 999 1500; x_wconf 84' lang='lat' dir='ltr'><strong><em>consilia,</em></strong></span> <span class='ocrx_word' id='word_1_243' title='bbox 1019 1450 1073 1490; x_wconf 85' lang='lat' dir='ltr'><strong><em>sic</em></strong></span> <span class='ocrx_word' id='word_1_244' title='bbox 1095 1464 1132 1490; x_wconf 88' lang='lat' dir='ltr'><strong><em>se</em></strong></span> <span class='ocrx_word' id='word_1_245' title='bbox 1153 1463 1225 1489; x_wconf 86' lang='lat' dir='ltr'><strong><em>sua</em></strong></span> <span class='ocrx_word' id='word_1_246' title='bbox 1248 1448 1482 1489; x_wconf 74' lang='lat' dir='ltr'><strong><em>babituram</em></strong></span> <span class='ocrx_word' id='word_1_247' title='bbox 1502 1449 1564 1490; x_wconf 84' lang='lat' dir='ltr'><strong><em>di-</em></strong></span> 
     </span>
     <span class='ocr_line' id='line_1_25' title="bbox 131 1506 1563 1561; baseline 0.001 -16"><span class='ocrx_word' id='word_1_248' title='bbox 131 1512 209 1546; x_wconf 83' lang='lat' dir='ltr'><strong><em>cat.</em></strong></span> <span class='ocrx_word' id='word_1_249' title='bbox 272 1506 374 1561; x_wconf 74' lang='lat' dir='ltr'><strong><em>Quis</em></strong></span> <span class='ocrx_word' id='word_1_250' title='bbox 394 1506 554 1547; x_wconf 79' lang='lat' dir='ltr'><strong><em>tandem</em></strong></span> <span class='ocrx_word' id='word_1_251' title='bbox 574 1513 808 1557; x_wconf 80' lang='lat' dir='ltr'><strong><em>succenseat,</em></strong></span> <span class='ocrx_word' id='word_1_252' title='bbox 825 1506 973 1547; x_wconf 78' lang='lat' dir='ltr'><strong><em>milites</em></strong></span> <span class='ocrx_word' id='word_1_253' title='bbox 995 1521 1067 1546; x_wconf 85' lang='lat' dir='ltr'><strong><em>nos</em></strong></span> <span class='ocrx_word' id='word_1_254' title='bbox 1089 1520 1185 1556; x_wconf 88' lang='lat' dir='ltr'><strong><em>esse,</em></strong></span> <span class='ocrx_word' id='word_1_255' title='bbox 1207 1520 1286 1545; x_wconf 83' lang='lat' dir='ltr'><strong><em>non</em></strong></span> <span class='ocrx_word' id='word_1_256' title='bbox 1316 1519 1447 1546; x_wconf 77' lang='lat' dir='ltr'><strong><em>servos</em></strong></span> <span class='ocrx_word' id='word_1_257' title='bbox 1478 1520 1563 1546; x_wconf 81' lang='lat' dir='ltr'><strong><em>ves-</em></strong></span> 
     </span>
     <span class='ocr_line' id='line_1_26' title="bbox 131 1560 1565 1617; baseline 0.001 -16"><span class='ocrx_word' id='word_1_258' title='bbox 131 1567 213 1602; x_wconf 80' lang='lat' dir='ltr'><strong><em>tros</em></strong></span> <span class='ocrx_word' id='word_1_259' title='bbox 228 1560 250 1602; x_wconf 61' lang='lat'><strong><em>{²</em></strong></span> <span class='ocrx_word' id='word_1_260' title='bbox 279 1563 334 1603; x_wconf 86' lang='lat' dir='ltr'><strong><em>ad</em></strong></span> <span class='ocrx_word' id='word_1_261' title='bbox 353 1562 516 1615; x_wconf 87' lang='lat' dir='ltr'><strong><em>bellum,</em></strong></span> <span class='ocrx_word' id='word_1_262' title='bbox 537 1578 615 1604; x_wconf 84' lang='lat' dir='ltr'><strong><em>non</em></strong></span> <span class='ocrx_word' id='word_1_263' title='bbox 636 1563 679 1602; x_wconf 85' lang='lat' dir='ltr'><strong><em>in</em></strong></span> <span class='ocrx_word' id='word_1_264' title='bbox 700 1563 897 1614; x_wconf 68' lang='lat' dir='ltr'><strong><em>exsilium,</em></strong></span> <span class='ocrx_word' id='word_1_265' title='bbox 919 1563 1052 1603; x_wconf 84' lang='lat' dir='ltr'><strong><em>missos</em></strong></span> <span class='ocrx_word' id='word_1_266' title='bbox 1070 1562 1091 1603; x_wconf 69' lang='lat' dir='ltr'><strong><em>L?</em></strong></span> <span class='ocrx_word' id='word_1_267' title='bbox 1120 1563 1154 1602; x_wconf 83' lang='lat' dir='ltr'><strong><em>si</em></strong></span> <span class='ocrx_word' id='word_1_268' title='bbox 1175 1563 1265 1617; x_wconf 82' lang='lat' dir='ltr'><strong><em>quis</em></strong></span> <span class='ocrx_word' id='word_1_269' title='bbox 1296 1560 1360 1602; x_wconf 77' lang='lat' dir='ltr'><strong><em>det</em></strong></span> <span class='ocrx_word' id='word_1_270' title='bbox 1390 1562 1565 1617; x_wconf 80' lang='lat' dir='ltr'><strong><em>signum,</em></strong></span> 
     </span>
     <span class='ocr_line' id='line_1_27' title="bbox 128 1617 1565 1675; baseline 0 -17"><span class='ocrx_word' id='word_1_271' title='bbox 128 1617 175 1660; x_wconf 78' lang='lat' dir='ltr'><strong><em>in</em></strong></span> <span class='ocrx_word' id='word_1_272' title='bbox 195 1620 321 1660; x_wconf 86' lang='lat' dir='ltr'><strong><em>aciem</em></strong></span> <span class='ocrx_word' id='word_1_273' title='bbox 341 1619 498 1671; x_wconf 81' lang='lat' dir='ltr'><strong><em>educat,</em></strong></span> <span class='ocrx_word' id='word_1_274' title='bbox 519 1626 564 1660; x_wconf 84' lang='lat' dir='ltr'><strong><em>ut</em></strong></span> <span class='ocrx_word' id='word_1_275' title='bbox 585 1620 686 1661; x_wconf 82' lang='lat' dir='ltr'><strong><em>viris</em></strong></span> <span class='ocrx_word' id='word_1_276' title='bbox 707 1635 753 1660; x_wconf 88' lang='lat' dir='ltr'><strong><em>ac</em></strong></span> <span class='ocrx_word' id='word_1_277' title='bbox 776 1618 974 1660; x_wconf 85' lang='lat' dir='ltr'><strong><em>Romanis</em></strong></span> <span class='ocrx_word' id='word_1_278' title='bbox 995 1619 1162 1675; x_wconf 80' lang='lat' dir='ltr'><strong><em>dignum</em></strong></span> <span class='ocrx_word' id='word_1_279' title='bbox 1188 1619 1260 1668; x_wconf 84' lang='lat' dir='ltr'><strong><em>sit,</em></strong></span> <span class='ocrx_word' id='word_1_280' title='bbox 1274 1625 1529 1673; x_wconf 83' lang='lat' dir='ltr'><strong><em>pugnaturos</em></strong></span> <span class='ocrx_word' id='word_1_281' title='bbox 1542 1618 1565 1659; x_wconf 64' lang='lat' dir='ltr'><strong><em>{l</em></strong></span> 
     </span>
     <span class='ocr_line' id='line_1_28' title="bbox 128 1675 1563 1731; baseline 0.001 -17"><span class='ocrx_word' id='word_1_282' title='bbox 128 1675 165 1716; x_wconf 86' lang='lat' dir='ltr'><strong><em>si</em></strong></span> <span class='ocrx_word' id='word_1_283' title='bbox 185 1675 292 1716; x_wconf 82' lang='lat' dir='ltr'><strong><em>nilzil</em></strong></span> <span class='ocrx_word' id='word_1_284' title='bbox 317 1677 441 1717; x_wconf 86' lang='lat' dir='ltr'><strong><em>armis</em></strong></span> <span class='ocrx_word' id='word_1_285' title='bbox 470 1691 566 1731; x_wconf 86' lang='lat' dir='ltr'><strong><em>opus</em></strong></span> <span class='ocrx_word' id='word_1_286' title='bbox 594 1677 658 1727; x_wconf 85' lang='lat' dir='ltr'><strong><em>sit,</em></strong></span> <span class='ocrx_word' id='word_1_287' title='bbox 680 1676 806 1716; x_wconf 83' lang='lat' dir='ltr'><strong><em>otium</em></strong></span> <span class='ocrx_word' id='word_1_288' title='bbox 837 1675 977 1717; x_wconf 72' lang='lat' dir='ltr'><strong><em>Romaz</em></strong></span> <span class='ocrx_word' id='word_1_289' title='bbox 1005 1676 1155 1730; x_wconf 87' lang='lat' dir='ltr'><strong><em>potius,</em></strong></span> <span class='ocrx_word' id='word_1_290' title='bbox 1177 1678 1301 1730; x_wconf 82' lang='lat' dir='ltr'><strong><em>quam</em></strong></span> <span class='ocrx_word' id='word_1_291' title='bbox 1335 1675 1378 1714; x_wconf 87' lang='lat' dir='ltr'><strong><em>in</em></strong></span> <span class='ocrx_word' id='word_1_292' title='bbox 1409 1675 1563 1724; x_wconf 85' lang='lat' dir='ltr'><strong><em>castris,</em></strong></span> 
     </span>
     <span class='ocr_line' id='line_1_29' title="bbox 129 1730 1564 1787; baseline 0 -15"><span class='ocrx_word' id='word_1_293' title='bbox 129 1731 321 1773; x_wconf 69' lang='lat' dir='ltr'><strong><em>actm-os?</em></strong></span> <span class='ocrx_word' id='word_1_294' title='bbox 350 1733 429 1774; x_wconf 73' lang='lat' dir='ltr'><strong><em>lzaec</em></strong></span> <span class='ocrx_word' id='word_1_295' title='bbox 458 1733 567 1775; x_wconf 84' lang='lat' dir='ltr'><strong><em>dicta</em></strong></span> <span class='ocrx_word' id='word_1_296' title='bbox 596 1733 674 1774; x_wconf 88' lang='lat' dir='ltr'><strong><em>sint</em></strong></span> <span class='ocrx_word' id='word_1_297' title='bbox 704 1732 919 1774; x_wconf 86' lang='lat' dir='ltr'><strong><em>Patribus.</em></strong></span> <span class='ocrx_word' id='word_1_298' title='bbox 983 1732 1050 1782; x_wconf 88' lang='lat' dir='ltr'><strong><em>Te,</em></strong></span> <span class='ocrx_word' id='word_1_299' title='bbox 1071 1732 1306 1787; x_wconf 86' lang='lat' dir='ltr'><strong><em>imperator,</em></strong></span> <span class='ocrx_word' id='word_1_300' title='bbox 1326 1730 1472 1772; x_wconf 81' lang='lat' dir='ltr'><strong><em>milites</em></strong></span> <span class='ocrx_word' id='word_1_301' title='bbox 1502 1733 1564 1772; x_wconf 83' lang='lat' dir='ltr'><strong><em>tui</em></strong></span> 
     </span>
     <span class='ocr_line' id='line_1_30' title="bbox 130 1787 1566 1846; baseline -0.001 -17"><span class='ocrx_word' id='word_1_302' title='bbox 130 1803 306 1841; x_wconf 88' lang='lat' dir='ltr'><strong><em>oramus,</em></strong></span> <span class='ocrx_word' id='word_1_303' title='bbox 328 1796 374 1830; x_wconf 87' lang='lat' dir='ltr'><strong><em>ut</em></strong></span> <span class='ocrx_word' id='word_1_304' title='bbox 399 1789 513 1831; x_wconf 86' lang='lat' dir='ltr'><strong><em>nobis</em></strong></span> <span class='ocrx_word' id='word_1_305' title='bbox 535 1788 752 1846; x_wconf 83' lang='lat' dir='ltr'><strong><em>pugnandi</em></strong></span> <span class='ocrx_word' id='word_1_306' title='bbox 772 1789 927 1845; x_wconf 86' lang='lat' dir='ltr'><strong><em>copiam</em></strong></span> <span class='ocrx_word' id='word_1_307' title='bbox 943 1787 1100 1844; x_wconf 86' lang='lat' dir='ltr'><strong><em>facias.</em></strong></span> <span class='ocrx_word' id='word_1_308' title='bbox 1133 1803 1256 1844; x_wconf 72' lang='lat' dir='ltr'><strong><em>qzcum</em></strong></span> <span class='ocrx_word' id='word_1_309' title='bbox 1273 1801 1288 1822; x_wconf 77' lang='lat'><strong><em>1³</em></strong></span> <span class='ocrx_word' id='word_1_310' title='bbox 1318 1788 1476 1828; x_wconf 78' lang='lat' dir='ltr'><strong><em>vincere</em></strong></span> <span class='ocrx_word' id='word_1_311' title='bbox 1496 1803 1566 1829; x_wconf 88' lang='lat' dir='ltr'><strong><em>cu-</em></strong></span> 
     </span>
     <span class='ocr_line' id='line_1_31' title="bbox 124 1843 1563 1901; baseline -0.001 -15"><span class='ocrx_word' id='word_1_312' title='bbox 124 1846 274 1900; x_wconf 87' lang='lat' dir='ltr'><strong><em>pimus,</em></strong></span> <span class='ocrx_word' id='word_1_313' title='bbox 294 1853 379 1887; x_wconf 77' lang='lat' dir='ltr'><strong><em>tum</em></strong></span> <span class='ocrx_word' id='word_1_314' title='bbox 401 1853 439 1887; x_wconf 83' lang='lat' dir='ltr'><strong><em>te</em></strong></span> <span class='ocrx_word' id='word_1_315' title='bbox 468 1846 590 1887; x_wconf 80' lang='lat' dir='ltr'><strong><em>duceq</em></strong></span> <span class='ocrx_word' id='word_1_316' title='bbox 621 1846 806 1896; x_wconf 67' lang='lat' dir='ltr'><strong><em>vincere3</em></strong></span> <span class='ocrx_word' id='word_1_317' title='bbox 836 1846 912 1887; x_wconf 83' lang='lat' dir='ltr'><strong><em>tibi</em></strong></span> <span class='ocrx_word' id='word_1_318' title='bbox 942 1846 1125 1887; x_wconf 82' lang='lat' dir='ltr'><strong><em>lauream</em></strong></span> <span class='ocrx_word' id='word_1_319' title='bbox 1154 1845 1348 1901; x_wconf 83' lang='lat' dir='ltr'><strong><em>ins-ignem</em></strong></span> <span class='ocrx_word' id='word_1_320' title='bbox 1378 1843 1563 1900; x_wconf 74' lang='lat' dir='ltr'><strong><em>deferre,-</em></strong></span> 
     </span>
     <span class='ocr_line' id='line_1_32' title="bbox 128 1900 1563 1958; baseline -0.001 -16"><span class='ocrx_word' id='word_1_321' title='bbox 128 1909 256 1944; x_wconf 81' lang='lat' dir='ltr'><strong><em>tecum</em></strong></span> <span class='ocrx_word' id='word_1_322' title='bbox 275 1903 566 1957; x_wconf 76' lang='lat' dir='ltr'><strong><em>triumphantes</em></strong></span> <span class='ocrx_word' id='word_1_323' title='bbox 584 1903 722 1944; x_wconf 87' lang='lat' dir='ltr'><strong><em>urbem</em></strong></span> <span class='ocrx_word' id='word_1_324' title='bbox 742 1903 848 1944; x_wconf 87' lang='lat' dir='ltr'><strong><em>inire</em></strong></span> <span class='ocrx_word' id='word_1_325' title='bbox 865 1919 877 1953; x_wconf 83' lang='lat'><strong><em>,-</em></strong></span> <span class='ocrx_word' id='word_1_326' title='bbox 907 1911 1019 1944; x_wconf 81' lang='lat' dir='ltr'><strong><em>tuum</em></strong></span> <span class='ocrx_word' id='word_1_327' title='bbox 1038 1908 1239 1958; x_wconf 82' lang='lat' dir='ltr'><strong><em>sequentes</em></strong></span> <span class='ocrx_word' id='word_1_328' title='bbox 1260 1916 1424 1942; x_wconf 86' lang='lat' dir='ltr'><strong><em>currum</em></strong></span> <span class='ocrx_word' id='word_1_329' title='bbox 1445 1900 1563 1943; x_wconf 79' lang='lat' dir='ltr'><strong><em>Jovis</em></strong></span> 
     </span>
     <span class='ocr_line' id='line_1_33' title="bbox 131 1957 1565 2016; baseline -0.001 -17"><span class='ocrx_word' id='word_1_330' title='bbox 131 1959 276 2013; x_wconf 83' lang='lat' dir='ltr'><strong><em>optimi</em></strong></span> <span class='ocrx_word' id='word_1_331' title='bbox 295 1960 460 2001; x_wconf 80' lang='lat' dir='ltr'><strong><em>maximi</em></strong></span> <span class='ocrx_word' id='word_1_332' title='bbox 481 1960 670 2016; x_wconf 84' lang='lat' dir='ltr'><strong><em>templum</em></strong></span> <span class='ocrx_word' id='word_1_333' title='bbox 697 1967 906 2016; x_wconf 83' lang='lat' dir='ltr'><strong><em>gratantes</em></strong></span> <span class='ocrx_word' id='word_1_334' title='bbox 936 1965 1174 2015; x_wconf 84' lang='lat' dir='ltr'><strong><em>ovantesque</em></strong></span> <span class='ocrx_word' id='word_1_335' title='bbox 1204 1957 1331 1999; x_wconf 87' lang='lat' dir='ltr'><strong><em>adire.</em></strong></span> <span class='ocrx_word' id='word_1_336' title='bbox 1393 1957 1565 1998; x_wconf 84' lang='lat' dir='ltr'><strong><em>Oratio-</em></strong></span> 
     </span>
     <span class='ocr_line' id='line_1_34' title="bbox 130 2014 1565 2073; baseline -0.001 -17"><span class='ocrx_word' id='word_1_337' title='bbox 130 2029 232 2056; x_wconf 88' lang='lat' dir='ltr'><strong><em>nem</em></strong></span> <span class='ocrx_word' id='word_1_338' title='bbox 252 2015 383 2057; x_wconf 87' lang='lat' dir='ltr'><strong><em>Tullii</em></strong></span> <span class='ocrx_word' id='word_1_339' title='bbox 412 2026 674 2073; x_wconf 80' lang='lat' dir='ltr'><strong><em>exceperunt</em></strong></span> <span class='ocrx_word' id='word_1_340' title='bbox 703 2031 847 2072; x_wconf 84' lang='lat' dir='ltr'><strong><em>preces</em></strong></span> <span class='ocrx_word' id='word_1_341' title='bbox 877 2016 1188 2066; x_wconf 86' lang='lat' dir='ltr'><strong><em>multitudinis;</em></strong></span> <span class='ocrx_word' id='word_1_342' title='bbox 1218 2024 1262 2055; x_wconf 86' lang='lat' dir='ltr'><strong><em>et</em></strong></span> <span class='ocrx_word' id='word_1_343' title='bbox 1295 2014 1494 2069; x_wconf 86' lang='lat' dir='ltr'><strong><em>undique,</em></strong></span> <span class='ocrx_word' id='word_1_344' title='bbox 1517 2022 1565 2055; x_wconf 83' lang='lat' dir='ltr'><strong><em>ut</em></strong></span> 
     </span>
     <span class='ocr_line' id='line_1_35' title="bbox 131 2072 1319 2130; baseline -0.002 -17"><span class='ocrx_word' id='word_1_345' title='bbox 131 2073 303 2129; x_wconf 81' lang='lat' dir='ltr'><strong><em>signum</em></strong></span> <span class='ocrx_word' id='word_1_346' title='bbox 325 2073 458 2124; x_wconf 82' lang='lat' dir='ltr'><strong><em>daret,</em></strong></span> <span class='ocrx_word' id='word_1_347' title='bbox 481 2085 526 2115; x_wconf 89' lang='lat' dir='ltr'><strong><em>ut</em></strong></span> <span class='ocrx_word' id='word_1_348' title='bbox 548 2088 700 2130; x_wconf 84' lang='lat' dir='ltr'><strong><em>capere</em></strong></span> <span class='ocrx_word' id='word_1_349' title='bbox 721 2085 836 2115; x_wconf 82' lang='lat' dir='ltr'><strong><em>arma</em></strong></span> <span class='ocrx_word' id='word_1_350' title='bbox 850 2073 1039 2128; x_wconf 88' lang='lat' dir='ltr'><strong><em>juberet,</em></strong></span> <span class='ocrx_word' id='word_1_351' title='bbox 1062 2072 1319 2113; x_wconf 82' lang='lat' dir='ltr'><strong><em>clamabant.</em></strong></span> 
     </span>
    </p>

    <p class='ocr_par' dir='ltr' id='par_1_3' title="bbox 129 2125 1572 2470">
     <span class='ocr_line' id='line_1_36' title="bbox 191 2125 1563 2185; baseline -0.001 -15"><span class='ocrx_word' id='word_1_352' title='bbox 191 2129 322 2170; x_wconf 85' lang='lat' dir='ltr'>XIV.</span> <span class='ocrx_word' id='word_1_353' title='bbox 356 2130 567 2182; x_wconf 82' lang='lat' dir='ltr'><strong><em>Dictator,</em></strong></span> <span class='ocrx_word' id='word_1_354' title='bbox 604 2144 860 2185; x_wconf 83' lang='lat' dir='ltr'><strong><em>q-uamquam</em></strong></span> <span class='ocrx_word' id='word_1_355' title='bbox 896 2144 985 2170; x_wconf 87' lang='lat' dir='ltr'><strong><em>rem</em></strong></span> <span class='ocrx_word' id='word_1_356' title='bbox 1020 2130 1176 2170; x_wconf 85' lang='lat' dir='ltr'><strong><em>bonam</em></strong></span> <span class='ocrx_word' id='word_1_357' title='bbox 1214 2142 1334 2168; x_wconf 79' lang='lat' dir='ltr'><strong><em>exem</em></strong></span> <span class='ocrx_word' id='word_1_358' title='bbox 1344 2125 1412 2182; x_wconf 88' lang='lat' dir='ltr'><strong><em>plo</em></strong></span> <span class='ocrx_word' id='word_1_359' title='bbox 1448 2126 1563 2168; x_wconf 84' lang='lat' dir='ltr'><strong><em>haud</em></strong></span> 
     </span>
     <span class='ocr_line' id='line_1_37' title="bbox 130 2183 1562 2241; baseline -0.003 -14"><span class='ocrx_word' id='word_1_360' title='bbox 130 2186 341 2241; x_wconf 83' lang='lat' dir='ltr'><strong><em>probabili</em></strong></span> <span class='ocrx_word' id='word_1_361' title='bbox 363 2198 503 2229; x_wconf 85' lang='lat' dir='ltr'><strong><em>actam</em></strong></span> <span class='ocrx_word' id='word_1_362' title='bbox 525 2188 740 2238; x_wconf 83' lang='lat' dir='ltr'><strong><em>cernebat,</em></strong></span> <span class='ocrx_word' id='word_1_363' title='bbox 761 2197 899 2228; x_wconf 84' lang='lat' dir='ltr'><strong><em>tamen</em></strong></span> <span class='ocrx_word' id='word_1_364' title='bbox 924 2185 1152 2233; x_wconf 87' lang='lat' dir='ltr'><strong><em>facturum,</em></strong></span> <span class='ocrx_word' id='word_1_365' title='bbox 1169 2185 1284 2240; x_wconf 84' lang='lat' dir='ltr'><strong><em>quod</em></strong></span> <span class='ocrx_word' id='word_1_366' title='bbox 1301 2183 1453 2224; x_wconf 82' lang='lat' dir='ltr'><strong><em>milites</em></strong></span> <span class='ocrx_word' id='word_1_367' title='bbox 1474 2184 1562 2224; x_wconf 78' lang='lat' dir='ltr'><strong><em>vel-</em></strong></span> 
     </span>
     <span class='ocr_line' id='line_1_38' title="bbox 131 2241 1560 2300; baseline -0.001 -17"><span class='ocrx_word' id='word_1_368' title='bbox 131 2244 235 2295; x_wconf 83' lang='lat' dir='ltr'><strong><em>lent,</em></strong></span> <span class='ocrx_word' id='word_1_369' title='bbox 257 2257 300 2284; x_wconf 85' lang='lat' dir='ltr'><strong><em>se</em></strong></span> <span class='ocrx_word' id='word_1_370' title='bbox 320 2245 509 2300; x_wconf 90' lang='lat' dir='ltr'><strong><em>recepit;</em></strong></span> <span class='ocrx_word' id='word_1_371' title='bbox 539 2243 810 2298; x_wconf 81' lang='lat' dir='ltr'><strong><em>Tulliumque</em></strong></span> <span class='ocrx_word' id='word_1_372' title='bbox 840 2252 1022 2295; x_wconf 84' lang='lat' dir='ltr'><strong><em>secreto,</em></strong></span> <span class='ocrx_word' id='word_1_373' title='bbox 1043 2255 1241 2297; x_wconf 84' lang='lat' dir='ltr'><strong><em>quaenam</em></strong></span> <span class='ocrx_word' id='word_1_374' title='bbox 1272 2241 1367 2282; x_wconf 88' lang='lat' dir='ltr'><strong><em>haec</em></strong></span> <span class='ocrx_word' id='word_1_375' title='bbox 1396 2254 1460 2281; x_wconf 84' lang='lat' dir='ltr'><strong><em>res</em></strong></span> <span class='ocrx_word' id='word_1_376' title='bbox 1492 2241 1560 2292; x_wconf 88' lang='lat' dir='ltr'><strong><em>sit,</em></strong></span> 
     </span>
     <span class='ocr_line' id='line_1_39' title="bbox 132 2298 1561 2356; baseline -0.001 -16"><span class='ocrx_word' id='word_1_377' title='bbox 132 2310 206 2340; x_wconf 83' lang='lat' dir='ltr'><strong><em>aut</em></strong></span> <span class='ocrx_word' id='word_1_378' title='bbox 245 2316 331 2356; x_wconf 91' lang='lat' dir='ltr'><strong><em>quo</em></strong></span> <span class='ocrx_word' id='word_1_379' title='bbox 368 2311 465 2342; x_wconf 86' lang='lat' dir='ltr'><strong><em>acta</em></strong></span> <span class='ocrx_word' id='word_1_380' title='bbox 501 2315 631 2352; x_wconf 82' lang='lat' dir='ltr'><strong><em>more,</em></strong></span> <span class='ocrx_word' id='word_1_381' title='bbox 669 2308 984 2356; x_wconf 85' lang='lat' dir='ltr'><strong><em>percunctatur.</em></strong></span> <span class='ocrx_word' id='word_1_382' title='bbox 1042 2298 1206 2340; x_wconf 87' lang='lat' dir='ltr'><strong><em>Tullius</em></strong></span> <span class='ocrx_word' id='word_1_383' title='bbox 1242 2311 1500 2352; x_wconf 81' lang='lat' dir='ltr'><strong><em>magnopere</em></strong></span> <span class='ocrx_word' id='word_1_384' title='bbox 1536 2312 1561 2338; x_wconf 84' lang='lat' dir='ltr'><strong><em>a</em></strong></span> 
     </span>
     <span class='ocr_line' id='line_1_40' title="bbox 130 2353 1560 2414; baseline -0.003 -15"><span class='ocrx_word' id='word_1_385' title='bbox 130 2359 341 2399; x_wconf 87' lang='lat' dir='ltr'><strong><em>dictatore</em></strong></span> <span class='ocrx_word' id='word_1_386' title='bbox 365 2367 587 2414; x_wconf 55' lang='lat' dir='ltr'><strong><em>petere-sne</em></strong></span> <span class='ocrx_word' id='word_1_387' title='bbox 606 2372 644 2398; x_wconf 89' lang='lat' dir='ltr'><strong><em>se</em></strong></span> <span class='ocrx_word' id='word_1_388' title='bbox 663 2357 834 2398; x_wconf 87' lang='lat' dir='ltr'><strong><em>oblitum</em></strong></span> <span class='ocrx_word' id='word_1_389' title='bbox 853 2355 1075 2411; x_wconf 80' lang='lat' dir='ltr'><strong><em>disciplince</em></strong></span> <span class='ocrx_word' id='word_1_390' title='bbox 1095 2354 1302 2404; x_wconf 82' lang='lat' dir='ltr'><strong><em>militaris,</em></strong></span> <span class='ocrx_word' id='word_1_391' title='bbox 1323 2367 1370 2393; x_wconf 81' lang='lat' dir='ltr'><strong><em>ne</em></strong></span> <span class='ocrx_word' id='word_1_392' title='bbox 1395 2353 1471 2404; x_wconf 88' lang='lat' dir='ltr'><strong><em>sui,</em></strong></span> <span class='ocrx_word' id='word_1_393' title='bbox 1491 2368 1560 2394; x_wconf 79' lang='lat' dir='ltr'><strong><em>ne-</em></strong></span> 
     </span>
     <span class='ocr_line' id='line_1_41' title="bbox 129 2410 1572 2470; baseline -0.004 -15"><span class='ocrx_word' id='word_1_394' title='bbox 129 2429 177 2456; x_wconf 81' lang='lat' dir='ltr'><strong><em>ve</em></strong></span> <span class='ocrx_word' id='word_1_395' title='bbox 196 2415 466 2470; x_wconf 66' lang='lat' dir='ltr'><strong><em>imperatorias</em></strong></span> <span class='ocrx_word' id='word_1_396' title='bbox 484 2414 721 2468; x_wconf 83' lang='lat' dir='ltr'><strong><em>majestatis,</em></strong></span> <span class='ocrx_word' id='word_1_397' title='bbox 741 2413 936 2454; x_wconf 83' lang='lat' dir='ltr'><strong><em>crederet.-</em></strong></span> <span class='ocrx_word' id='word_1_398' title='bbox 955 2411 1212 2454; x_wconf 85' lang='lat' dir='ltr'><strong><em>multitudini</em></strong></span> <span class='ocrx_word' id='word_1_399' title='bbox 1233 2410 1450 2460; x_wconf 66' lang='lat' dir='ltr'><strong><em>concitatae,</em></strong></span> <span class='ocrx_word' id='word_1_400' title='bbox 1472 2424 1572 2465; x_wconf 79' lang='lat' dir='ltr'><strong><em>quae·</em></strong></span> 
     </span>
    </p>
   </div>
   <div class='ocr_carea' id='block_1_3' title="bbox 271 2490 1420 2525">
    <p class='ocr_par' dir='ltr' id='par_1_4' title="bbox 271 2490 1420 2525">
     <span class='ocr_line' id='line_1_42' title="bbox 271 2490 1420 2525; baseline -0.006 0"><span class='ocrx_word' id='word_1_401' title='bbox 271 2502 285 2516; x_wconf 87' lang='lat'><strong>⁰</strong></span> <span class='ocrx_word' id='word_1_402' title='bbox 306 2496 414 2525; x_wconf 74' lang='lat' dir='ltr'><strong><em>habeat</em></strong></span> <span class='ocrx_word' id='word_1_403' title='bbox 429 2495 525 2524; x_wconf 89' lang='lat' dir='ltr'><strong><em>Gron.</em></strong></span> <span class='ocrx_word' id='word_1_404' title='bbox 541 2495 630 2523; x_wconf 55' lang='lat' dir='ltr'><strong><em>(trev.</em></strong></span> <span class='ocrx_word' id='word_1_405' title='bbox 800 2499 816 2520; x_wconf 81' lang='grc' dir='ltr'>Ρ</span> <span class='ocrx_word' id='word_1_406' title='bbox 837 2498 901 2522; x_wconf 83' lang='lat' dir='ltr'><strong><em>tum</em></strong></span> <span class='ocrx_word' id='word_1_407' title='bbox 917 2493 1000 2523; x_wconf 79' lang='lat' dir='ltr'><strong>Eaed.</strong></span> <span class='ocrx_word' id='word_1_408' title='bbox 1172 2496 1187 2515; x_wconf 84' lang='lat'><strong><em>‘¹</em></strong></span> <span class='ocrx_word' id='word_1_409' title='bbox 1209 2491 1283 2520; x_wconf 81' lang='lat' dir='ltr'><strong><em>duce</em></strong></span> <span class='ocrx_word' id='word_1_410' title='bbox 1296 2495 1325 2519; x_wconf 84' lang='lat' dir='ltr'><strong><em>te</em></strong></span> <span class='ocrx_word' id='word_1_411' title='bbox 1338 2490 1420 2519; x_wconf 81' lang='lat' dir='ltr'>Eaed.</span> 
     </span>
    </p>
   </div>
   <div class='ocr_carea' id='block_1_4' title="bbox 122 2565 1559 2832">
    <p class='ocr_par' dir='ltr' id='par_1_5' title="bbox 122 2565 1559 2832">
     <span class='ocr_line' id='line_1_43' title="bbox 170 2565 1554 2609; baseline -0.01 0"><span class='ocrx_word' id='word_1_412' title='bbox 170 2577 212 2609; x_wconf 85' lang='lat'><strong><em>69</em></strong></span> <span class='ocrx_word' id='word_1_413' title='bbox 242 2575 445 2608; x_wconf 77' lang='lat' dir='ltr'><strong><em>Destitueum</em></strong></span> <span class='ocrx_word' id='word_1_414' title='bbox 466 2573 532 2603; x_wconf 80' lang='lat' dir='ltr'><strong><em>sine</em></strong></span> <span class='ocrx_word' id='word_1_415' title='bbox 554 2568 670 2608; x_wconf 79' lang='lat' dir='ltr'><strong><em>armis]</em></strong></span> <span class='ocrx_word' id='word_1_416' title='bbox 697 2568 825 2599; x_wconf 86' lang='lat' dir='ltr'><strong><em>Alludit</em></strong></span> <span class='ocrx_word' id='word_1_417' title='bbox 909 2568 1049 2603; x_wconf 17' lang='lat' dir='ltr'><strong><em>70¹¹*Der</em></strong></span> <span class='ocrx_word' id='word_1_418' title='bbox 1072 2569 1179 2606; x_wconf 80' lang='lat' dir='ltr'><strong><em>gloria</em></strong></span> <span class='ocrx_word' id='word_1_419' title='bbox 1214 2568 1270 2597; x_wconf 73' lang='lat' dir='ltr'><strong><em>vix</em></strong></span> <span class='ocrx_word' id='word_1_420' title='bbox 1299 2567 1402 2596; x_wconf 78' lang='lat' dir='ltr'><strong><em>dicere</em></strong></span> <span class='ocrx_word' id='word_1_421' title='bbox 1431 2565 1554 2605; x_wconf 78' lang='lat' dir='ltr'><strong><em>ausim]</em></strong></span> 
     </span>
     <span class='ocr_line' id='line_1_44' title="bbox 130 2610 1559 2658; baseline -0.01 -6"><span class='ocrx_word' id='word_1_422' title='bbox 130 2621 172 2653; x_wconf 80' lang='lat' dir='ltr'><strong><em>ad</em></strong></span> <span class='ocrx_word' id='word_1_423' title='bbox 189 2619 335 2651; x_wconf 82' lang='lat' dir='ltr'><strong><em>militare</em></strong></span> <span class='ocrx_word' id='word_1_424' title='bbox 361 2626 465 2658; x_wconf 86' lang='lat' dir='ltr'><strong><em>poenae</em></strong></span> <span class='ocrx_word' id='word_1_425' title='bbox 493 2625 610 2655; x_wconf 82' lang='lat' dir='ltr'><strong><em>genus,</em></strong></span> <span class='ocrx_word' id='word_1_426' title='bbox 624 2624 688 2653; x_wconf 84' lang='lat' dir='ltr'><strong><em>quo</em></strong></span> <span class='ocrx_word' id='word_1_427' title='bbox 711 2614 747 2650; x_wconf 91' lang='lat' dir='ltr'><strong><em>ii,</em></strong></span> <span class='ocrx_word' id='word_1_428' title='bbox 765 2612 821 2651; x_wconf 87' lang='lat' dir='ltr'><strong><em>qui</em></strong></span> <span class='ocrx_word' id='word_1_429' title='bbox 866 2611 1010 2642; x_wconf 80' lang='lat' dir='ltr'><strong><em>Gloriam</em></strong></span> <span class='ocrx_word' id='word_1_430' title='bbox 1028 2611 1160 2650; x_wconf 88' lang='lat' dir='ltr'><strong><em>quidem</em></strong></span> <span class='ocrx_word' id='word_1_431' title='bbox 1184 2611 1275 2640; x_wconf 86' lang='lat' dir='ltr'><strong><em>nobis</em></strong></span> <span class='ocrx_word' id='word_1_432' title='bbox 1302 2610 1466 2648; x_wconf 74' lang='lat' dir='ltr'><strong><em>integram</em></strong></span> <span class='ocrx_word' id='word_1_433' title='bbox 1489 2618 1559 2639; x_wconf 72' lang='lat' dir='ltr'><strong><em>esse</em></strong></span> 
     </span>
     <span class='ocr_line' id='line_1_45' title="bbox 130 2655 1174 2699; baseline -0.012 -4"><span class='ocrx_word' id='word_1_434' title='bbox 130 2665 203 2695; x_wconf 81' lang='lat' dir='ltr'><strong><em>loco</em></strong></span> <span class='ocrx_word' id='word_1_435' title='bbox 225 2667 405 2697; x_wconf 81' lang='lat' dir='ltr'><strong><em>cesserant,</em></strong></span> <span class='ocrx_word' id='word_1_436' title='bbox 421 2659 612 2699; x_wconf 64' lang='lat' dir='ltr'><strong><em>ignominiae</em></strong></span> <span class='ocrx_word' id='word_1_437' title='bbox 636 2666 735 2686; x_wconf 81' lang='lat' dir='ltr'><strong><em>eausa</em></strong></span> <span class='ocrx_word' id='word_1_438' title='bbox 756 2655 822 2686; x_wconf 80' lang='lat' dir='ltr'><strong><em>dis·</em></strong></span> <span class='ocrx_word' id='word_1_439' title='bbox 864 2655 916 2684; x_wconf 83' lang='lat' dir='ltr'><strong><em>vix</em></strong></span> <span class='ocrx_word' id='word_1_440' title='bbox 932 2655 1040 2685; x_wconf 82' lang='lat' dir='ltr'><strong><em>dicere</em></strong></span> <span class='ocrx_word' id='word_1_441' title='bbox 1056 2655 1174 2684; x_wconf 81' lang='lat' dir='ltr'><strong><em>ausim.</em></strong></span> 
     </span>
     <span class='ocr_line' id='line_1_46' title="bbox 129 2695 1557 2745; baseline -0.01 -7"><span class='ocrx_word' id='word_1_442' title='bbox 129 2708 232 2738; x_wconf 78' lang='lat' dir='ltr'><strong><em>cincti</em></strong></span> <span class='ocrx_word' id='word_1_443' title='bbox 248 2712 347 2745; x_wconf 83' lang='lat' dir='ltr'><strong><em>atque</em></strong></span> <span class='ocrx_word' id='word_1_444' title='bbox 361 2705 462 2734; x_wconf 79' lang='lat' dir='ltr'><strong><em>etiam</em></strong></span> <span class='ocrx_word' id='word_1_445' title='bbox 477 2698 820 2741; x_wconf 77' lang='lat' dir='ltr'><strong><em>aliquandotuuicati,</em></strong></span> <span class='ocrx_word' id='word_1_446' title='bbox 908 2701 946 2732; x_wconf 74' lang='grc' dir='ltr'><strong>Ἡ</strong></span> <span class='ocrx_word' id='word_1_447' title='bbox 977 2696 1164 2735; x_wconf 81' lang='lat' dir='ltr'><strong><em>Credamus]</em></strong></span> <span class='ocrx_word' id='word_1_448' title='bbox 1191 2696 1244 2727; x_wconf 86' lang='lat' dir='ltr'><strong><em>Sic</em></strong></span> <span class='ocrx_word' id='word_1_449' title='bbox 1275 2695 1388 2735; x_wconf 71' lang='lat' dir='ltr'><strong><em>seripzi</em></strong></span> <span class='ocrx_word' id='word_1_450' title='bbox 1419 2699 1452 2725; x_wconf 85' lang='lat' dir='ltr'><strong><em>et</em></strong></span> <span class='ocrx_word' id='word_1_451' title='bbox 1477 2699 1557 2724; x_wconf 68' lang='lat' dir='ltr'><strong><em>vett.</em></strong></span> 
     </span>
     <span class='ocr_line' id='line_1_47' title="bbox 129 2739 1330 2787; baseline -0.01 -7"><span class='ocrx_word' id='word_1_452' title='bbox 129 2750 295 2780; x_wconf 83' lang='lat' dir='ltr'><strong><em>destrictis</em></strong></span> <span class='ocrx_word' id='word_1_453' title='bbox 332 2747 462 2787; x_wconf 84' lang='lat' dir='ltr'><strong><em>gladiis,</em></strong></span> <span class='ocrx_word' id='word_1_454' title='bbox 498 2751 586 2775; x_wconf 84' lang='lat' dir='ltr'><strong><em>stare</em></strong></span> <span class='ocrx_word' id='word_1_455' title='bbox 617 2741 820 2781; x_wconf 82' lang='lat' dir='ltr'><strong><em>aliquamdiu</em></strong></span> <span class='ocrx_word' id='word_1_456' title='bbox 865 2740 958 2770; x_wconf 78' lang='lat' dir='ltr'><strong><em>editi.</em></strong></span> <span class='ocrx_word' id='word_1_457' title='bbox 1001 2739 1109 2778; x_wconf 83' lang='lat' dir='ltr'><strong><em>Vulgo</em></strong></span> <span class='ocrx_word' id='word_1_458' title='bbox 1126 2740 1301 2770; x_wconf 80' lang='lat' dir='ltr'><strong><em>credemus.</em></strong></span> <span class='ocrx_word' id='word_1_459' title='bbox 1328 2752 1330 2754; x_wconf 32' lang='lat' dir='ltr'>v</span> 
     </span>
     <span class='ocr_line' id='line_1_48' title="bbox 122 2781 1556 2832; baseline -0.011 -8"><span class='ocrx_word' id='word_1_460' title='bbox 122 2793 338 2832; x_wconf 82' lang='lat' dir='ltr'><strong><em>jubebantur.</em></strong></span> <span class='ocrx_word' id='word_1_461' title='bbox 361 2789 434 2821; x_wconf 85' lang='lat' dir='ltr'><strong><em>Vid.</em></strong></span> <span class='ocrx_word' id='word_1_462' title='bbox 457 2789 527 2820; x_wconf 89' lang='lat' dir='ltr'><strong><em>Liv.</em></strong></span> <span class='ocrx_word' id='word_1_463' title='bbox 551 2786 689 2820; x_wconf 77' lang='lat' dir='ltr'>XXVII.</span> <span class='ocrx_word' id='word_1_464' title='bbox 717 2788 764 2816; x_wconf 85' lang='lat'><strong><em>13.</em></strong></span> <span class='ocrx_word' id='word_1_465' title='bbox 787 2788 821 2814; x_wconf 82' lang='lat' dir='ltr'><strong><em>et</em></strong></span> <span class='ocrx_word' id='word_1_466' title='bbox 908 2782 975 2816; x_wconf 64' lang='lat'><strong><em>7⁶2*</em></strong></span> <span class='ocrx_word' id='word_1_467' title='bbox 989 2781 1116 2821; x_wconf 72' lang='lat' dir='ltr'><strong><em>Verius]</em></strong></span> <span class='ocrx_word' id='word_1_468' title='bbox 1143 2783 1293 2822; x_wconf 83' lang='lat' dir='ltr'><strong><em>AEquius,</em></strong></span> <span class='ocrx_word' id='word_1_469' title='bbox 1310 2781 1464 2812; x_wconf 81' lang='lat' dir='ltr'><strong><em>decorum</em></strong></span> <span class='ocrx_word' id='word_1_470' title='bbox 1487 2788 1556 2809; x_wconf 65' lang='lat' dir='ltr'><strong><em>ma-</em></strong></span> 
     </span>
    </p>
   </div>
   <div class='ocr_carea' id='block_1_5' title="bbox 126 2834 925 2872">
    <p class='ocr_par' dir='ltr' id='par_1_6' title="bbox 126 2834 925 2872">
     <span class='ocr_line' id='line_1_49' title="bbox 126 2834 925 2872; baseline -0.011 -7"><span class='ocrx_word' id='word_1_471' title='bbox 126 2836 261 2867; x_wconf 81' lang='lat' dir='ltr'><strong><em>Sueton.</em></strong></span> <span class='ocrx_word' id='word_1_472' title='bbox 280 2836 314 2866; x_wconf 86' lang='lat' dir='ltr'><strong><em>in</em></strong></span> <span class='ocrx_word' id='word_1_473' title='bbox 331 2835 415 2872; x_wconf 77' lang='lat' dir='ltr'><strong><em>Aug.</em></strong></span> <span class='ocrx_word' id='word_1_474' title='bbox 431 2843 459 2864; x_wconf 92' lang='lat' dir='ltr'><strong><em>c.</em></strong></span> <span class='ocrx_word' id='word_1_475' title='bbox 475 2834 526 2864; x_wconf 74' lang='lat'><strong><em>24.</em></strong></span> <span class='ocrx_word' id='word_1_476' title='bbox 865 2837 925 2866; x_wconf 76' lang='lat' dir='ltr'><strong><em>gis.</em></strong></span> 
     </span>
    </p>
   </div>
  </div>
 </body>
</html>
